2867 5084
464 974 611 1028 amm.
629 978 1021 1034 ιυτωικοαιωιυττιι.
1187 970 1249 1033 525

232 1125 319 1205 δόξα
346 1125 461 1205 ἀλλοις
488 1134 599 1213 γέγονε
625 1139 698 1209 τοῖς
725 1129 769 1218 μη
798 1126 901 1216 δρῶσι
928 1133 986 1221 τὴν
1015 1126 1175 1222 ἀληθειαν
1204 1132 1251 1212 είς

231 1224 372 1310 πλάνην.
493 1258 495 1264 ·

321 1328 370 1389 23.
406 1316 454 1387 Ἐν
475 1323 536 1407 γὰρ
559 1330 724 1407 Σικίμοις,
755 1332 924 1392 τουτέστιν
953 1326 986 1393 έν
1008 1330 1046 1413 τῇ
1069 1326 1249 1405 Νεαπόλει,

232 1425 360 1497 θυσίας
383 1419 414 1484 ολ
437 1419 611 1505 ἐπιχώριοι
633 1425 784 1489 τελοῦσιν
807 1423 854 1500 εἷς
872 1422 977 1506 ὄνομα
992 1428 1049 1511 τῆς
1064 1424 1169 1510 κόρης,
1195 1425 1249 1511 δη·

230 1522 299 1582 θεν
328 1516 361 1581 ἐκ
389 1518 592 1604 προφάσεως
620 1523 678 1608 τῆς
707 1520 873 1604 θυγατρὸς
897 1517 1044 1606 Ἰεφθάε,
1078 1525 1136 1609 τῆς
1168 1525 1275 1589 ποτὲὸ

229 1620 515 1701 προσενεχθείσης
535 1620 582 1702 τῷ
605 1620 676 1702 θεῷ
707 1617 754 1695 εἰς
775 1624 914 1696 θυσίας·
944 1622 996 1684 καί
1025 1628 1096 1696 τοῖς
1123 1613 1252 1706 ἠπατη·

228 1716 347 1794 μένοις
377 1715 475 1777 τοῦτο
508 1721 636 1798 γέγονεν
670 1714 716 1792 εἰς
747 1715 872 1802 βλάβην
907 1715 1159 1798 εἰδωλολατρίας
1197 1719 1250 1782 καὶ

228 1810 454 1891 κενολατρίας.
493 1808 650 1878 ἀλλὰκαὶ
674 1812 732 1901 την
754 1820 921 1897 θυγατέρα
935 1816 994 1879 τοῦ
1009 1813 1134 1898 Φαραώ
1156 1813 1253 1902 τιμή-

231 1927 342 1970 σασαν
370 1906 427 1971 τὸν
457 1909 573 1973 δοῦλον
602 1912 661 1974 τοῦ
683 1914 767 1976 θεοῦ
790 1917 955 1990 Μωυσέα,
994 1908 1189 1997 ἀνελομένην
1217 1936 1252 1977 τε

194 2005 290 2071 (ικαὶ
314 1998 564 2087 ἀναθρέψασαν,
590 2006 698 2073 διὰτὸ
714 2015 904 2094 περίφημυν
926 2007 1000 2074 τότε
1022 2013 1080 2074 τοῦ
1103 2010 1251 2086 παιδίου,
1264 2027 1291 2076 ιο

228 2095 320 2182 ὑπὲρ
349 2100 387 2165 τὸ
418 2103 491 2167 δέον
521 2103 716 2192 τιμήσαντες
744 2105 930 2191 Αίγάπτιοι
959 2101 1033 2172 ἀντὶ
1060 2110 1160 2184 θεοῦ,
1197 2109 1251 2172 καὶ

229 2201 334 2264 τοῦτο
358 2198 405 2276 είς
432 2226 530 2287 κακην
559 2204 748 2284 παράδοσιν
776 2213 847 2280 τοις
876 2200 1028 2290 ἀνοήτοις
1057 2205 1252 2318 παρέδωκαν

229 2296 284 2374 εἷς
313 2303 501 2382 θρησκείαν.
553 2324 606 2365 και
636 2303 859 2382 προσκυνοῦσι
890 2327 949 2388 την
979 2305 1161 2383 Θέρμουτιν
1194 2326 1252 2418 την

228 2400 403 2479 θυγατέρα
425 2399 483 2460 τοῦ
504 2394 709 2512 Ἀμενώφβ
698 2398 760 2475 ε’ως
781 2397 857 2463 τότε
881 2397 1016 2480 Φαραώ,
1047 2396 1172 2484 έπειδη,
1208 2393 1252 2474 ιός

226 2502 411 2575 προεῖπον,
435 2487 604 2577 ἀνέθρεψε
625 2494 683 2560 τὸν
706 2501 864 2561 Μωυσέα.
905 2498 960 2560 καὶ
982 2494 1092 2559 πολλὰ
1114 2519 1252 2560 τοιαυτα
1265 2515 1291 2564 15

228 2585 337 2673 ὅμοια
358 2596 485 2673 γέγονεν
509 2592 541 2657 έν
564 2591 676 2676 κόσμῳ
700 2593 747 2671 είς
769 2594 896 2680 πλάνην
929 2597 994 2658 τῶν
1023 2587 1250 2680 ἠπατημένων,

189 2750 193 2759 ,
227 2682 274 2754 οῦ
297 2690 363 2754 τῶν
386 2684 486 2772 ἁγίων
509 2690 753 2757 αίτίωνόντων
774 2694 862 2758 τισίν
886 2691 933 2770 εἷς
954 2690 1163 2775 πρόσκομμα,
1194 2693 1253 2778 τῆς
1351 2705 1356 2715 ’

231 2785 387 2862 διανοίας
414 2789 479 2851 τῶν
508 2781 699 2873 ἀνθρώπιον
727 2788 770 2878 μη
794 2784 990 2877 ἠρεμούσης,
1026 2782 1095 2854 ἀλλ’
1126 2787 1183 2853 ἐπὶ
1211 2787 1253 2854 τὰ

228 2882 367 2968 πονηρὰ
389 2883 633 2973 ἐκτρεπομένης.
672 2885 746 2976 η’τοι
768 2886 829 2972 γὰρ
845 2883 1015 2954 ἀπέθανεν
1037 2881 1150 2974 ηάγία
1166 2911 1253 2970 παρ-

197 2987 340 3059 υθένος
360 2983 412 3046 καὶ
436 2989 615 3063 τέθαπται,
640 2985 674 3052 έν
695 2988 774 3071 τιμῇ
798 2980 897 3074 αὐτῆς
918 2981 937 3072 ἡ
959 2990 1119 3068 κοίμησις,
1143 2987 1196 3049 καί
1220 2983 1292 3053 &rw
1307 2994 1338 3062 ,'

232 3074 349 3165 ἀγνοίᾳ
370 3074 389 3166 ἡ
412 3080 559 3169 τελευτὴ,
589 3082 643 3148 καὶ
673 3082 706 3148 έν
729 3089 899 3204 παρθενίη
929 3077 1149 3167 δστέφανος,
1178 3078 1254 3167 ἤτοι

231 3170 392 3264 ἀνῃρέθη,
416 3179 531 3257 καθως
551 3185 742 3264 γέγραπται,
773 3183 826 3245 καὶ
855 3206 926 3297 την
935 3177 1042 3264 ψυχην
1065 3172 1164 3264 σάτης
1187 3179 1254 3242 διε·

185 3272 207 3303 ‘⁸
230 3275 387 3343 λεύσεται
409 3277 574 3363 ῥομφαία·
607 3276 640 3342 έν
662 3276 823 3360 μάρτυσιν
846 3272 945 3364 αὐτῆς
967 3275 1005 3340 τὸ
1027 3276 1120 3351 κλέος
1141 3277 1196 3340 καὶ
1219 3273 1252 3340 ἔν

233 3385 459 3490 μακαρισμοῖς
480 3374 519 3439 τὸ
542 3370 634 3458 ἅγιον
658 3368 757 3463 αάτης
779 3377 884 3490 σῶμα,
909 3361 1005 3490 δίης
1022 3375 1094 3457 φῶς
1108 3365 1254 3439 ἀνέτειλε

237 3474 285 3558 τιῦ
309 3469 431 3557 κόσμῳ.
472 3469 545 3560 ἢτοι
568 3472 644 3537 δέ”
626 3493 747 3590 εμεινε·
781 3472 836 3537 καὶ
862 3471 923 3556 γάρ
947 3466 1003 3536 οὐκ
1026 3465 1180 3536 ἀδυνατεῖ
1207 3473 1292 3557 τῷιό

185 3586 189 3595 ’
233 3571 308 3656 θεῷ
340 3567 452 3634 πάντα
488 3580 598 3635 ποιεῖν
632 3565 761 3654 ὅσαπερ
794 3570 958 3653 βούλεται.
1005 3568 1044 3635 τὸ
1072 3569 1166 3648 τέλος
1193 3568 1253 3653 γὰρ

185 3660 337 3755 ’Πσῦτῆς
364 3659 472 3744 οὐδεὶς
501 3667 589 3750 έγνω.
639 3673 727 3751 πέρα
753 3670 812 3733 τοῦ
842 3669 974 3745 δέοντος
1002 3661 1040 3733 οά
1067 3667 1125 3756 χρὴ
1154 3670 1253 3749 τιμάν

235 3763 314 3842 τοὺς
343 3759 469 3849 ἆγίους,
500 3760 583 3829 ἀλλὰ
610 3768 709 3848 τιμᾶν
731 3764 788 3830 τὸν
817 3759 925 3831 αὐτῶν
948 3763 1122 3850 δεσπότην.
1168 3789 1254 3829 παυ-

185 3858 359 3931 σάσθω
380 3869 490 3928 τοίνυν
512 3857 667 3980 η’πλάνη
691 3865 757 3927 τῶν
780 3863 1049 3947 πεπλανημένων.
1095 3859 1253 3944 οὔτεγὰρ

185 3954 353 4048 ίθιὸςη
369 3965 490 4043 Μαρία
513 3957 588 4026 οάτε
610 3954 667 4026 ἀπ’
689 3954 829 4044 σι”ρσνοῦ
853 3961 970 4041 έχουσσ
991 3958 1030 4023 τὸ
1053 3961 1158 4040 σῶμα,
1183 3951 1244 4021 ἀλλ
1262 3975 1293 4027 w

195 4048 267 4127 *a
291 4057 489 4176 συλλήιίγεως
510 4051 629 4140 ἀνδρὸς
650 4057 705 4123 καὶ
727 4057 886 4141 γυναικὸς,
910 4081 970 4123 κατ
968 4050 1151 4140 έπαγγελί
1152 4079 1191 4119 αν
1138 4055 1252 4134 ίδέ,

185 4134 351 4243 {fleme
375 4153 392 4219 ὁ
413 4150 527 4232 Ἰσαὰκ,
552 4155 821 4242 οίκονομηθεῖσα
864 4161 919 4220 καί
939 4153 1054 4239 μηδεις
1077 4150 1168 4230 είς’
1149 4176 1254 4235 ονομα
1305 4173 1307 4176 ·

185 4248 355 4338 ’ὑπάτης
376 4257 604 4341 προσφερέτω.
649 4253 766 4321 ἑαυτοῦ
789 4251 851 4337 γὰρ
878 4251 936 4341 την
964 4250 1071 4338 ψυχὴν
1101 4244 1251 4331 ἀπόλλει,
