<?xml version="1.0" encoding="UTF-8"?>
<!DOCTYPE html PUBLIC "-//W3C//DTD XHTML 1.0 Transitional//EN"
    "http://www.w3.org/TR/xhtml1/DTD/xhtml1-transitional.dtd">
<html xmlns="http://www.w3.org/1999/xhtml" xml:lang="en" lang="en">
 <head>
  <title>
</title>
<meta http-equiv="Content-Type" content="text/html;charset=utf-8" />
  <meta name='ocr-system' content='tesseract 3.04.00' />
  <meta name='ocr-capabilities' content='ocr_page ocr_carea ocr_par ocr_line ocrx_word'/>
</head>
<body>
  <div class='ocr_page' id='page_1' title='image "./opera01dindgoog_0637.png"; bbox 0 0 2867 5084; ppageno 0'>
   <div class='ocr_carea' id='block_1_1' title="bbox 614 971 1258 1033">
    <p class='ocr_par' dir='ltr' id='par_1_1' title="bbox 614 971 1258 1033">
     <span class='ocr_line' id='line_1_1' title="bbox 614 971 1258 1033; baseline 0.008 -6"><span class='ocrx_word' id='word_1_1' title='bbox 614 979 698 1028; x_wconf 78' lang='grc' dir='ltr'><strong><em>συντ</em></strong></span> <span class='ocrx_word' id='word_1_2' title='bbox 717 981 885 1030; x_wconf 66' lang='lat' dir='ltr'><strong><em>mmm.</em></strong></span> <span class='ocrx_word' id='word_1_3' title='bbox 1196 971 1258 1033; x_wconf 78' lang='lat'><strong><em>579</em></strong></span> 
     </span>
    </p>
   </div>
   <div class='ocr_carea' id='block_1_2' title="bbox 185 1121 1346 4388">
    <p class='ocr_par' dir='ltr' id='par_1_2' title="bbox 205 1121 1260 1496">
     <span class='ocr_line' id='line_1_2' title="bbox 205 1121 1259 1216; baseline 0.008 -23"><span class='ocrx_word' id='word_1_4' title='bbox 205 1121 359 1209; x_wconf 77' lang='grc' dir='ltr'><strong><em>υάπαθῆ</em></strong></span> <span class='ocrx_word' id='word_1_5' title='bbox 381 1124 436 1192; x_wconf 81' lang='grc' dir='ltr'><strong><em>καὶ</em></strong></span> <span class='ocrx_word' id='word_1_6' title='bbox 459 1127 626 1207; x_wconf 91' lang='grc' dir='ltr'><strong><em>παθόντα,</em></strong></span> <span class='ocrx_word' id='word_1_7' title='bbox 656 1132 710 1195; x_wconf 82' lang='grc' dir='ltr'><strong><em>καί</em></strong></span> <span class='ocrx_word' id='word_1_8' title='bbox 733 1136 879 1216; x_wconf 76' lang='grc' dir='ltr'><strong><em>ταφέντα</em></strong></span> <span class='ocrx_word' id='word_1_9' title='bbox 901 1134 954 1197; x_wconf 83' lang='grc' dir='ltr'><strong><em>καὶ</em></strong></span> <span class='ocrx_word' id='word_1_10' title='bbox 979 1128 1175 1212; x_wconf 87' lang='grc' dir='ltr'><strong><em>ἀναστάντα,</em></strong></span> <span class='ocrx_word' id='word_1_11' title='bbox 1205 1139 1259 1201; x_wconf 85' lang='grc' dir='ltr'><strong><em>καί</em></strong></span> 
     </span>
     <span class='ocr_line' id='line_1_3' title="bbox 236 1218 1260 1312; baseline 0.009 -24"><span class='ocrx_word' id='word_1_12' title='bbox 236 1218 423 1289; x_wconf 74' lang='grc' dir='ltr'><strong><em>ἀνελθόντα</em></strong></span> <span class='ocrx_word' id='word_1_13' title='bbox 452 1223 485 1290; x_wconf 79' lang='grc' dir='ltr'><strong><em>ἕν</em></strong></span> <span class='ocrx_word' id='word_1_14' title='bbox 509 1225 603 1312; x_wconf 82' lang='grc' dir='ltr'><strong><em>δόξη,</em></strong></span> <span class='ocrx_word' id='word_1_15' title='bbox 639 1226 811 1310; x_wconf 73' lang='grc' dir='ltr'><strong><em>ἐρχόμενον</em></strong></span> <span class='ocrx_word' id='word_1_16' title='bbox 835 1238 944 1312; x_wconf 82' lang='grc' dir='ltr'><strong><em>κρίναι</em></strong></span> <span class='ocrx_word' id='word_1_17' title='bbox 972 1231 1096 1309; x_wconf 79' lang='grc' dir='ltr'><strong><em>ζῶντας</em></strong></span> <span class='ocrx_word' id='word_1_18' title='bbox 1125 1234 1179 1296; x_wconf 83' lang='grc' dir='ltr'><strong><em>καί</em></strong></span> <span class='ocrx_word' id='word_1_19' title='bbox 1208 1257 1260 1297; x_wconf 85' lang='grc' dir='ltr'><strong><em>νε-</em></strong></span> 
     </span>
     <span class='ocr_line' id='line_1_4' title="bbox 234 1313 1259 1412; baseline 0.009 -27"><span class='ocrx_word' id='word_1_20' title='bbox 234 1321 347 1404; x_wconf 81' lang='grc' dir='ltr'><strong><em>κροὺς,</em></strong></span> <span class='ocrx_word' id='word_1_21' title='bbox 383 1316 428 1398; x_wconf 77' lang='grc' dir='ltr'><strong><em>ὡς</em></strong></span> <span class='ocrx_word' id='word_1_22' title='bbox 457 1322 538 1409; x_wconf 77' lang='grc' dir='ltr'><strong><em>ἔφην</em></strong></span> <span class='ocrx_word' id='word_1_23' title='bbox 568 1323 601 1390; x_wconf 80' lang='grc' dir='ltr'><strong><em>ἐν</em></strong></span> <span class='ocrx_word' id='word_1_24' title='bbox 631 1319 790 1411; x_wconf 79' lang='grc' dir='ltr'><strong><em>ἀληθείᾳ,</em></strong></span> <span class='ocrx_word' id='word_1_25' title='bbox 827 1313 886 1389; x_wconf 67' lang='grc' dir='ltr'><strong><em>*οὗ</em></strong></span> <span class='ocrx_word' id='word_1_26' title='bbox 914 1329 973 1412; x_wconf 73' lang='grc' dir='ltr'><strong><em>τῆς</em></strong></span> <span class='ocrx_word' id='word_1_27' title='bbox 999 1329 1172 1409; x_wconf 76' lang='grc' dir='ltr'><strong><em>βασιλείας</em></strong></span> <span class='ocrx_word' id='word_1_28' title='bbox 1201 1322 1259 1394; x_wconf 76' lang='grc' dir='ltr'><strong><em>οῦκ</em></strong></span> 
     </span>
     <span class='ocr_line' id='line_1_5' title="bbox 235 1418 476 1496; baseline -0.004 -12"><span class='ocrx_word' id='word_1_29' title='bbox 235 1418 330 1484; x_wconf 72' lang='grc' dir='ltr'><strong><em>ἔσται</em></strong></span> <span class='ocrx_word' id='word_1_30' title='bbox 353 1420 476 1496; x_wconf 84' lang='grc' dir='ltr'><strong><em>τέλος.”</em></strong></span> 
     </span>
    </p>

    <p class='ocr_par' dir='ltr' id='par_1_3' title="bbox 234 1513 1282 1801">
     <span class='ocr_line' id='line_1_6' title="bbox 328 1513 1282 1607; baseline 0.008 -28"><span class='ocrx_word' id='word_1_31' title='bbox 328 1521 374 1582; x_wconf 86' lang='grc'><strong><em>18.</em></strong></span> <span class='ocrx_word' id='word_1_32' title='bbox 404 1520 469 1582; x_wconf 78' lang='grc' dir='ltr'><strong><em>Καὶ</em></strong></span> <span class='ocrx_word' id='word_1_33' title='bbox 492 1516 553 1601; x_wconf 89' lang='grc' dir='ltr'><strong><em>γὰρ</em></strong></span> <span class='ocrx_word' id='word_1_34' title='bbox 577 1517 727 1584; x_wconf 83' lang='grc' dir='ltr'><strong><em>πιστεύει</em></strong></span> <span class='ocrx_word' id='word_1_35' title='bbox 749 1513 767 1606; x_wconf 73' lang='grc' dir='ltr'><em>ἡ</em></span> <span class='ocrx_word' id='word_1_36' title='bbox 791 1517 896 1604; x_wconf 69' lang='grc' dir='ltr'><strong><em>μήτηρ</em></strong></span> <span class='ocrx_word' id='word_1_37' title='bbox 919 1514 1011 1607; x_wconf 79' lang='grc' dir='ltr'><strong><em>ἡμῶν</em></strong></span> <span class='ocrx_word' id='word_1_38' title='bbox 1035 1515 1116 1604; x_wconf 76' lang='grc' dir='ltr'><strong><em>αὕτη</em></strong></span> <span class='ocrx_word' id='word_1_39' title='bbox 1139 1516 1156 1605; x_wconf 78' lang='grc' dir='ltr'>ἡ</span> <span class='ocrx_word' id='word_1_40' title='bbox 1180 1516 1282 1605; x_wconf 72' lang='grc' dir='ltr'><strong><em>ἆγίαυ</em></strong></span> 
     </span>
     <span class='ocr_line' id='line_1_7' title="bbox 235 1609 1258 1704; baseline 0.004 -26"><span class='ocrx_word' id='word_1_41' title='bbox 235 1611 398 1698; x_wconf 68' lang='grc' dir='ltr'><strong><em>ἐκκλησία,</em></strong></span> <span class='ocrx_word' id='word_1_42' title='bbox 422 1612 477 1678; x_wconf 84' lang='grc' dir='ltr'><strong><em>καὶ</em></strong></span> <span class='ocrx_word' id='word_1_43' title='bbox 500 1610 545 1691; x_wconf 81' lang='grc' dir='ltr'><strong><em>ιός</em></strong></span> <span class='ocrx_word' id='word_1_44' title='bbox 568 1609 648 1700; x_wconf 71' lang='grc' dir='ltr'><strong><em>αῦτη</em></strong></span> <span class='ocrx_word' id='word_1_45' title='bbox 672 1611 808 1698; x_wconf 80' lang='grc' dir='ltr'><strong><em>ἀληθῶς</em></strong></span> <span class='ocrx_word' id='word_1_46' title='bbox 830 1616 1019 1704; x_wconf 64' lang='grc' dir='ltr'><strong><em>κεκήρυκται</em></strong></span> <span class='ocrx_word' id='word_1_47' title='bbox 1044 1617 1097 1682; x_wconf 84' lang='grc' dir='ltr'><strong><em>καί</em></strong></span> <span class='ocrx_word' id='word_1_48' title='bbox 1122 1612 1258 1704; x_wconf 83' lang='grc' dir='ltr'><strong><em>ἀληθῶς</em></strong></span> 
     </span>
     <span class='ocr_line' id='line_1_8' title="bbox 234 1707 1258 1801; baseline 0.007 -27"><span class='ocrx_word' id='word_1_49' title='bbox 234 1716 495 1793; x_wconf 68' lang='grc' dir='ltr'><strong><em>προστέτακται,</em></strong></span> <span class='ocrx_word' id='word_1_50' title='bbox 531 1707 584 1776; x_wconf 86' lang='grc' dir='ltr'><strong><em>ότι</em></strong></span> <span class='ocrx_word' id='word_1_51' title='bbox 611 1711 893 1798; x_wconf 62' lang='grc' dir='ltr'><strong><em>κοιμηθησόμεθα</em></strong></span> <span class='ocrx_word' id='word_1_52' title='bbox 922 1717 975 1779; x_wconf 81' lang='grc' dir='ltr'><strong><em>καὶ</em></strong></span> <span class='ocrx_word' id='word_1_53' title='bbox 999 1708 1258 1801; x_wconf 88' lang='grc' dir='ltr'><strong><em>ἀναστησόμεθα</em></strong></span> 
     </span>
    </p>

    <p class='ocr_par' dir='ltr' id='par_1_4' title="bbox 185 1804 1346 2673">
     <span class='ocr_line' id='line_1_9' title="bbox 185 1804 1257 1899; baseline 0 -23"><span class='ocrx_word' id='word_1_54' title='bbox 185 1804 296 1877; x_wconf 72' lang='grc' dir='ltr'><strong><em>ιοισίν</em></strong></span> <span class='ocrx_word' id='word_1_55' title='bbox 319 1807 448 1890; x_wconf 78' lang='grc' dir='ltr'><strong><em>στόματι</em></strong></span> <span class='ocrx_word' id='word_1_56' title='bbox 475 1808 598 1894; x_wconf 82' lang='grc' dir='ltr'><strong><em>τούτῳ,</em></strong></span> <span class='ocrx_word' id='word_1_57' title='bbox 634 1809 692 1875; x_wconf 82' lang='grc' dir='ltr'><strong><em>σὺν</em></strong></span> <span class='ocrx_word' id='word_1_58' title='bbox 723 1813 809 1896; x_wconf 76' lang='grc' dir='ltr'><strong><em>ψυχῇ</em></strong></span> <span class='ocrx_word' id='word_1_59' title='bbox 840 1810 958 1898; x_wconf 79' lang='grc' dir='ltr'><strong><em>ταῦτ-η,</em></strong></span> <span class='ocrx_word' id='word_1_60' title='bbox 994 1811 1052 1877; x_wconf 81' lang='grc' dir='ltr'><strong><em>σὺν</em></strong></span> <span class='ocrx_word' id='word_1_61' title='bbox 1080 1814 1181 1878; x_wconf 82' lang='grc' dir='ltr'><strong><em>παντὶ</em></strong></span> <span class='ocrx_word' id='word_1_62' title='bbox 1210 1815 1257 1899; x_wconf 77' lang='grc' dir='ltr'><strong><em>τῷ</em></strong></span> 
     </span>
     <span class='ocr_line' id='line_1_10' title="bbox 234 1899 1346 1995; baseline 0.008 -27"><span class='ocrx_word' id='word_1_63' title='bbox 234 1899 382 1990; x_wconf 76' lang='grc' dir='ltr'><strong><em>ἡμετέρῳ</em></strong></span> <span class='ocrx_word' id='word_1_64' title='bbox 406 1906 522 1985; x_wconf 78' lang='grc' dir='ltr'><strong><em>σκεύει,</em></strong></span> <span class='ocrx_word' id='word_1_65' title='bbox 546 1907 601 1972; x_wconf 75' lang='grc' dir='ltr'><strong><em>ἵνα</em></strong></span> <span class='ocrx_word' id='word_1_66' title='bbox 624 1907 760 1995; x_wconf 73' lang='grc' dir='ltr'><strong><em>ἕκαστρς</em></strong></span> <span class='ocrx_word' id='word_1_67' title='bbox 782 1903 937 1994; x_wconf 71' lang='grc' dir='ltr'><strong><em>ἀπολάβη</em></strong></span> <span class='ocrx_word' id='word_1_68' title='bbox 961 1906 1046 1993; x_wconf 88' lang='grc' dir='ltr'><strong><em>πρὸς</em></strong></span> <span class='ocrx_word' id='word_1_69' title='bbox 1069 1907 1256 1994; x_wconf 76' lang='grc' dir='ltr'><strong><em>ἃίπραξεν.</em></strong></span> <span class='ocrx_word' id='word_1_70' title='bbox 1343 1938 1346 1945; x_wconf 85' lang='grc'><strong>’</strong></span> 
     </span>
     <span class='ocr_line' id='line_1_11' title="bbox 235 1998 1297 2092; baseline 0.005 -27"><span class='ocrx_word' id='word_1_71' title='bbox 235 1998 371 2086; x_wconf 81' lang='grc' dir='ltr'><strong><em>ὅτιγὰρ</em></strong></span> <span class='ocrx_word' id='word_1_72' title='bbox 395 1998 575 2081; x_wconf 85' lang='grc' dir='ltr'><strong><em>ἀνάστασις</em></strong></span> <span class='ocrx_word' id='word_1_73' title='bbox 598 2008 718 2087; x_wconf 81' lang='grc' dir='ltr'><strong><em>νεκρῶν</em></strong></span> <span class='ocrx_word' id='word_1_74' title='bbox 752 2007 804 2069; x_wconf 80' lang='grc' dir='ltr'><strong><em>καὶ</em></strong></span> <span class='ocrx_word' id='word_1_75' title='bbox 835 2013 942 2089; x_wconf 88' lang='grc' dir='ltr'><strong><em>κρίσις</em></strong></span> <span class='ocrx_word' id='word_1_76' title='bbox 964 2005 1099 2085; x_wconf 82' lang='grc' dir='ltr'><strong><em>αἰώνιος</em></strong></span> <span class='ocrx_word' id='word_1_77' title='bbox 1120 2011 1174 2073; x_wconf 83' lang='grc' dir='ltr'><strong><em>καί</em></strong></span> <span class='ocrx_word' id='word_1_78' title='bbox 1196 2015 1297 2092; x_wconf 75' lang='grc' dir='ltr'><strong><em>βαι-ιο</em></strong></span> 
     </span>
     <span class='ocr_line' id='line_1_12' title="bbox 234 2095 1257 2188; baseline 0.001 -21"><span class='ocrx_word' id='word_1_79' title='bbox 234 2102 345 2167; x_wconf 84' lang='grc' dir='ltr'><strong><em>σιλεία</em></strong></span> <span class='ocrx_word' id='word_1_80' title='bbox 367 2095 514 2183; x_wconf 75' lang='grc' dir='ltr'><strong><em>ου’-ρανιῦν</em></strong></span> <span class='ocrx_word' id='word_1_81' title='bbox 537 2105 589 2166; x_wconf 80' lang='grc' dir='ltr'><strong><em>καί</em></strong></span> <span class='ocrx_word' id='word_1_82' title='bbox 614 2096 802 2178; x_wconf 86' lang='grc' dir='ltr'><strong><em>ἀνάπαυσις</em></strong></span> <span class='ocrx_word' id='word_1_83' title='bbox 830 2113 901 2180; x_wconf 79' lang='grc' dir='ltr'><strong><em>τοῖς</em></strong></span> <span class='ocrx_word' id='word_1_84' title='bbox 930 2103 1072 2180; x_wconf 87' lang='grc' dir='ltr'><strong><em>δικαίοις</em></strong></span> <span class='ocrx_word' id='word_1_85' title='bbox 1099 2107 1152 2169; x_wconf 81' lang='grc' dir='ltr'><strong><em>καί</em></strong></span> <span class='ocrx_word' id='word_1_86' title='bbox 1182 2106 1257 2188; x_wconf 89' lang='grc' dir='ltr'><strong><em>κλη-</em></strong></span> 
     </span>
     <span class='ocr_line' id='line_1_13' title="bbox 233 2192 1257 2286; baseline 0.003 -24"><span class='ocrx_word' id='word_1_87' title='bbox 233 2204 377 2281; x_wconf 88' lang='grc' dir='ltr'><strong><em>ρονομία</em></strong></span> <span class='ocrx_word' id='word_1_88' title='bbox 399 2201 529 2264; x_wconf 82' lang='grc' dir='ltr'><strong><em>πιστῶν</em></strong></span> <span class='ocrx_word' id='word_1_89' title='bbox 552 2201 603 2264; x_wconf 76' lang='grc' dir='ltr'><strong><em>καί</em></strong></span> <span class='ocrx_word' id='word_1_90' title='bbox 626 2199 724 2284; x_wconf 81' lang='grc' dir='ltr'><strong><em>χορὸς</em></strong></span> <span class='ocrx_word' id='word_1_91' title='bbox 752 2192 820 2279; x_wconf 80' lang='grc' dir='ltr'><strong><em>μετ’</em></strong></span> <span class='ocrx_word' id='word_1_92' title='bbox 847 2195 1000 2284; x_wconf 87' lang='grc' dir='ltr'><strong><em>ἀγγέλων,</em></strong></span> <span class='ocrx_word' id='word_1_93' title='bbox 1029 2202 1095 2263; x_wconf 81' lang='grc' dir='ltr'><strong><em>τῶν</em></strong></span> <span class='ocrx_word' id='word_1_94' title='bbox 1124 2226 1257 2286; x_wconf 90' lang='grc' dir='ltr'><strong><em>τετηρη-</em></strong></span> 
     </span>
     <span class='ocr_line' id='line_1_14' title="bbox 233 2291 1256 2383; baseline 0.003 -24"><span class='ocrx_word' id='word_1_95' title='bbox 233 2294 341 2360; x_wconf 84' lang='grc' dir='ltr'><strong><em>κότων</em></strong></span> <span class='ocrx_word' id='word_1_96' title='bbox 364 2293 420 2383; x_wconf 81' lang='grc' dir='ltr'><strong><em>την</em></strong></span> <span class='ocrx_word' id='word_1_97' title='bbox 444 2302 558 2371; x_wconf 85' lang='grc' dir='ltr'><strong><em>πίστιν</em></strong></span> <span class='ocrx_word' id='word_1_98' title='bbox 582 2299 633 2361; x_wconf 80' lang='grc' dir='ltr'><strong><em>καὶ</em></strong></span> <span class='ocrx_word' id='word_1_99' title='bbox 657 2294 715 2380; x_wconf 72' lang='grc' dir='ltr'><strong><em>τὴν</em></strong></span> <span class='ocrx_word' id='word_1_100' title='bbox 739 2291 869 2379; x_wconf 84' lang='grc' dir='ltr'><strong><em>ἀγνείαν</em></strong></span> <span class='ocrx_word' id='word_1_101' title='bbox 898 2299 952 2361; x_wconf 80' lang='grc' dir='ltr'><strong><em>καὶ</em></strong></span> <span class='ocrx_word' id='word_1_102' title='bbox 978 2293 1036 2383; x_wconf 81' lang='grc' dir='ltr'><strong><em>την</em></strong></span> <span class='ocrx_word' id='word_1_103' title='bbox 1060 2294 1181 2362; x_wconf 67' lang='grc' dir='ltr'><strong><em>ἐλπίδα</em></strong></span> <span class='ocrx_word' id='word_1_104' title='bbox 1203 2299 1256 2362; x_wconf 79' lang='grc' dir='ltr'><strong><em>καί</em></strong></span> 
     </span>
     <span class='ocr_line' id='line_1_15' title="bbox 232 2388 1255 2480; baseline 0.001 -23"><span class='ocrx_word' id='word_1_105' title='bbox 232 2391 295 2469; x_wconf 82' lang='grc' dir='ltr'><strong><em>τὰς</em></strong></span> <span class='ocrx_word' id='word_1_106' title='bbox 316 2396 374 2456; x_wconf 90' lang='grc' dir='ltr'><strong><em>τοῦ</em></strong></span> <span class='ocrx_word' id='word_1_107' title='bbox 390 2399 502 2475; x_wconf 83' lang='grc' dir='ltr'><strong><em>κυρίου</em></strong></span> <span class='ocrx_word' id='word_1_108' title='bbox 519 2391 661 2470; x_wconf 76' lang='grc' dir='ltr'><strong><em>ἐντολὰς,</em></strong></span> <span class='ocrx_word' id='word_1_109' title='bbox 686 2388 796 2480; x_wconf 74' lang='grc' dir='ltr'><strong><em>ἀληθῆ</em></strong></span> <span class='ocrx_word' id='word_1_110' title='bbox 820 2392 965 2458; x_wconf 77' lang='grc' dir='ltr'><strong><em>ἐστικαὶ</em></strong></span> <span class='ocrx_word' id='word_1_111' title='bbox 989 2391 1178 2479; x_wconf 76' lang='grc' dir='ltr'><strong><em>κεκήρυκται</em></strong></span> <span class='ocrx_word' id='word_1_112' title='bbox 1203 2396 1255 2459; x_wconf 82' lang='grc' dir='ltr'><strong><em>καί</em></strong></span> 
     </span>
     <span class='ocr_line' id='line_1_16' title="bbox 231 2477 1296 2576; baseline 0.005 -23"><span class='ocrx_word' id='word_1_113' title='bbox 231 2482 441 2576; x_wconf 73' lang='grc' dir='ltr'><strong><em>ἠσφάλισται</em></strong></span> <span class='ocrx_word' id='word_1_114' title='bbox 463 2493 515 2555; x_wconf 82' lang='grc' dir='ltr'><strong><em>καί</em></strong></span> <span class='ocrx_word' id='word_1_115' title='bbox 540 2497 760 2556; x_wconf 84' lang='grc' dir='ltr'><strong><em>πεπίστευται</em></strong></span> <span class='ocrx_word' id='word_1_116' title='bbox 790 2486 844 2554; x_wconf 85' lang='grc' dir='ltr'><strong><em>ότι</em></strong></span> <span class='ocrx_word' id='word_1_117' title='bbox 873 2477 987 2554; x_wconf 48' lang='grc' dir='ltr'><strong><em>((οῦτοι</em></strong></span> <span class='ocrx_word' id='word_1_118' title='bbox 1015 2485 1257 2574; x_wconf 76' lang='grc' dir='ltr'><strong><em>ἀναστήσονται</em></strong></span> <span class='ocrx_word' id='word_1_119' title='bbox 1269 2509 1296 2559; x_wconf 79' lang='grc'><strong><em>15</em></strong></span> 
     </span>
     <span class='ocr_line' id='line_1_17' title="bbox 234 2585 1257 2673; baseline 0.001 -21"><span class='ocrx_word' id='word_1_120' title='bbox 234 2585 284 2663; x_wconf 80' lang='grc' dir='ltr'><strong><em>εἰς</em></strong></span> <span class='ocrx_word' id='word_1_121' title='bbox 307 2585 389 2672; x_wconf 80' lang='grc' dir='ltr'><strong><em>ζωην</em></strong></span> <span class='ocrx_word' id='word_1_122' title='bbox 413 2586 563 2652; x_wconf 85' lang='grc' dir='ltr'><strong><em>αίιόνιον“’</em></strong></span> <span class='ocrx_word' id='word_1_123' title='bbox 596 2586 678 2653; x_wconf 82' lang='grc' dir='ltr'><strong><em>κατά</em></strong></span> <span class='ocrx_word' id='word_1_124' title='bbox 700 2587 738 2651; x_wconf 88' lang='grc' dir='ltr'><strong><em>τό</em></strong></span> <span class='ocrx_word' id='word_1_125' title='bbox 761 2591 981 2670; x_wconf 74' lang='grc' dir='ltr'><strong><em>γεγραμμένον</em></strong></span> <span class='ocrx_word' id='word_1_126' title='bbox 1006 2585 1039 2650; x_wconf 76' lang='grc' dir='ltr'><strong><em>ἓν</em></strong></span> <span class='ocrx_word' id='word_1_127' title='bbox 1069 2598 1140 2665; x_wconf 83' lang='grc' dir='ltr'><strong><em>τοῖς</em></strong></span> <span class='ocrx_word' id='word_1_128' title='bbox 1163 2585 1257 2673; x_wconf 71' lang='grc' dir='ltr'><strong><em>είταγ-</em></strong></span> 
     </span>
    </p>

    <p class='ocr_par' dir='ltr' id='par_1_5' title="bbox 203 2679 1297 3646">
     <span class='ocr_line' id='line_1_18' title="bbox 203 2679 1257 2769; baseline 0.004 -23"><span class='ocrx_word' id='word_1_129' title='bbox 203 2684 365 2769; x_wconf 79' lang='grc' dir='ltr'><strong><em>Βγελίοις.</em></strong></span> <span class='ocrx_word' id='word_1_130' title='bbox 387 2679 463 2756; x_wconf 73' lang='grc' dir='ltr'><strong><em>,ὅσα</em></strong></span> <span class='ocrx_word' id='word_1_131' title='bbox 485 2683 545 2768; x_wconf 86' lang='grc' dir='ltr'><strong><em>γὰρ</em></strong></span> <span class='ocrx_word' id='word_1_132' title='bbox 569 2685 653 2766; x_wconf 77' lang='grc' dir='ltr'><strong><em>λέγει</em></strong></span> <span class='ocrx_word' id='word_1_133' title='bbox 676 2684 732 2749; x_wconf 83' lang='grc' dir='ltr'><strong><em>καὶ</em></strong></span> <span class='ocrx_word' id='word_1_134' title='bbox 755 2680 772 2749; x_wconf 88' lang='grc' dir='ltr'><strong><em>δ</em></strong></span> <span class='ocrx_word' id='word_1_135' title='bbox 796 2679 985 2761; x_wconf 82' lang='grc' dir='ltr'><strong><em>ἀπόστολος</em></strong></span> <span class='ocrx_word' id='word_1_136' title='bbox 1013 2686 1065 2748; x_wconf 79' lang='grc' dir='ltr'><strong><em>καί</em></strong></span> <span class='ocrx_word' id='word_1_137' title='bbox 1090 2687 1199 2750; x_wconf 85' lang='grc' dir='ltr'><strong><em>πᾶσαι</em></strong></span> <span class='ocrx_word' id='word_1_138' title='bbox 1222 2686 1257 2750; x_wconf 84' lang='grc' dir='ltr'><strong><em>αί</em></strong></span> 
     </span>
     <span class='ocr_line' id='line_1_19' title="bbox 233 2776 1257 2866; baseline 0.001 -20"><span class='ocrx_word' id='word_1_139' title='bbox 233 2776 329 2864; x_wconf 80' lang='grc' dir='ltr'><strong><em>άγιαι</em></strong></span> <span class='ocrx_word' id='word_1_140' title='bbox 350 2781 476 2865; x_wconf 84' lang='grc' dir='ltr'><strong><em>γραφαὶ</em></strong></span> <span class='ocrx_word' id='word_1_141' title='bbox 499 2776 645 2862; x_wconf 88' lang='grc' dir='ltr'><strong><em>ἀληθινὰ</em></strong></span> <span class='ocrx_word' id='word_1_142' title='bbox 667 2781 825 2866; x_wconf 79' lang='grc' dir='ltr'><strong><em>τυγχάνει,</em></strong></span> <span class='ocrx_word' id='word_1_143' title='bbox 850 2781 879 2847; x_wconf 87' lang='grc' dir='ltr'><strong><em>εί</em></strong></span> <span class='ocrx_word' id='word_1_144' title='bbox 902 2784 955 2846; x_wconf 80' lang='grc' dir='ltr'><strong><em>καὶ</em></strong></span> <span class='ocrx_word' id='word_1_145' title='bbox 979 2779 1072 2865; x_wconf 84' lang='grc' dir='ltr'><strong><em>παρὰ</em></strong></span> <span class='ocrx_word' id='word_1_146' title='bbox 1089 2792 1160 2859; x_wconf 79' lang='grc' dir='ltr'><strong><em>τοῖς</em></strong></span> <span class='ocrx_word' id='word_1_147' title='bbox 1176 2777 1257 2848; x_wconf 83' lang='grc' dir='ltr'><strong><em>ἀττι-</em></strong></span> 
     </span>
     <span class='ocr_line' id='line_1_20' title="bbox 233 2873 1255 2963; baseline 0.001 -20"><span class='ocrx_word' id='word_1_148' title='bbox 233 2879 378 2963; x_wconf 79' lang='grc' dir='ltr'><strong><em>στησασι</em></strong></span> <span class='ocrx_word' id='word_1_149' title='bbox 400 2881 452 2943; x_wconf 80' lang='grc' dir='ltr'><strong><em>καὶ</em></strong></span> <span class='ocrx_word' id='word_1_150' title='bbox 477 2882 582 2956; x_wconf 75' lang='grc' dir='ltr'><strong><em>κακῶς</em></strong></span> <span class='ocrx_word' id='word_1_151' title='bbox 605 2878 792 2963; x_wconf 87' lang='grc' dir='ltr'><strong><em>νενοηκόσιν</em></strong></span> <span class='ocrx_word' id='word_1_152' title='bbox 816 2878 934 2963; x_wconf 78' lang='grc' dir='ltr'><strong><em>ἑτέρως</em></strong></span> <span class='ocrx_word' id='word_1_153' title='bbox 955 2873 1255 2962; x_wconf 74' lang='grc' dir='ltr'><strong><em>δπολαμβάνονται.</em></strong></span> 
     </span>
     <span class='ocr_line' id='line_1_21' title="bbox 233 2971 1297 3065; baseline -0.001 -25"><span class='ocrx_word' id='word_1_154' title='bbox 233 2971 315 3062; x_wconf 73' lang='grc' dir='ltr'><strong><em>ἡμῖν</em></strong></span> <span class='ocrx_word' id='word_1_155' title='bbox 338 2977 373 3040; x_wconf 78' lang='grc' dir='ltr'><strong><em>δὲ·</em></strong></span> <span class='ocrx_word' id='word_1_156' title='bbox 397 2972 477 3062; x_wconf 78' lang='grc' dir='ltr'><strong><em>αῦτη</em></strong></span> <span class='ocrx_word' id='word_1_157' title='bbox 502 2971 519 3063; x_wconf 74' lang='grc' dir='ltr'><strong><em>η</em></strong></span> <span class='ocrx_word' id='word_1_158' title='bbox 544 2982 667 3053; x_wconf 87' lang='grc' dir='ltr'><strong><em>πίστις,</em></strong></span> <span class='ocrx_word' id='word_1_159' title='bbox 699 2980 751 3043; x_wconf 80' lang='grc' dir='ltr'><strong><em>καί</em></strong></span> <span class='ocrx_word' id='word_1_160' title='bbox 781 2972 862 3062; x_wconf 85' lang='grc' dir='ltr'><strong><em>αῦτη</em></strong></span> <span class='ocrx_word' id='word_1_161' title='bbox 894 2972 913 3065; x_wconf 74' lang='grc' dir='ltr'><strong><em>η</em></strong></span> <span class='ocrx_word' id='word_1_162' title='bbox 944 2975 1021 3062; x_wconf 83' lang='grc' dir='ltr'><strong><em>τιμὴ</em></strong></span> <span class='ocrx_word' id='word_1_163' title='bbox 1050 2981 1104 3042; x_wconf 82' lang='grc' dir='ltr'><strong><em>καὶ</em></strong></span> <span class='ocrx_word' id='word_1_164' title='bbox 1134 2972 1214 3062; x_wconf 80' lang='grc' dir='ltr'><strong><em>αῦτη</em></strong></span> <span class='ocrx_word' id='word_1_165' title='bbox 1239 2973 1297 3064; x_wconf 62' lang='grc' dir='ltr'><strong><em>ἡδο</em></strong></span> 
     </span>
     <span class='ocr_line' id='line_1_22' title="bbox 231 3068 1256 3160; baseline 0.002 -24"><span class='ocrx_word' id='word_1_166' title='bbox 231 3071 340 3159; x_wconf 76' lang='grc' dir='ltr'><strong><em>μητηρ</em></strong></span> <span class='ocrx_word' id='word_1_167' title='bbox 364 3068 454 3160; x_wconf 68' lang='grc' dir='ltr'><strong><em>ἡμῶν</em></strong></span> <span class='ocrx_word' id='word_1_168' title='bbox 478 3069 494 3160; x_wconf 75' lang='grc' dir='ltr'><strong><em>ἡ</em></strong></span> <span class='ocrx_word' id='word_1_169' title='bbox 520 3072 680 3158; x_wconf 76' lang='grc' dir='ltr'><strong><em>ἐκκλησία,</em></strong></span> <span class='ocrx_word' id='word_1_170' title='bbox 705 3072 761 3139; x_wconf 82' lang='grc' dir='ltr'><strong><em>διὰ</em></strong></span> <span class='ocrx_word' id='word_1_171' title='bbox 784 3081 929 3151; x_wconf 86' lang='grc' dir='ltr'><strong><em>πίστεως</em></strong></span> <span class='ocrx_word' id='word_1_172' title='bbox 959 3073 1110 3151; x_wconf 78' lang='grc' dir='ltr'><strong><em>σώζουσα</em></strong></span> <span class='ocrx_word' id='word_1_173' title='bbox 1132 3077 1184 3138; x_wconf 83' lang='grc' dir='ltr'><strong><em>καί</em></strong></span> <span class='ocrx_word' id='word_1_174' title='bbox 1209 3069 1256 3138; x_wconf 80' lang='grc' dir='ltr'><strong><em>δι’</em></strong></span> 
     </span>
     <span class='ocr_line' id='line_1_23' title="bbox 233 3165 1258 3256; baseline -0.003 -20"><span class='ocrx_word' id='word_1_175' title='bbox 233 3170 373 3247; x_wconf 73' lang='grc' dir='ltr'><strong><em>ἐλπίδος</em></strong></span> <span class='ocrx_word' id='word_1_176' title='bbox 388 3176 605 3256; x_wconf 77' lang='grc' dir='ltr'><strong><em>κρατυνομένη</em></strong></span> <span class='ocrx_word' id='word_1_177' title='bbox 622 3173 674 3234; x_wconf 81' lang='grc' dir='ltr'><strong><em>καί</em></strong></span> <span class='ocrx_word' id='word_1_178' title='bbox 691 3165 802 3255; x_wconf 81' lang='grc' dir='ltr'><strong><em>ἀγάπη</em></strong></span> <span class='ocrx_word' id='word_1_179' title='bbox 817 3173 966 3255; x_wconf 80' lang='grc' dir='ltr'><strong><em>Χριστοῦ</em></strong></span> <span class='ocrx_word' id='word_1_180' title='bbox 982 3171 1199 3253; x_wconf 86' lang='grc' dir='ltr'><strong><em>τελειουμίνη,</em></strong></span> <span class='ocrx_word' id='word_1_181' title='bbox 1224 3168 1258 3233; x_wconf 77' lang='grc' dir='ltr'><strong><em>ἔν</em></strong></span> 
     </span>
     <span class='ocr_line' id='line_1_24' title="bbox 232 3263 1258 3353; baseline -0.004 -20"><span class='ocrx_word' id='word_1_182' title='bbox 232 3292 271 3333; x_wconf 91' lang='grc' dir='ltr'><strong><em>τε</em></strong></span> <span class='ocrx_word' id='word_1_183' title='bbox 299 3293 337 3352; x_wconf 90' lang='grc' dir='ltr'><strong><em>τη</em></strong></span> <span class='ocrx_word' id='word_1_184' title='bbox 369 3263 527 3353; x_wconf 76' lang='grc' dir='ltr'><strong><em>ὁμολογίᾳ</em></strong></span> <span class='ocrx_word' id='word_1_185' title='bbox 561 3269 594 3333; x_wconf 75' lang='grc' dir='ltr'><strong><em>ἓν</em></strong></span> <span class='ocrx_word' id='word_1_186' title='bbox 623 3292 657 3332; x_wconf 90' lang='grc' dir='ltr'><strong><em>τε</em></strong></span> <span class='ocrx_word' id='word_1_187' title='bbox 685 3278 756 3344; x_wconf 82' lang='grc' dir='ltr'><strong><em>τοῖς</em></strong></span> <span class='ocrx_word' id='word_1_188' title='bbox 783 3273 977 3349; x_wconf 89' lang='grc' dir='ltr'><strong><em>μυστηρίοις</em></strong></span> <span class='ocrx_word' id='word_1_189' title='bbox 1006 3265 1038 3329; x_wconf 77' lang='grc' dir='ltr'><strong><em>’ἐν</em></strong></span> <span class='ocrx_word' id='word_1_190' title='bbox 1068 3289 1103 3329; x_wconf 88' lang='grc' dir='ltr'><strong><em>τε</em></strong></span> <span class='ocrx_word' id='word_1_191' title='bbox 1131 3268 1170 3350; x_wconf 75' lang='grc' dir='ltr'><strong><em>τῇ</em></strong></span> <span class='ocrx_word' id='word_1_192' title='bbox 1199 3268 1258 3329; x_wconf 82' lang='grc' dir='ltr'><strong><em>τοῦ</em></strong></span> 
     </span>
     <span class='ocr_line' id='line_1_25' title="bbox 233 3357 1258 3448; baseline -0.001 -19"><span class='ocrx_word' id='word_1_193' title='bbox 233 3366 375 3448; x_wconf 81' lang='grc' dir='ltr'><strong><em>λουτροῦ</em></strong></span> <span class='ocrx_word' id='word_1_194' title='bbox 403 3371 577 3448; x_wconf 80' lang='grc' dir='ltr'><strong><em>καθαρσίῳ</em></strong></span> <span class='ocrx_word' id='word_1_195' title='bbox 608 3363 760 3447; x_wconf 88' lang='grc' dir='ltr'><strong><em>δυνάμει,</em></strong></span> <span class='ocrx_word' id='word_1_196' title='bbox 796 3360 846 3429; x_wconf 82' lang='grc' dir='ltr'><strong><em>ὅτι</em></strong></span> <span class='ocrx_word' id='word_1_197' title='bbox 881 3357 1108 3438; x_wconf 76' lang='grc' dir='ltr'><strong><em>Ηἀπελθόντες</em></strong></span> <span class='ocrx_word' id='word_1_198' title='bbox 1135 3368 1258 3446; x_wconf 71' lang='grc' dir='ltr'><strong><em>βαπτί-</em></strong></span> 
     </span>
     <span class='ocr_line' id='line_1_26' title="bbox 234 3454 1296 3546; baseline -0.004 -19"><span class='ocrx_word' id='word_1_199' title='bbox 234 3485 318 3528; x_wconf 88' lang='grc' dir='ltr'><strong><em>σατε</em></strong></span> <span class='ocrx_word' id='word_1_200' title='bbox 347 3462 394 3540; x_wconf 85' lang='grc' dir='ltr'><strong><em>είς</em></strong></span> <span class='ocrx_word' id='word_1_201' title='bbox 423 3459 527 3544; x_wconf 80' lang='grc' dir='ltr'><strong><em>ὄνομα</em></strong></span> <span class='ocrx_word' id='word_1_202' title='bbox 558 3459 685 3546; x_wconf 83' lang='grc' dir='ltr'><strong><em>πατρός</em></strong></span> <span class='ocrx_word' id='word_1_203' title='bbox 714 3470 766 3527; x_wconf 84' lang='grc' dir='ltr'><strong><em>καί</em></strong></span> <span class='ocrx_word' id='word_1_204' title='bbox 798 3460 869 3525; x_wconf 79' lang='grc' dir='ltr'><strong><em>υἱοῦ</em></strong></span> <span class='ocrx_word' id='word_1_205' title='bbox 898 3459 951 3524; x_wconf 82' lang='grc' dir='ltr'><strong><em>καὶ</em></strong></span> <span class='ocrx_word' id='word_1_206' title='bbox 983 3454 1077 3544; x_wconf 85' lang='grc' dir='ltr'><strong><em>άγίου</em></strong></span> <span class='ocrx_word' id='word_1_207' title='bbox 1110 3459 1296 3542; x_wconf 67' lang='grc' dir='ltr'><strong><em>πνεῦμα-25</em></strong></span> 
     </span>
     <span class='ocr_line' id='line_1_27' title="bbox 232 3553 1257 3646; baseline -0.001 -22"><span class='ocrx_word' id='word_1_208' title='bbox 232 3562 325 3636; x_wconf 87' lang='grc' dir='ltr'><strong><em>τος·”</em></strong></span> <span class='ocrx_word' id='word_1_209' title='bbox 348 3560 394 3637; x_wconf 83' lang='grc' dir='ltr'><strong><em>είς</em></strong></span> <span class='ocrx_word' id='word_1_210' title='bbox 417 3557 521 3643; x_wconf 89' lang='grc' dir='ltr'><strong><em>όνομα</em></strong></span> <span class='ocrx_word' id='word_1_211' title='bbox 537 3560 572 3625; x_wconf 80' lang='grc' dir='ltr'><strong><em>δὲ</em></strong></span> <span class='ocrx_word' id='word_1_212' title='bbox 596 3563 710 3646; x_wconf 68' lang='grc' dir='ltr'><strong><em>θεί’κης</em></strong></span> <span class='ocrx_word' id='word_1_213' title='bbox 732 3557 876 3643; x_wconf 90' lang='grc' dir='ltr'><strong><em>τριάδος,</em></strong></span> <span class='ocrx_word' id='word_1_214' title='bbox 900 3553 1081 3641; x_wconf 81' lang='grc' dir='ltr'><strong><em>ὀνομασίας</em></strong></span> <span class='ocrx_word' id='word_1_215' title='bbox 1095 3560 1257 3643; x_wconf 88' lang='grc' dir='ltr'><strong><em>μηδεμίαν</em></strong></span> 
     </span>
    </p>

    <p class='ocr_par' dir='ltr' id='par_1_6' title="bbox 202 3650 1299 4324">
     <span class='ocr_line' id='line_1_28' title="bbox 202 3650 1256 3742; baseline -0.003 -20"><span class='ocrx_word' id='word_1_216' title='bbox 202 3655 404 3742; x_wconf 68' lang='grc' dir='ltr'><strong><em>(ὶδιαφοράν</em></strong></span> <span class='ocrx_word' id='word_1_217' title='bbox 427 3656 571 3742; x_wconf 79' lang='grc' dir='ltr'><strong><em>ίχοάσης,</em></strong></span> <span class='ocrx_word' id='word_1_218' title='bbox 595 3650 663 3722; x_wconf 77' lang='grc' dir='ltr'><strong><em>ἀλλ’</em></strong></span> <span class='ocrx_word' id='word_1_219' title='bbox 689 3653 742 3722; x_wconf 85' lang='grc' dir='ltr'><strong><em>ότι</em></strong></span> <span class='ocrx_word' id='word_1_220' title='bbox 766 3655 846 3732; x_wconf 89' lang='grc' dir='ltr'><strong><em>θεὸς</em></strong></span> <span class='ocrx_word' id='word_1_221' title='bbox 870 3651 916 3734; x_wconf 79' lang='grc' dir='ltr'><strong><em>εἷς</em></strong></span> <span class='ocrx_word' id='word_1_222' title='bbox 939 3650 1016 3740; x_wconf 73' lang='grc' dir='ltr'><strong><em>ἡμῖν</em></strong></span> <span class='ocrx_word' id='word_1_223' title='bbox 1039 3654 1072 3720; x_wconf 75' lang='grc' dir='ltr'><strong><em>ἐν</em></strong></span> <span class='ocrx_word' id='word_1_224' title='bbox 1095 3655 1185 3740; x_wconf 80' lang='grc' dir='ltr'><strong><em>νόμην</em></strong></span> <span class='ocrx_word' id='word_1_225' title='bbox 1204 3657 1256 3720; x_wconf 85' lang='grc' dir='ltr'><strong><em>καί</em></strong></span> 
     </span>
     <span class='ocr_line' id='line_1_29' title="bbox 235 3747 1256 3842; baseline -0.006 -19"><span class='ocrx_word' id='word_1_226' title='bbox 235 3753 272 3823; x_wconf 80' lang='grc' dir='ltr'><strong><em>ἒν</em></strong></span> <span class='ocrx_word' id='word_1_227' title='bbox 300 3753 492 3842; x_wconf 77' lang='grc' dir='ltr'><strong><em>προφήταις</em></strong></span> <span class='ocrx_word' id='word_1_228' title='bbox 521 3757 573 3820; x_wconf 81' lang='grc' dir='ltr'><strong><em>καὶ</em></strong></span> <span class='ocrx_word' id='word_1_229' title='bbox 604 3752 637 3818; x_wconf 82' lang='grc' dir='ltr'><strong><em>έν</em></strong></span> <span class='ocrx_word' id='word_1_230' title='bbox 666 3749 865 3838; x_wconf 80' lang='grc' dir='ltr'><strong><em>εὐαγγελίοις</em></strong></span> <span class='ocrx_word' id='word_1_231' title='bbox 898 3755 949 3819; x_wconf 82' lang='grc' dir='ltr'><strong><em>καὶ</em></strong></span> <span class='ocrx_word' id='word_1_232' title='bbox 982 3752 1015 3817; x_wconf 84' lang='grc' dir='ltr'><strong><em>ίν</em></strong></span> <span class='ocrx_word' id='word_1_233' title='bbox 1044 3747 1256 3829; x_wconf 88' lang='grc' dir='ltr'><strong><em>ἀποστόλοις,</em></strong></span> 
     </span>
     <span class='ocr_line' id='line_1_30' title="bbox 234 3847 1257 3938; baseline -0.005 -20"><span class='ocrx_word' id='word_1_234' title='bbox 234 3851 272 3918; x_wconf 75' lang='grc' dir='ltr'><strong><em>ἐν</em></strong></span> <span class='ocrx_word' id='word_1_235' title='bbox 300 3853 431 3938; x_wconf 78' lang='grc' dir='ltr'><strong><em>παλαιᾷ</em></strong></span> <span class='ocrx_word' id='word_1_236' title='bbox 461 3855 513 3919; x_wconf 82' lang='grc' dir='ltr'><strong><em>καὶ</em></strong></span> <span class='ocrx_word' id='word_1_237' title='bbox 544 3853 638 3936; x_wconf 72' lang='grc' dir='ltr'><strong><em>καινῇ</em></strong></span> <span class='ocrx_word' id='word_1_238' title='bbox 668 3851 811 3938; x_wconf 85' lang='grc' dir='ltr'><strong><em>διαθηκη</em></strong></span> <span class='ocrx_word' id='word_1_239' title='bbox 841 3849 1028 3938; x_wconf 69' lang='grc' dir='ltr'><strong><em>κεκήρυκται</em></strong></span> <span class='ocrx_word' id='word_1_240' title='bbox 1058 3853 1110 3914; x_wconf 82' lang='grc' dir='ltr'><strong><em>καί</em></strong></span> <span class='ocrx_word' id='word_1_241' title='bbox 1140 3847 1257 3935; x_wconf 80' lang='grc' dir='ltr'><strong><em>κατήγ-</em></strong></span> 
     </span>
     <span class='ocr_line' id='line_1_31' title="bbox 234 3943 1299 4034; baseline -0.002 -20"><span class='ocrx_word' id='word_1_242' title='bbox 234 3949 365 4034; x_wconf 84' lang='grc' dir='ltr'><strong><em>γελται,</em></strong></span> <span class='ocrx_word' id='word_1_243' title='bbox 400 3949 510 4032; x_wconf 66' lang='grc' dir='ltr'><strong><em>πατέρ</em></strong></span> <span class='ocrx_word' id='word_1_244' title='bbox 544 3948 598 4013; x_wconf 82' lang='grc' dir='ltr'><strong><em>καὶ</em></strong></span> <span class='ocrx_word' id='word_1_245' title='bbox 633 3946 704 4024; x_wconf 85' lang='grc' dir='ltr'><strong><em>υίὸς</em></strong></span> <span class='ocrx_word' id='word_1_246' title='bbox 736 3950 790 4012; x_wconf 82' lang='grc' dir='ltr'><strong><em>καί</em></strong></span> <span class='ocrx_word' id='word_1_247' title='bbox 824 3943 917 4031; x_wconf 77' lang='grc' dir='ltr'><strong><em>ἅγιον</em></strong></span> <span class='ocrx_word' id='word_1_248' title='bbox 951 3949 1096 4028; x_wconf 79' lang='grc' dir='ltr'><strong><em>πνεῦμα,</em></strong></span> <span class='ocrx_word' id='word_1_249' title='bbox 1133 3944 1177 4028; x_wconf 79' lang='grc' dir='ltr'><strong><em>μη</em></strong></span> <span class='ocrx_word' id='word_1_250' title='bbox 1207 3965 1299 4021; x_wconf 77' lang='grc' dir='ltr'><strong><em>τις3ο</em></strong></span> 
     </span>
     <span class='ocr_line' id='line_1_32' title="bbox 235 4032 1258 4132; baseline -0.008 -21"><span class='ocrx_word' id='word_1_251' title='bbox 235 4046 423 4132; x_wconf 81' lang='grc' dir='ltr'><strong><em>συναλοιφη</em></strong></span> <span class='ocrx_word' id='word_1_252' title='bbox 458 4070 541 4112; x_wconf 91' lang='grc' dir='ltr'><strong><em>ουσα</em></strong></span> <span class='ocrx_word' id='word_1_253' title='bbox 568 4039 588 4128; x_wconf 77' lang='grc' dir='ltr'><em>ἦ</em></span> <span class='ocrx_word' id='word_1_254' title='bbox 619 4043 757 4129; x_wconf 87' lang='grc' dir='ltr'><strong><em>θεότης,</em></strong></span> <span class='ocrx_word' id='word_1_255' title='bbox 796 4037 880 4108; x_wconf 87' lang='grc' dir='ltr'><strong><em>ἀλλά</em></strong></span> <span class='ocrx_word' id='word_1_256' title='bbox 912 4041 1005 4125; x_wconf 84' lang='grc' dir='ltr'><strong><em>τριὰς</em></strong></span> <span class='ocrx_word' id='word_1_257' title='bbox 1038 4032 1120 4106; x_wconf 82' lang='grc' dir='ltr'><strong><em>οῦσα</em></strong></span> <span class='ocrx_word' id='word_1_258' title='bbox 1154 4037 1258 4118; x_wconf 87' lang='grc' dir='ltr'><strong><em>όντως</em></strong></span> 
     </span>
     <span class='ocr_line' id='line_1_33' title="bbox 234 4135 1257 4227; baseline -0.007 -19"><span class='ocrx_word' id='word_1_259' title='bbox 234 4143 361 4220; x_wconf 87' lang='grc' dir='ltr'><strong><em>τελεία,</em></strong></span> <span class='ocrx_word' id='word_1_260' title='bbox 399 4145 524 4220; x_wconf 81' lang='grc' dir='ltr'><strong><em>τέλειος</em></strong></span> <span class='ocrx_word' id='word_1_261' title='bbox 564 4137 580 4205; x_wconf 89' lang='grc' dir='ltr'><strong><em>ό</em></strong></span> <span class='ocrx_word' id='word_1_262' title='bbox 618 4139 744 4227; x_wconf 72' lang='grc' dir='ltr'><strong><em>πατὴρ,</em></strong></span> <span class='ocrx_word' id='word_1_263' title='bbox 784 4141 908 4218; x_wconf 85' lang='grc' dir='ltr'><strong><em>τέλειος</em></strong></span> <span class='ocrx_word' id='word_1_264' title='bbox 946 4135 963 4203; x_wconf 89' lang='grc' dir='ltr'><strong><em>ό</em></strong></span> <span class='ocrx_word' id='word_1_265' title='bbox 1003 4137 1086 4215; x_wconf 84' lang='grc' dir='ltr'><strong><em>υίὸς,</em></strong></span> <span class='ocrx_word' id='word_1_266' title='bbox 1132 4137 1257 4201; x_wconf 86' lang='grc' dir='ltr'><strong><em>τέλειον</em></strong></span> 
     </span>
     <span class='ocr_line' id='line_1_34' title="bbox 234 4221 1257 4324; baseline -0.007 -18"><span class='ocrx_word' id='word_1_267' title='bbox 234 4238 276 4306; x_wconf 84' lang='grc' dir='ltr'><strong><em>τὸ</em></strong></span> <span class='ocrx_word' id='word_1_268' title='bbox 308 4243 440 4324; x_wconf 85' lang='grc' dir='ltr'><strong><em>πνεῦμα</em></strong></span> <span class='ocrx_word' id='word_1_269' title='bbox 475 4239 513 4306; x_wconf 88' lang='grc' dir='ltr'><strong><em>τὸ</em></strong></span> <span class='ocrx_word' id='word_1_270' title='bbox 542 4234 651 4323; x_wconf 83' lang='grc' dir='ltr'><strong><em>άγιον,</em></strong></span> <span class='ocrx_word' id='word_1_271' title='bbox 688 4244 750 4322; x_wconf 89' lang='grc' dir='ltr'><strong><em>μία</em></strong></span> <span class='ocrx_word' id='word_1_272' title='bbox 784 4236 921 4324; x_wconf 88' lang='grc' dir='ltr'><strong><em>θεότης,</em></strong></span> <span class='ocrx_word' id='word_1_273' title='bbox 962 4230 1009 4313; x_wconf 78' lang='grc' dir='ltr'><strong><em>εἷς</em></strong></span> <span class='ocrx_word' id='word_1_274' title='bbox 1041 4231 1140 4312; x_wconf 87' lang='grc' dir='ltr'><strong><em>θεὸς,</em></strong></span> <span class='ocrx_word' id='word_1_275' title='bbox 1178 4221 1205 4319; x_wconf 78' lang='grc' dir='ltr'><em>ᾦ</em></span> <span class='ocrx_word' id='word_1_276' title='bbox 1239 4228 1257 4319; x_wconf 75' lang='grc' dir='ltr'>ἡ</span> 
     </span>
    </p>

    <p class='ocr_par' dir='ltr' id='par_1_7' title="bbox 1051 4338 1106 4388">
     <span class='ocr_line' id='line_1_35' title="bbox 1051 4338 1106 4388; baseline -0.018 0"><span class='ocrx_word' id='word_1_277' title='bbox 1051 4338 1106 4388; x_wconf 73' lang='grc' dir='ltr'><strong><em>θλ*</em></strong></span> 
     </span>
    </p>
   </div>
   <div class='ocr_carea' id='block_1_3' title="bbox 0 0 1438 5084">
    <p class='ocr_par' dir='ltr' id='par_1_8' title="bbox 0 0 1438 5084">
     <span class='ocr_line' id='line_1_36' title="bbox 0 0 1438 5084; baseline 0 1"><span class='ocrx_word' id='word_1_278' title='bbox 0 0 1438 5084; x_wconf 95' lang='lat' dir='ltr'><strong><em> </em></strong></span> 
     </span>
    </p>
   </div>
  </div>
 </body>
</html>
