2867 5084
575 986 696 1040 τινιιι.
716 992 951 1043 υτκττιικοι.
1216 990 1272 1052 131

251 1135 360 1203 ίδόκει
395 1137 428 1202 δὲ
460 1145 513 1202 καὶ
547 1133 565 1202 ό
599 1142 765 1220 Μελίτιος
798 1146 864 1208 τῶν
896 1144 980 1211 κατὰ
1008 1145 1066 1232 τὴν
1094 1150 1272 1235 A5yvmov

250 1236 423 1320 προόκων,
453 1238 506 1300 καὶ
537 1236 734 1322 δευτερεύων
764 1242 812 1324 τιό
837 1245 952 1327 Πέτρῳ
977 1245 1061 1310 κατὰ
1082 1247 1142 1332 τὴν
1164 1243 1274 1332 άρχιε·

249 1332 438 1420 πισκοπην,
463 1330 509 1412 ὡς
530 1329 572 1399 δι’
598 1329 807 1422 ἀντιλήψεως
829 1332 930 1402 αότοῦ
951 1339 1060 1423 χάριν,
1091 1338 1147 1409 ὑπ’
1172 1341 1272 1412 αὐτόν

251 1425 350 1496 δὲ
321 1457 383 1508 ων,
420 1433 473 1495 καὶ
513 1428 564 1497 ίντ’
600 1427 699 1498 αι’·τόν
731 1433 773 1498 τό
803 1434 1053 1520 ίκκλησιαστικά
1085 1435 1270 1528 άναφέρων.

249 1531 349 1592 τοῦτο
372 1527 432 1613 γάρ
456 1529 538 1606 ἔθος
559 1527 646 1607 ἐστὶ,
668 1529 727 1595 τὸν
750 1530 783 1596 έν
806 1535 845 1617 τῇ
865 1527 1137 1621 Ἀ)λεξανδρείᾳ
1119 1547 1295 1619 ameni-s

250 1648 379 1691 σκοπον
401 1624 511 1708 πάσης
533 1651 569 1691 τε
590 1626 770 1744 Αἰγύπτου
792 1584 845 1693 κάλ
871 1632 1040 1713 Θηβαΐδος
1061 1635 1271 1716 δίαραιιίτου

249 1749 287 1789 τε
308 1725 362 1788 καί
379 1721 471 1808 Λιβό
463 1748 520 1809 ης,
541 1718 618 1805 Ἀμι
619 1728 782 1810 ιωνιακῆς,
809 1727 1050 1809 Μαραιιότιδός
1064 1734 1168 1796 τεκαὶ
1185 1738 1272 1798 Πεν-

249 1820 476 1898 ταπόλεως,”
458 1845 542 1902 εχειν
563 1819 622 1908 την
638 1821 904 1908 ἐκκλησιαστικην
921 1826 1092 1941 διοίκησιν.
1124 1818 1252 1894 ἐπεὶ
1214 1852 1271 1894 οιν

250 1920 498 2004 συλληφθέντες
520 1906 614 1983 οὗτοι
635 1918 759 1996 πάντες
776 1929 961 2003 μαρτυρίου
981 1923 1076 2008 χάριν
1100 1924 1190 1990 ἐν
1150 1951 1181 1990 τι
1179 1950 1271 2013 ηφυ·

220 2018 333 2102 ελακῇ
357 2016 535 2100 ἔπραττον,
563 2016 670 2133 χρόνῳ
694 2015 729 2082 55
752 2016 851 2100 ίκανιν
875 2017 1051 2101 ἐπέμειναν
1072 2022 1277 2107 καθειργμέ-
1255 2040 1310 2091 -w

249 2138 313 2180 νον.
357 2112 452 2178 ἄλλοι
478 2114 515 2179 δὲ
537 2112 605 2197 πρὸ
627 2108 736 2178 αὐτῶν
759 2080 1010 2197 παραδοθέντες
1032 2117 1269 2206 ἐμαρτύρησαν,

246 2211 305 2277 καὶ
333 2211 372 2276 τό
400 2213 494 2288 τέλος
514 2214 573 2276 τοῦ
594 2217 713 2295 βραθεί
714 2235 753 2276 ου
776 2206 982 2298 άπείληφαν,
1013 2217 1067 2279 καί
1091 2215 1271 2303 ἐκοιμήθη-

249 2332 323 2375 σαν.
368 2298 460 2373 οὗτοι
488 2303 577 2374 δὲ’
553 2333 598 2385 ως
627 2303 823 2391 άκραίμονες
853 2311 906 2373 καί
930 2310 1061 2392 μείζους
1083 2311 1270 2396 είσόστερον

247 2406 433 2492 ίτηροῖιντο.

335 2510 364 2568 2.
397 2504 460 2567 Καὶ
491 2500 607 2588 ἐπειδὴ
635 2504 735 2566 τινῶν
756 2503 816 2582 μέν
838 2503 1132 2589 μαρτυρησάντων,
1163 2503 1271 2571 ἄλλων
1283 2522 1310 2573 15

248 2602 285 2667 δὲ
314 2603 373 2666 τοῦ
394 2605 576 2683 μαρτυρίου
599 2599 805 2665 ἐκπεσόντων
813 2649 822 2677 ,
852 2602 906 2664 καὶ
928 2599 987 2686 την
1010 2595 1269 2687 άθεμιτουργίαν

246 2701 308 2784 τῆς
335 2701 402 2762 τῶν
431 2697 576 2762 είδιόλων
605 2702 786 2782 θρησκείας
815 2696 1012 2779 πραξάντων
1041 2698 1074 2763 οί
1096 2694 1164 2764 κατ’
1189 2695 1270 2765 άνά-

246 2821 326 2882 γκην
347 2797 401 2860 καί
424 2801 549 2860 θυσίαν
571 2793 755 2880 ἐφήψαντο.
786 2794 1040 2876 παραπεσόντος
1062 2785 1119 2861 οόν
1135 2799 1187 2863 καὶ
1205 2797 1269 2862 θό-

247 2916 367 2970 σαντες
388 2895 441 2958 καὶ
464 2890 673 2975 παραβάντες
696 2890 894 2976 προσῆλθον
912 2901 984 2969 τοῖς
999 2888 1217 2978 ὁμολογηταῒς
1231 2918 1268 2962 τε

245 2989 305 3056 καὶ
325 2989 502 3074 μάρτυσιν,
527 2984 621 3064 ὅπως
642 2988 783 3068 τύχωσιν
806 2986 917 3064 ίλίους
940 2987 997 3054 διὰ
1017 2998 1210 3072 μετανοίας,
1234 2992 1307 3062 οίω

245 3089 309 3172 μὲν
332 3082 401 3152 άπὸ
424 3087 636 3169 στρατιωτῶν
659 3080 760 3161 ὄντες,
785 3083 816 3148 οί
840 3084 876 3149 δέ
900 3080 969 3149 άπὸ
984 3086 1143 3171 κληρικιόν
1159 3082 1266 3172 όπάρ-

212 3209 232 3259 υ
242 3206 360 3269 χοντες
381 3181 545 3271 διαφόρου
566 3182 696 3267 κλήρου,
720 3186 960 3265 πρεσβυτερίου
978 3185 1081 3248 τεκαὶ
1099 3185 1227 3249 διακονί
1214 3191 1268 3264 ίας

245 3285 302 3348 καὶ
334 3279 458 3358 άλλων,
488 3287 614 3367 κίνησις
642 3275 814 3364 ίγίνετο’
796 3277 859 3343 ανόι
880 3283 983 3362 μέσον
1004 3282 1071 3345 τῶν
1092 3305 1199 3364 μαρτι
1201 3305 1267 3364 ρων

244 3382 303 3446 καὶ
325 3379 466 3462 τάραχος
488 3372 546 3460 οόχ
568 3372 586 3441 δ
607 3375 722 3459 τυχὼν,
745 3378 811 3442 τῶν
832 3375 893 3458 μὲν
908 3375 1069 3460 λεγόντων
1084 3377 1161 3456 τοὺς
1176 3374 1270 3458 ἅπαξ

246 3474 509 3558 παραπεσόντας
530 3477 583 3541 καὶ
608 3470 851 3561 ἀρνησαμένους
872 3475 925 3538 καλ
950 3473 984 3538 ἐν
1003 3469 1208 3560 άνδρειότητι
1223 3475 1308 3563 μηνσ

246 3578 532 3657 παραμείναντας,
566 3572 650 3658 μηδὲ
677 3565 958 3656 ἀγωνισαμένους,
991 3597 1035 3658 μη
1065 3573 1133 3639 δεῖν
1157 3568 1269 3653 ἀξιοῦ-

245 3677 336 3738 σθαι
359 3669 406 3747 είς
425 3668 618 3752 μετάνοιαν,
646 3669 702 3734 ίνα
722 3667 766 3754 μὴ
789 3669 842 3733 καὶ
867 3666 899 3732 σί
923 3667 971 3733 515
994 3671 1268 3755 περιλειφθέντες

243 3770 386 3837 ἔλαττον
408 3773 644 3855 φροντίσαντες
665 3768 723 3852 τῆς
744 3763 931 3848 ἐπιτιμίας,
956 3764 1012 3830 διὰ
1033 3763 1092 3853 την
1113 3766 1268 3852 τοιαότην

243 3869 378 3933 θᾶττον
399 3869 572 3950 γενομένην
595 3858 709 3940 αι’ποίς
731 3860 950 3947 σιγχώρηοιν,
980 3861 1185 3945 ἒκτραπιῦσι,
1212 3865 1266 3929 καί

243 3963 298 4042 εἰς
329 3961 591 4083 έπαρνησιθεΐαν
611 3963 665 4026 καί
689 3953 909 4075 άθεμιτουργί
910 3982 949 4021 αν
973 3952 1185 4046 Ἑλληνισμοῦ
1216 3960 1264 4026 55·
1276 3970 1308 4023 ευ

242 4067 353 4128 θωσι.
382 4046 477 4125 καί
456 4086 497 4176 ην
520 4055 653 4143 εόλογον
675 4054 714 4120 τὸ
736 4078 806 4136 παρ
839 4048 948 4119 αὐτῶν
969 4058 1035 4120 τῶν
1058 4051 1269 4143 όμολογητῶν

183 4156 435 4244 τιελεγόμενον.
477 4145 563 4241 ἦσαν
592 4155 628 4220 δέ
656 4153 689 4218 οί
717 4153 815 4216 τοῦτο
844 4150 993 4233 λέγοντες
1020 4154 1185 4231 Μελίτιος
1212 4156 1266 4222 καί

243 4252 383 4343 Πηλεὺς
413 4259 470 4320 καί
496 4274 583 4330 τινες
615 4248 713 4316 ἄλλοι
744 4249 880 4324 πλείους
911 4246 978 4311 τῶν
1009 4248 1183 4332 μαρτύρων
1212 4254 1266 4318 καὶ

1078 4357 1115 4403 0⁸

1215 4530 1362 4664 t·
