2867 5084
242 922 305 983 436
468 933 674 981 οπιοιαιον
690 933 786 983 κατι
804 932 993 980 mmm
1008 934 1037 1006 ο.

242 1093 409 1169 γεννητοῖς
431 1082 600 1169 διαμονῆς.
645 1082 674 1148 εί
697 1083 733 1148 δὲ
754 1081 796 1164 μί
822 1080 912 1148 ἔστιν
941 1075 1057 1158 οὐσίας
1084 1077 1258 1168 δηλωτικὸν

242 1181 281 1246 τὸ
304 1174 487 1266 ἀγέννητον,
510 1179 622 1246 πόθεν
645 1175 685 1245 ἀν
706 1175 727 1265 η
749 1183 815 1244 τῶν
831 1182 992 1264 γεννητῶν
1016 1178 1118 1264 φάσις
1140 1180 1204 1257 ἕξει
1226 1177 1278 1245 15c

245 1277 491 1357 διασώζεσθαις

321 1369 522 1460 Ἀνατροπή.
551 1380 682 1456 Πρέπει
697 1377 801 1459 λέγειν
823 1400 875 1439 και
867 1370 1067 1493 ὁμολογεῖν
1090 1377 1145 1439 καὶ
1163 1370 1261 1451 οἱτως

216 1469 442 1554 σκατέχειν,(
431 1497 484 1538 οτι
506 1472 617 1557 πάσης
640 1472 771 1559 φάσεως
799 1467 951 1554 ὑπερέχει
975 1468 993 1535 5
1016 1472 1259 1556 παντοκράτωρ,

242 1569 278 1649 ἐξ
242 1560 403 1654 εσῦπερ
426 1566 504 1654 ἡμῖν
529 1565 546 1634 5
568 1569 745 1654 μονογενὴς
728 1564 1016 1655 ςάνεκδιηγητως
1050 1564 1259 1654 προηίθεν
1245 1595 1260 1633 ο

240 1667 324 1744 θεὸς
347 1667 443 1750 λόγος
465 1671 518 1733 καὶ
540 1667 579 1730 τὸ
603 1664 696 1752 άγιον
720 1661 819 1731 αὐτοῦ
844 1670 983 1749 πνεῦμα.
1017 1671 1071 1732 καὶ
1088 1667 1146 1733 διὰ
1167 1670 1259 1731 τοῦτο

240 1759 402 1849 ἀσφαλῶς
424 1759 462 1828 οὐ
485 1769 592 1829 κτίσιν
613 1765 789 1848 θεολογοάη
792 1790 847 1840 ιεν,
876 1764 931 1829 ἵνα
953 1790 997 1849 μη
1020 1769 1259 1847 μωρανθῶμεν.

240 1886 299 1944 την
323 1861 358 1923 δὲ
380 1856 524 1974 δπερβαί
526 1884 645 1926 νοοσαν
666 1865 779 1927 πάσαν
803 1861 903 1946 φάσιν
926 1860 1046 1943 τριάδα
1069 1863 1108 1927 δσ
1111 1863 1259 1946 ξολογσῦ-

204 1977 310 2039 λομεν,
335 1955 407 2022 οἷὸν
430 1956 489 2021 σὺν
513 1960 625 2041 πατρὶ,
650 1961 703 2024 καὶ
726 1958 765 2023 τὸ
783 1955 877 2042 ἀγιον
893 1954 994 2024 αὐτοῦ
1011 1962 1153 2041 πνεῦμα,
1178 1956 1259 2025 διότι

242 2050 416 2139 ἀγέννητον
444 2053 499 2119 καὶ
528 2051 692 2120 ἀκτιστον.
739 2055 854 2141 ἐπειδη
882 2055 943 2140 γάρ
972 2053 1048 2122 οὔτε
1076 2053 1179 2141 άλλης
1201 2055 1276 2143 (γά-η

240 2175 325 2228 σεως
349 2147 366 2214 5
388 2150 574 2236 μονογενὴς,
599 2156 651 2217 καὶ
675 2152 714 2217 τὸ
737 2149 830 2235 ἀγισν
854 2157 994 2235 πνεῦμα,
1018 2147 1104 2219 ἀλλὰ
1127 2153 1258 2231 θεὸςέκ

239 2251 334 2325 θεοῦ,
358 2250 411 2312 καὶ
436 2251 509 2334 φῶς
530 2249 565 2315 ἐκ
588 2249 709 2337 φωτὸς,
741 2249 798 2314 σὺν
821 2254 868 2332 τῷ
893 2251 1139 2335 παντοκράτορι
1163 2249 1259 2334 πατρὶ

240 2345 295 2410 καὶ
318 2339 416 2422 αδτὸς
440 2342 457 2411 5
479 2348 657 2432 μονογενὴς
690 2347 927 2431 παντονράτωρ
957 2342 1111 2425 ἀκούσας,
1145 2345 1190 2426 ῶς
1211 2351 1258 2413 καί

204 2459 232 2509 15
242 2446 360 2529 σαφῶς
383 2443 448 2524 ἕχει
470 2440 488 2530 ἡ
512 2452 593 2511 θεία
615 2442 735 2532 γραφη.
773 2441 809 2509 05
833 2445 894 2528 γὰρ
918 2439 1053 2522 ἀλλοῖός
1076 2445 1150 2511 ἐστι
1172 2445 1260 2529 παρὰ

239 2541 278 2605 τὸ
301 2543 359 2605 τοῦ
383 2541 511 2624 πατρὸς
534 2537 664 2624 ἀξίωμα
688 2538 705 2606 5
727 2541 914 2626 μονογενὴς,
938 2548 1147 2625 σομπρέπων
1167 2545 1203 2610 δὲ
1217 2546 1260 2627 τῷ

239 2641 299 2703 τοῦ
328 2638 456 2720 πατρὸς
478 2634 652 2722 ἀξιώματι,
691 2635 736 2716 ῶς
765 2641 942 2755 διαρρήδην
970 2651 1132 2724 μαρτυρεῖ
1159 2665 1219 2724 μοι
1244 2635 1260 2705 5

241 2731 334 2856 ἅγιος
362 2729 595 2811 ἀπάστολος’
581 2762 614 2801 εν
644 2737 809 2818 πνεύματι
839 2733 920 2822 ἀγίω
952 2736 1061 2823 φήσας
1090 2742 1170 2821 περὶ
1198 2742 1305 2808 τῶνε

240 2834 320 2898 υἱῶν
331 2827 508 2949 ‘15951},5⁴
513 2822 585 2898 ·ῶν”
610 2837 711 2919 φησίν
737 2830 934 2948 “ηλατρεία
956 2839 1009 2899 καὶ
1032 2835 1068 2899 αἱ
1091 2836 1259 2922 διαθηκαι,

201 2918 345 2995 λθκαὶ
319 2956 364 2995 ων
388 2930 420 2994 05
443 2936 599 3014 πατέρες,
629 2920 720 3009 ἐξ
692 2958 738 2995 ειν
762 2927 779 2995 5
802 2931 951 3013 Χριστὸς
979 2931 1018 2995 τὸ
1040 2932 1125 2999 κατὰ
1148 2937 1261 3018 σάρκα,

242 3023 260 3091 5
293 3022 338 3093 ῶν
372 3025 431 3093 ἐπὶ
462 3027 597 3092 πάντων
630 3027 712 3105 θεὸς
741 3025 915 3115 εὐλογητὸς
950 3029 996 3106 εἰς
1021 3030 1099 3109 τοὺς
1130 3031 1261 3109 αιῶνος,

239 3120 354 3211 ἀμήν.”
392 3123 449 3191 διά
477 3128 574 3189 τοῦτο
596 3125 659 3209 γὰρ
691 3129 745 3190 καὶ
774 3126 1000 3212 προσκονητὸς
1029 3122 1047 3189 5
1074 3129 1262 3215 μονογενὴς,

239 3227 292 3288 καὶ
322 3223 405 3300 θεὸς
432 3218 450 3287 5
477 3222 669 3309 μονογενὴς,
704 3226 758 3288 καὶ
787 3230 884 3289 θεῖον
914 3227 1061 3306 πνεῦμα,
1094 3226 1135 3290 τὸ
1171 3223 1263 3311 ἅγιον

240 3323 381 3403 πνεῦμα,
413 3324 470 3385 καὶ
496 3320 580 3404 μετὰ
608 3320 665 3405 τὴν
694 3316 789 3404 ἁγίαν
812 3321 932 3405 τριάδα
961 3316 1018 3386 οὐκ
1041 3322 1133 3388 ἔστιν
1156 3325 1264 3407 ἕτερος

200 3416 330 3494 νεθεάς.
363 3413 433 3482 555
455 3418 564 3502 πατὴρ
589 3417 837 3501 ποντοκράτιορ,
861 3421 915 3483 καὶ
934 3414 1148 3506 ὁμονογενης
1163 3416 1262 3487 αὐτοῦ

239 3524 323 3591 παῖς
341 3510 464 3600 Ἰησοῦς
478 3515 626 3596 Χριστὸς
649 3521 855 3598 σομπρέπων
878 3519 924 3601 τῷ
942 3519 1002 3581 τοῦ
1018 3518 1150 3601 πατρὸς
1164 3513 1264 3598 ἀξιώ-

237 3636 335 3693 ματι,
369 3613 422 3677 καὶ
456 3612 566 3697 πατὴρ
599 3613 800 3695 καλούμενος
832 3617 891 3677 τοῦ
923 3615 1102 3696 μέλλοντος
1131 3616 1262 3694 αἰῶνος,

237 3714 447 3792 ,σομπρέπων
469 3734 505 3775 τε
527 3711 580 3774 καὶ
603 3713 650 3794 τῷ
673 3706 756 3795 άγίηι
780 3704 880 3775 αὐτοῦ
903 3711 1069 3794 πνεύματι
1090 3707 1264 3792 ἀκτίστως,

239 3800 291 3872 ἀεὶ
316 3802 332 3891 ἡ
356 3805 450 3889 τριάς
473 3813 698 3894 φανεροομένη
721 3813 773 3873 καὶ
795 3815 1029 3894 γινωσκομένη,
1053 3809 1090 3888 ἐξ
1110 3799 1152 3896 ἧς
1173 3810 1305 3895 τριά-σί

199 3905 297 3980 οοδος
330 3913 402 3981 τοῖς
445 3908 531 3978 πᾶσι
574 3904 726 3988 γεγονόσι
762 3905 800 3970 τὸ
834 3907 942 3972 αἴτιον
978 3907 1121 3985 ἐ’νεστιν,
1171 3910 1265 3993 εἴπερ

239 3999 329 4065 ἐστὶν
371 3994 487 4078 οάσίας
535 3996 737 4088 ἀκραιφνοῦς
781 4006 834 4068 καὶ
879 3998 1075 4124 ἀσογκρίισο
1122 4006 1265 4093 δηλωτι-

237 4095 309 4175 κὸν,
344 4121 455 4183 πατηρ
486 4097 519 4163 ἐν
549 4099 625 4184 υἱην,
661 4098 788 4177 οἱδςέν
771 4103 929 4183 νπατρὶ,
965 4099 1024 4166 σὺν
1054 4097 1140 4219 ἀγίῳ
1164 4104 1266 4171 πνεά-

237 4217 333 4272 ματι,
367 4187 422 4317 555
448 4220 505 4281 της
534 4196 692 4280 διαμονῆς
719 4193 759 4259 τὸ
788 4189 942 4264 άΐέδιον
927 4198 961 4265 ἐν
990 4199 1089 4287 ἑαυτῇ
1113 4199 1262 4290 ἐχούσης,
