2867 5084
460 940 607 995 ιωσι.
625 942 1017 995 mmmmm.
1111 898 1113 902 ⁵
1187 932 1250 995 509

230 1093 294 1178 τήν
314 1088 444 1179 ήλικίαν
465 1100 517 1172 τίς
538 1091 609 1161 ἐστι
630 1093 760 1209 μείζων..
795 1088 813 1158 6
835 1092 907 1210 γὰρ
915 1089 1036 1192 Ἰησοῦς
1051 1099 1250 1181 σταυροῦται

233 1189 309 1256 δι”
292 1215 358 1257 ετει
380 1195 563 1277 τριακοστῷ
594 1197 694 1278 τρίτῳ
721 1193 779 1277 τῆς
807 1187 907 1256 αὐτοῦ
936 1185 1093 1276 ἐνσάρκου
1122 1218 1250 1277 παρου-

233 1295 320 1366 σίας,
356 1291 415 1353 τοῦ
444 1289 479 1353 δὲ
499 1279 688 1373 Ἡρώδου
669 1316 707 1375 ην
729 1282 802 1354 κατ’
827 1287 931 1355 ἐκεῖνο
959 1295 1084 1374 καιροῦ,
1112 1292 1184 1356 υλοῦ
1213 1292 1250 1357 δὲ

204 1380 418 1469 αἈργελάου,
443 1388 515 1463 ἔτος
537 1387 693 1453 εἰκοστόν.

322 1491 369 1548 10.
397 1477 445 1548 Ἐν
467 1483 528 1568 γὰρ
550 1488 596 1570 τῷ
619 1486 803 1569 τριακοστῷ
825 1490 925 1569 τρίτῳ
948 1483 1013 1549 ἔτει
1033 1487 1092 1549 τοῦ
1114 1484 1272 1568 πρώτου5

225 1576 388 1663 Ἡρώδου,
412 1580 485 1646 υἱοῦ
504 1577 736 1665 Ἀντιπάτρου,
773 1584 925 1665 γεννᾶται
953 1576 971 1645 6
994 1580 1102 1667 σωτήρ
1125 1580 1158 1647 δν
1181 1588 1249 1667 Βη-

230 1680 338 1759 θλεὲμ
360 1681 419 1763 τῆς
436 1673 604 1757 Ἰουδαίας,
637 1675 720 1763 ὅπερ
749 1668 787 1761 ἦν
812 1677 1075 1761 τεσσαρακοστὸν
1098 1679 1248 1762 δεύτερον

229 1773 433 1858 Αὐγούστου
454 1778 626 1857 βασιλέως.
664 1782 719 1842 καὶ
741 1776 886 1862 ποιήσας
900 1778 954 1863 ἔτη
973 1775 1031 1842 δύο
1047 1777 1249 1861 λαμβάνεται
1271 1772 1276 1781 ’

231 1867 301 1938 άπὸ
323 1875 380 1937 τοῦ
401 1869 521 1959 Ἰωσήφ
544 1874 589 1952 εἷς
611 1875 799 1958 Αἴγυπτον,
823 1872 880 1939 διὰ
900 1873 942 1940 τά
963 1872 1031 1940 ὑπὸ
1053 1878 1118 1940 τών
1135 1875 1249 1961 μάγων

229 1964 422 2063 τῷΙἩρώδῃ
440 1971 600 2056 εἰρημένα,
624 1976 682 2037 τοῦ
695 1967 843 2055 Ἡρώδου
866 1972 1037 2058 ζητοῦντος
1057 1973 1114 2038 τὸν
1130 1975 1247 2039 παῖδα.
1259 1995 1288 2048 ιο

229 2066 361 2134 κάτεισι
384 2069 431 2132 66·
443 2069 489 2146 εἰς
503 2070 681 2154 Αἴγυπτον
702 2072 756 2135 καὶ
779 2071 867 2135 τελεῖ
889 2070 993 2136 ἐκεῖσε
1009 2068 1093 2135 άλλα
1108 2070 1166 2136 δύο
1183 2071 1247 2158 ἔτη.

230 2163 289 2231 καὶ
309 2166 443 2250 τελευτᾷ
456 2161 603 2251 Ἡρώδης
626 2162 643 2230 6
658 2162 813 2248 βασιλεὺς
828 2166 894 2232 ἔτει
908 2170 1091 2252 τριακοστῷ
1108 2167 1248 2253 ξδδύμῳ.

185 2262 420 2344 ιηδιαδέχεται
442 2264 478 2328 66
499 2266 615 2329 τοῦτον
636 2265 810 2355 Ἀρχέλαος
838 2259 856 2328 6
886 2262 955 2341 υἱὸς
976 2261 1077 2329 αὐτοῦ
1101 2263 1159 2331 ἐπὶ
1181 2265 1250 2331 ἓτε-

231 2382 287 2426 σιν
316 2359 417 2426 ἐννέα.
464 2364 519 2425 καί
547 2357 652 2438 οὕτως
679 2357 698 2447 6
729 2368 937 2445 πραγματεία
965 2361 1157 2483 τελειοῦται,
1195 2364 1248 2428 καὶ

229 2458 457 2540 παραδίδοται
481 2461 610 2543 σταυρῷ
634 2452 900 2544 ὀκτωκαιδεκάτῳ
922 2460 981 2540 μὲν
1004 2459 1070 2525 ἔτει
1096 2465 1250 2542 Τιβερίου
1260 2483 1288 2533 15

231 2561 302 2621 Καί
289 2562 419 2637 ίσαρος,
456 2559 513 2620 τοῦ
549 2556 584 2621 δὲ
614 2550 786 2678 Ἀγρίππα
826 2555 1063 2643 ἐπικληθέντος
1095 2558 1253 2675 μεγάλοιη

227 2647 377 2736 Ἡρώδου
401 2653 436 2717 66
460 2660 627 2738 νεωτέρου,
653 2654 723 2718 6606
748 2655 783 2719 66
797 2648 1027 2737 Ἀρχελάου,”
1010 2678 1082 2732 ετος
1103 2643 1142 2740 ήν
1165 2654 1249 2720 6660-

231 2748 322 2816 στόν
362 2743 507 2831 οὐδαμοῦ
532 2746 606 2816 66'
589 2751 772 2835 ηκούσαμεν
794 2750 851 2816 τὸν
865 2747 1031 2837 Ἰωσήφ
998 2751 1089 2829 υιούς
1105 2777 1248 2834 πεποιη-

230 2845 323 2963 κάτα.
361 2841 429 2911 666²
455 2842 531 2914 0666
553 2847 636 2931 μετὰ
664 2847 702 2913 τὸ
725 2843 879 2915 666666'
861 2849 930 2914 απὸ
952 2853 1010 2935 τῆς
1031 2844 1247 2934 Αἰγύπτου
1231 2875 1248 2915 ο

231 2938 334 3021 αυτὸς
357 2942 530 3026 ε’μίωσενί
528 2947 571 3010 πὶ
595 2946 737 3024 πολλοῖς
752 2947 854 3012 66606
877 2953 1032 3031 τέταρτον
1046 2947 1108 3032 γὰρ
1123 2951 1162 3034 ήν
1177 2949 1289 3026 ἕτοςιο

230 3044 279 3126 τῷ
303 3045 437 3126 σωτῆρι,
467 3046 514 3128 τῷ
544 3045 578 3108 66
599 3037 763 3129 '166066‘
747 3046 830 3127 υπὶρ
859 3044 931 3122 ἔτος
958 3039 1175 3132 ὀγδοηκοστὸν
1197 3051 1250 3111 τέ-

231 3162 361 3222 ταρτον,
393 3135 448 3205 ὅτε
471 3140 504 3205 ἐκ
526 3144 584 3226 τῆς
605 3140 783 3225 Αἰγύπτου
810 3142 918 3225 χώρας
945 3149 1151 3228 παρεγένετο.
1195 3145 1249 3208 καὶ

202 3235 395 3317 Βδιέμεινεν
418 3235 502 3302 ἅλλα
525 3239 578 3322 666
604 3232 688 3304 ὀκτώ
712 3235 730 3302 6
746 3233 867 3324 ’ίωσήιγ
895 3239 1036 3322 περιών,
1070 3241 1125 3307 καὶ
1147 3241 1181 3308 ἐν
1202 3243 1249 3327 τῷ

232 3334 408 3419 δωδεκάτην
433 3334 495 3400 6666
520 3334 679 3401 ἀνιόντων
703 3335 759 3402 ἐπὶ
780 3332 989 3423 Ἰερουσαλήμ
1011 3337 1162 3425 ἕζητήδη,
1194 3335 1249 3406 ὅτε

230 3426 292 3514 σύχ
314 3428 484 3518 ηὑρίσκετο
508 3432 541 3498 ἐν
564 3436 602 3519 τῇ
627 3428 814 3519 ὁδοιπορίᾳ,
839 3429 884 3511 ὡς
906 3435 970 3516 ἔχει
991 3433 1030 3500 τὸ
1052 3436 1135 3502 κατὰ
1154 3445 1288 3513 on-25

230 3532 293 3595 κᾶν
323 3526 516 3614 εὐαγγέλιον.
563 3536 665 3612 μέσον
695 3532 730 3596 66
757 3530 883 3596 τούτων
911 3535 976 3599 τών
1006 3532 1087 3600 ε’τῶν
1115 3536 1248 3620 τελευτᾷ

225 3622 350 3741 Ἱωσήῷ
372 3631 424 3692 καὶ
449 3623 613 3714 ἀνετράφη
646 3623 797 3694 ούκίτι
784 3630 849 3694 ιπὸ
870 3629 927 3694 τὸν
946 3625 1075 3717 Ἰωσήφ,
1109 3626 1176 3696 ἀλλ’
1203 3634 1249 3745 665·

229 3724 291 3788 τὸν
315 3718 403 3789 οἶκον
426 3728 483 3789 τοῦ
505 3721 646 3840 ’ίιοσήιμ
682 3722 764 3793 ὅθεν
787 3722 893 3793 ούκέτι
914 3727 952 3792 τὸ
965 3724 1160 3846 εήαγγίλιον
1184 3729 1249 3814 66·

231 3843 306 3887 σκει
327 3818 455 3943 66yov‘'
437 3845 489 3887 οτι
503 3812 646 3937 66666‘
632 3847 648 3885 ο
671 3824 781 3909 πατήρ
804 3820 903 3890 αὐτοῦ
919 3824 974 3890 καὶ
988 3822 1006 3911 6
1022 3826 1131 3946 μήτηρ
1149 3820 1248 3890 αύτοῦ

230 3922 287 3986 καὶ
313 3919 345 3984 οἱ
370 3915 519 4005 ἀδελφοὶ,
544 3914 612 3984 ἀλλ’
638 3917 782 4000 *ύδούηί
765 3948 784 4006 η
806 3920 910 4007 μήτηρ
934 3946 994 3988 σου
1022 3922 1077 3988 καὶ
1099 3923 1132 3987 οἱ
1155 3917 1290 3995 άδελ-οο

231 4022 304 4104 φοί
318 4039 379 4083 σου
402 4017 500 4096 6‘56
486 4018 668 4100 εστήκασιν.
672 4014 784 4083 ”άλλ’
803 4016 920 4084 ούδὲ“
902 4043 956 4085 οτε
979 4021 1087 4104 ἔλεγον
1110 4014 1248 4104 αύτώίν

230 4138 273 4201 τη
258 4109 461 4201 Ἰδουμαίᾳ,
476 4111 583 4194 οὐδεὶς
598 4119 701 4181 ταῦτα
716 4120 824 4181 ποιῶν
840 4115 963 4182 θίλει’
950 4142 983 4183 εν
998 4119 1131 4201 κρυπτῷ
1148 4112 1248 4184 εἶναι

199 4212 266 4288 6:66
279 4215 384 4279 ταῦτα
399 4224 518 4292 ποιεῖς,
536 4219 728 4301 φανέρωσον
744 4213 892 4295 σεαυτὸν,
908 4211 966 4281 ούκ
981 4209 1073 4283 εἶπεν
1089 4209 1140 4281 ὅτι
1155 4210 1248 4284 εἶπεν
1280 4253 1289 4268 -
