2867 5084
481 1021 575 1074 ιιωι.
595 1024 793 1074 mmmm
1113 1015 1153 1077 79

101 1172 246 1243 Βέλθῶν
275 1179 478 1260 προσφέρειν
507 1169 672 1261 ἠνάγκαζε.
716 1181 904 1259 καθαρίσας
932 1177 993 1260 γὰρ
1022 1177 1080 1242 τόν
1102 1180 1155 1244 λε-

131 1271 221 1355 πρὸν
244 1270 302 1336 τὸν
325 1271 358 1337 έν
380 1273 427 1356 τῷ
450 1271 539 1357 νόμην
561 1278 728 1358 γραφέντα
750 1269 805 1339 ὐπ’
824 1269 924 1339 αὐτοῦ
951 1276 1156 1362 λαλήσαντες

130 1369 170 1435 τὸ
202 1369 236 1435 ἒν
264 1372 312 1453 τῷ
336 1366 426 1455 νόμῳ
448 1368 681 1436 ἐπιτελεῖσθαι
703 1371 819 1455 δῶρον,
845 1368 1026 1439 ἀπελθών
1049 1396 1155 1456 προσ-

130 1472 243 1551 ένεγκε
262 1465 303 1531 τό
326 1464 433 1550 δῶρόν
455 1469 610 1553 σσυ,”τη”ι
633 1473 879 1552 καθαρισθίντι
899 1464 955 1533 ὐπ’
980 1465 1080 1536 αὐτοῦ
1103 1471 1155 1537 λε-

131 1567 211 1649 πρῶ
235 1563 339 1648 λέγων
362 1563 497 1642 “ναθιίις
519 1566 703 1646 προσέταξε
715 1569 892 1650 Μωυσῆς”.
930 1567 1036 1650 δῶρον
1059 1570 1093 1634 δέ
1118 1557 1179 1655 ἦτε

131 1662 191 1728 ἐπί
215 1664 273 1746 τῆς
295 1663 421 1745 λέπρας
442 1659 533 1745 ὄρνις
555 1661 603 1760 είς
619 1668 746 1727 θυσίαν
759 1666 813 1729 καὶ
830 1664 1002 1746 σεμίδαλις
1018 1664 1064 1742 είς
1080 1661 1155 1730 ὁλο-

130 1758 307 1825 καύτωσιν.
340 1756 369 1824 εί
392 1759 428 1824 δὲ
450 1757 557 1843 δι’ρχων
578 1761 616 1846 ἦν
633 1764 692 1826 τοῦ
708 1760 854 1839 σκότους,
879 1757 937 1826 οὐκ
952 1756 992 1827 ἂν
1009 1757 1027 1826 ό
1044 1762 1154 1829 ε’λθων

130 1855 266 1924 ὐίνωθεν
289 1855 399 1940 λόγος,
429 1851 447 1920 ὃ
470 1856 542 1934 υίὸς
562 1860 621 1922 τοῦ
644 1861 745 1937 θεοῦ,
776 1854 794 1922 ὁ
817 1858 927 1925 έλθῶν
950 1859 1154 1944 ἐπιστρέψαι

129 1953 191 2020 τὸν
220 1951 404 2036 ἄνθρωπον
434 1947 502 2020 ὐπὸ
531 1953 658 2036 πλάνης
686 1959 752 2022 τῶν
781 1951 961 2040 ἀρχόντων,
991 1955 1076 2023 κατὰ
1096 1955 1153 2021 τὸν

131 2057 327 2134 Μανιχαίου
356 2049 468 2135 λόγον,
500 2045 558 2117 οὐκ
588 2046 628 2119 όίν
657 2049 848 2137 ὑποχείριον
881 2053 938 2119 τὸν
968 2048 1022 2119 ὑπ’
1053 2048 1153 2118 αὐτοῦ
1166 2071 1192 2120 ιο

132 2151 276 2216 ίαθέντα
303 2146 425 2229 λεπρδν
454 2148 675 2231 παρεσκεύαζε
706 2158 880 2235 γενέσθαι,
913 2147 997 2217 ἀλλὰ
1028 2152 1153 2235 μᾶλλον

103 2244 374 2330 ι’,παρεσκεύαζεν
397 2241 587 2329 ἀποδρᾶναι
609 2240 717 2324 αὐτὸν,
741 2251 838 2312 ταῦτα
861 2248 905 2333 μὴ
922 2248 1086 2314 ἐπιτελεῖν
1103 2249 1153 2313 δι-

131 2344 273 2412 δάσκιον.
319 2338 388 2409 ἀλλ’
414 2330 529 2429 ἐπειδὴ
558 2339 616 2409 οὐκ
643 2333 729 2430 ἦλθε
750 2346 932 2410 καταλῦσαι
960 2345 1018 2410 τὸν
1052 2345 1152 2425 νόμον

130 2437 247 2522 (αὐτὸς
274 2440 335 2526 γὰρ
364 2440 485 2508 δέδωκε
512 2439 570 2506 τὸν
598 2441 711 2525 νόμον)
741 2437 817 2508 οὐδὲ
845 2441 1037 2529 προφήτας,
1069 2436 1153 2507 ἀλλὰ

132 2541 319 2624 πληρῶσαι,
343 2539 400 2604 ἵνα
421 2538 593 2626 πλήρωσιν
616 2543 673 2604 τοῦ
697 2539 800 2623 νόμου
819 2539 874 2605 καί
888 2543 955 2604 τῶν
970 2541 1152 2626 προφητῶν
1166 2559 1192 2608 1⁵

131 2631 235 2714 αὐτός
263 2636 349 2723 δείξῃ
377 2635 416 2701 τὸ
438 2632 691 2720 ἀπερίσπαστον
714 2641 773 2703 τοῦ
797 2633 1000 2722 εὐαγγελίου,
1031 2634 1084 2703 ὅτι
1104 2639 1151 2723 τῷ

129 2738 192 2818 μὲν
222 2731 309 2820 αὐτῷ
338 2737 410 2821 θεῷ
434 2734 466 2799 σί
488 2741 662 2822 προφῆται
684 2736 948 2822 προσειόνησαν,
976 2739 1028 2801 καί
1053 2733 1153 2817 νόμος

131 2827 187 2898 ὐπ’
214 2826 315 2897 αὐτοῦ
338 2830 452 2918 έδόθη.
484 2836 540 2898 νῦν
564 2834 599 2898 δὲ
622 2828 659 2898 οὐ
683 2832 740 2899 διό
761 2838 827 2900 τῶν
850 2829 958 2899 αὐτῶν
975 2831 1090 2916 δώρων
1105 2835 1152 2917 τῷ

131 2926 223 3014 αὐτῷ
252 2933 324 3015 θεῷ
352 2928 575 3015 προσιόν-ησις
602 2932 761 3011 τελεῖται,
791 2927 875 2998 ἀλλὰ
903 2928 943 2996 δι’
969 2926 1070 3013 εὐχῶν
1098 2933 1151 2995 καί

132 3024 349 3112 εὐχαριστιῶν
380 3031 515 3113 καὶτῆς
538 3026 638 3115 ἄλλης
660 3037 896 3114 πραγματείας.
937 3030 1072 3104 ἐκείνοις
1093 3028 1191 3108 μένω

130 3125 193 3210 γὰρ
218 3120 263 3202 ῶς
287 3125 419 3204 δούλοις
440 3131 645 3209 προσέταττε
659 3126 700 3192 τὰ
713 3133 827 3211 βαρέα,
852 3126 938 3192 διότι
954 3122 1060 3202 οὕτως
1074 3119 1152 3210 ἠδό-

104 3237 232 3288 υναντο
254 3226 450 3310 πεισθῆναι,
480 3235 552 3301 τοῖς
574 3225 611 3289 δέ
633 3224 667 3289 έν
682 3228 729 3309 τῷ
746 3220 920 3308 εὐαγγελίῳ
937 3221 1151 3308 ἐλαφρότερα,

132 3315 179 3397 ῶς
207 3318 413 3403 ἐλευθέροις,
444 3319 501 3386 διὰ
528 3320 586 3408 τὴν
615 3316 801 3407 ὑπερβολὴν
829 3324 887 3408 της
909 3317 1010 3386 αὐτοῦ
1034 3321 1153 3407 φιλαν-

130 3422 302 3500 θρωπίας.
334 3417 407 3497 ένός
428 3417 464 3484 δέ
488 3412 685 3502 ὁμοστοίχαυ
708 3415 912 3501 ὑπάρχοντος
930 3423 1014 3485 θεοῦ
1036 3422 1095 3484 τοῦ
1117 3443 1153 3486 τε

130 3514 238 3599 νόμου
259 3516 312 3580 καί
335 3519 394 3581 τοῦ
414 3511 609 3601 εὐαγγελίου,
632 3516 676 3602 μὴ
693 3518 962 3604 παραλελυμένης
976 3511 1051 3605 μηδ’
1070 3513 1193 3584 ὑπο-τι

129 3619 231 3696 τέρας
249 3612 376 3696 χρόνων
397 3610 589 3699 ὑπηρεσίας,
614 3609 631 3679 ό
655 3609 755 3692 αὐτὸς
778 3609 826 3692 εἷς
847 3614 929 3692 θεός
951 3615 1040 3682 ίστιν
1058 3611 1075 3678 ὁ
1091 3622 1153 3696 βα-

130 3709 275 3777 σιλεύων
301 3713 360 3776 τοῦ
392 3710 585 3793 σύμπαντος
613 3710 750 3790 αίῶνυς,
785 3712 1056 3794 θεραπευόμενος
1085 3707 1153 3776 ὑπὸ

128 3809 199 3876 τῶν
222 3805 368 3888 δσόλων,
397 3804 473 3874 καθ’
496 3807 634 3890 ἑκάστην
657 3809 692 3874 δὲ
713 3808 841 3892 γενεὰν,
865 3805 910 3888 ῶς
931 3811 1091 3896 προσήκει
1113 3811 1152 3894 τῇ

130 3899 235 3974 αὐτοῦ
257 3907 510 3992 φιλανθρωπίᾳ.
533 3908 587 3972 καί
611 3904 799 3992 έλήλεγκται
813 3906 1026 3990 πανταχόθεν
1041 3901 1061 3992 ἡ
1077 3903 1154 3970 τού-

129 4027 190 4071 του
219 4002 330 4091 πλάνη
337 4053 346 4083 ,
376 4006 436 4068 τοῦ
465 4007 613 4091 σωτῆρος
641 4002 881 4088 ἐπιτρέποντος
905 4004 948 4070 τὰ
969 4007 1027 4069 τοῦ
1051 4000 1192 4085 νόμουεο

85 4102 318 4179 σωτελείσθαι,
348 4105 402 4167 καί
423 4099 508 4185 μετὰ
528 4099 568 4167 τὸ
591 4100 773 4185 ἐπιτρέψαι
795 4099 836 4167 τὰ
858 4104 916 4166 τοῦ
931 4101 1034 4183 νόμου
1048 4101 1154 4168 τελεῖ-

131 4204 235 4276 σθαι,
265 4197 401 4279 λύοντας
426 4197 470 4265 τύι
496 4201 555 4266 τοῦ
577 4196 695 4280 νόμου,
726 4195 765 4262 αὐ
787 4201 1039 4283 καταργούντος,
1069 4191 1154 4265 ἀλλὰ

130 4297 353 4391 πληροῦντας,
381 4294 581 4384 προσφορὰς
608 4295 721 4379 έτίρας
744 4289 827 4379 ὐπέρ
849 4298 915 4360 τῶν
938 4294 972 4363 έν
992 4298 1040 4382 τῶ
1063 4295 1154 4383 νόμην
