2867 5084
668 526 672 534 ι

548 935 633 985 mm
650 935 821 988 ιιιευσνιτ
1127 925 1191 990 δοῖ

168 1081 306 1173 ἢπυρί.
344 1086 397 1150 καί
421 1094 493 1162 τοῖς
515 1086 686 1163 παιδικοῖς
705 1088 854 1170 χρῆσθαι
875 1080 1059 1166 ἆκωλότως.
1104 1088 1193 1174 ἔλεγε

170 1184 211 1250 δὲ
232 1182 342 1249 πάντα
365 1182 501 1248 διοικεῖν
524 1182 562 1247 τὸ
584 1190 690 1248 θεῖον.
735 1181 795 1260 τὰς
824 1184 859 1249 δὲ
887 1184 996 1262 αἰτίας
1016 1187 1082 1251 τῶν
1105 1210 1194 1270 πραψ

169 1280 305 1366 γμάτων
327 1282 375 1365 πή
397 1282 456 1362 μὲν
479 1273 530 1365 ἐφ’
546 1275 635 1364 ἡμῖν,
658 1282 706 1364 πή
732 1280 767 1345 δὲ
788 1274 847 1345 οὐκ
862 1275 912 1367 ἐφ’
929 1276 1016 1366 ἡμῖν,
1040 1289 1194 1353 τουτέστι

168 1375 215 1443 τά
235 1378 295 1460 μὲν
316 1379 382 1442 τών
405 1375 608 1461 πραγμάτων
631 1371 681 1462 ἐφ’
706 1370 793 1465 ἡμῖν,
823 1376 924 1443 τὰδὲ
947 1371 1004 1444 οόκ
1026 1373 1078 1465 ἐφ’
1101 1377 1191 1466 ἡμῖν.

136 1488 158 1537 c
171 1475 262 1559 ἔλεγε
277 1475 312 1539 δὲ
327 1476 379 1539 καί
396 1475 480 1556 μετά
493 1471 660 1558 χωρισμόν
681 1477 740 1539 τοῦ
754 1473 917 1558 σώματος,
939 1477 993 1542 καὶ
1010 1475 1119 1543 ἐκάλει
1132 1477 1216 1564 nir!

168 1570 280 1658 ψυχήν
302 1571 520 1654 πολυχρόνιον
542 1574 687 1653 πνεῦμα,
723 1566 759 1636 οό
788 1570 851 1656 μήν
882 1573 918 1639 δὲ
940 1569 1119 1658 ἄφθαρτον
1142 1568 1189 1641 δι’

168 1665 252 1734 ὅλου
284 1668 390 1753 ἔλεγεν
420 1663 519 1753 αὐτὴν
550 1663 649 1734 εἶναι·
682 1668 909 1735 ἕκδαπανᾶται
943 1668 1004 1754 γάρ
1034 1667 1103 1736 ὑπὸ
1131 1672 1191 1739 τσῦ

169 1767 299 1832 πολλοῦ
321 1764 439 1849 χρόνον
463 1765 510 1842 εἰς
531 1764 570 1829 τό
593 1761 729 1851 ἀφανὲς,
753 1761 798 1842 ώς
821 1789 914 1852 φησι.

257 1862 432 1944 Κλεάνθης
464 1861 503 1925 τὸ
536 1857 666 1946 άγαθόν
694 1865 747 1931 καὶ
776 1862 875 1928 καλὸν
905 1865 990 1949 λέγει
1019 1858 1106 1931 εἶναι
1131 1863 1192 1944 τάς

166 1956 300 2048 ἡδονὰς,
324 1962 378 2025 καὶ
393 1957 576 2042 ἄνθρωπον
591 1959 698 2026 ἐκάλει
715 1959 818 2046 μόνην
834 1959 893 2048 τήν
905 1961 1021 2046 ψυχήν,
1045 1960 1101 2028 καὶ
1114 1962 1192 2042 τοὺς
1202 1976 1231 2029 ¹0

168 2056 275 2134 θεοὺς
296 2055 438 2139 μυστικὰ
461 2055 610 2141 σχήματα
632 2057 738 2142 ἔλεγεν
755 2051 840 2123 εἶναι
861 2059 916 2124 καὶ
938 2056 1069 2145 κλήσεις
1092 2059 1191 2142 ἱεράς,

166 2157 224 2220 καί
249 2154 409 2240 δᾳδοῦχον
432 2155 573 2239 ἔφασκεν
603 2148 687 2219 εἶναι
708 2152 766 2218 τὸν
788 2151 882 2241 ἥλιον
910 2158 963 2221 καὶ
987 2154 1045 2221 τὸν
1067 2154 1191 2238 κόσμον

166 2251 306 2337 μύστας,
329 2254 383 2316 καί
406 2250 482 2328 τοὺς
504 2249 660 2331 κατόχους
681 2253 747 2315 τῶν
770 2256 875 2317 θείων
896 2251 1029 2328 τελετὰς
1051 2251 1148 2336 ἔλεγε.

256 2345 404 2433 Περαεός
426 2347 468 2413 τά
491 2344 574 2413 αὐτὰ
595 2347 725 2433 Ζήνωνι
748 2347 952 2432 ἐδογμάτισε.

135 2466 157 2514 ι)
258 2446 463 2528 Χρύσιππος
486 2441 503 2507 ό
526 2445 647 2522 Σολεὺς
670 2443 791 2527 νόμους
806 2446 948 2529 ἔγραψεν
967 2440 1003 2509 οό
1019 2443 1189 2525 θεμιτοός.
1203 2460 1230 2511 ιν

165 2544 260 2629 ἔλεγε
281 2543 341 2628 γὰρ
371 2544 441 2608 δεῖν
462 2547 646 2626 μίγνυσθαι
674 2551 748 2619 ταῖς
776 2541 921 2628 μητράσι
949 2541 1025 2621 τοὺς
1052 2544 1188 2621 παῖδας,

164 2650 243 2720 τοῖς
265 2642 300 2706 δὲ
323 2639 471 2724 πατράσι
493 2638 553 2716 τάς
575 2645 769 2723 θυγατέρας.
818 2640 865 2717 εἰς
887 2639 921 2704 δὲ
944 2639 986 2704 τά
1008 2636 1092 2705 ἄλλα
1114 2662 1192 2705 συν-

166 2738 322 2824 εφώνηοε
336 2737 468 2823 Ζήνωνι
490 2739 535 2820 τη]
553 2742 671 2802 Κιτιεῖ.
707 2735 793 2818 πρὸς
814 2735 945 2813 τούτοις
969 2736 1003 2801 δὲ
1027 2735 1115 2820 ἔλεγε
1136 2737 1191 2803 καὶ

166 2831 459 2919 ἆνθρωποβορεῖν.
500 2834 588 2918 ἔλεγε
611 2834 706 2899 δὲτὸ
729 2835 822 2911 τέλος
844 2832 978 2899 πόντιον
1001 2832 1039 2897 τό
1060 2828 1191 2919 ήδυπα·

166 2935 234 3011 θὲς
257 2927 350 3000 εἶναι.
1199 2944 1231 2995 w

256 3035 415 3114 Διογένης
438 3025 456 3093 ό
479 3027 692 3111 Βαβυλώνιος
723 3029 810 3111 ἔλεγε
838 3025 879 3092 τὰ
902 3026 1078 3108 σύμπαντα
1100 3033 1191 3093 συνί-

167 3133 321 3194 στασθαι
344 3127 379 3204 ἐξ
399 3122 527 3211 ήδονής.

256 3230 441 3301 Παναίτιος
464 3219 481 3286 ό
501 3219 621 3298 Ῥόδιος
649 3220 706 3285 τὸν
729 3218 851 3302 κόσμον
883 3220 987 3303 ἔλεγεν
1018 3213 1190 3286 ἀθάνατον

167 3317 267 3389 καὶ)
249 3321 369 3436 αγήρω,
402 3330 454 3386 καὶ
478 3345 535 3406 της
556 3324 712 3399 μαντείας
741 3343 800 3381 κατ
839 3310 933 3382 οὐδὲν
957 3315 1189 3402 ἐπιστρέφων,

87 3447 157 3501 1091
168 3445 225 3488 και
247 3418 289 3484 τά
311 3421 389 3502 περὶ
411 3421 502 3483 θεῶν
525 3409 722 3498 λεγόμενα’
705 3414 826 3499 ανήρει
871 3413 959 3498 ελεγε
980 3412 1041 3498 γάρ
1065 3412 1190 3499 φλήνα·
1174 3433 1231 3484 -νν

168 3540 237 3606 φον
261 3510 399 3583 εἶναι
367 3538 424 3579 τον
447 3519 525 3595 περὶ
547 3515 631 3578 θεοῦ
655 3511 759 3595 λόγον.

257 3611 485 3688 Ποσειδώνιος
504 3605 674 3692 Ἀπαμεύς
705 3609 793 3690 ἔλεγε
820 3605 859 3672 τὸ
887 3613 1041 3691 μέγιστον
1071 3603 1152 3675 ίν
1133 3634 1192 3675 αν-

167 3709 329 3796 θρώποις
351 3704 480 3792 ἀγαθόν
504 3702 588 3773 εἶναι
609 3707 755 3771 πλοῦτον
777 3709 831 3770 καὶ
855 3700 972 3787 ὑγείαν.

256 3801 491 3891 Ἀθηνόδωρος
510 3803 657 3886 Ταρσεὺς
679 3801 721 3867 τά
742 3797 825 3867 αὐτὰ
837 3808 947 3883 Χρυσί
948 3826 1031 3886 ππφ
1054 3798 1191 3880 ἐδόξασα

169 3906 226 3971 καὶ
249 3903 292 3970 τὰ
313 3898 398 3968 αὐτὰ
419 3901 550 3986 Ζήνωνι
573 3898 795 3983 ἐδογμάτισεν.
1198 3914 1231 3966 εο

255 3993 483 4083 Ἐπίκουρος(
468 4021 485 4060 ο
509 3995 738 4075 Νεοκλέους,
725 4021 758 4061 εν
778 3989 941 4079 Ἀθήναις
962 3994 1109 4076 τραφεις,
1134 4016 1192 4078 φτ·

171 4095 312 4183 λήδανον
333 4104 408 4182 βίον
429 4095 585 4179 μετῆλθε,
608 4096 661 4160 καὶ
685 4087 743 4158 οὐκ
764 4087 888 4204 ήρυθρί
890 4116 911 4156 α
935 4090 1060 4175 γυναιξὶ
1083 4087 1191 4154 συνών

170 4195 317 4281 δημοσίᾳ
340 4189 545 4271 ἀκολάστοις,
567 4187 681 4277 μεθ’“
663 4217 707 4256 α
699 4190 814 4276 πρώην
829 4212 906 4271 περι
923 4182 1023 4253 αὐτοῦ
1041 4184 1190 4268 εἴπομεν.

1130 4374 1312 4650 r
