2867 5084
254 959 315 1022 338
481 973 685 1022 τπιυιπιου
701 972 796 1021 κιαι
814 971 1001 1020 mmm
1016 973 1045 1020 ν.

251 1123 473 1207 συνθημάτων
496 1118 620 1200 ἀκοαῖς.
663 1123 697 1187 ἐκ
726 1129 871 1198 πίστεως
901 1124 936 1188 δὲ
959 1116 1058 1206 αὐτῆς
1081 1117 1098 1206 ἡ
1124 1128 1269 1207 σωτηρία

251 1224 309 1304 τῆς
328 1221 471 1301 χάριτος,
497 1220 530 1286 ἔκ
553 1228 698 1297 πίστεως
721 1216 738 1306 ἡ
764 1220 952 1304 δικαιοσύνη
968 1221 1067 1300 χωρὶς
1090 1219 1194 1303 ἔργων
1218 1219 1270 1284 νό-

250 1339 315 1398 μου
337 1322 528 1400 γέγραπται,
553 1317 587 1395 ἐξ
609 1312 708 1402 ἀκοῆς
730 1323 876 1393 πίστεως
897 1316 935 1381 τὸ
959 1319 1089 1397 πνεῦμα
1112 1321 1171 1382 τοῦ
1185 1324 1271 1401 Χρι-

252 1417 331 1478 στοῦ
355 1415 513 1479 δίδοσθαι
536 1425 607 1491 τοῖς
630 1413 838 1496 σωζομένοις.
882 1421 996 1490 πίστις
1019 1415 1054 1478 δὲ
1076 1410 1095 1498 ἡ
1119 1415 1268 1479 καθόλου

230 1512 395 1596 σκηρύκων
419 1523 547 1596 φωναῖς
569 1508 649 1595 αὕτη
673 1518 877 1596 σημαίνεται,
902 1507 947 1588 ιύς
969 1513 1068 1594 ἔγωγε
1083 1505 1189 1593 οἶμαι,
1214 1537 1269 1576 κα·

249 1609 446 1692 τηχοόμενος
469 1610 502 1673 ἐκ
524 1612 668 1694 γραφῶν,
698 1615 774 1691 τρία
797 1605 883 1692 άγια,
912 1615 988 1692 τρία
1011 1608 1158 1691 συνάγια,
1195 1614 1267 1692 τρία

249 1702 410 1788 ὑπαρκτά,
439 1712 515 1787 τρία
538 1705 756 1787 συνύπαρκτα,
790 1713 866 1789 τρία
889 1706 1052 1791 ἔμμορφα,
1086 1712 1164 1789 τρία
1188 1704 1267 1788 σύμ·

249 1826 373 1888 μορφα,
408 1808 483 1883 τρία
507 1801 628 1885 ἐνεργά,
662 1809 738 1884 τρία
767 1803 913 1885 συνεργὰ,
947 1809 1023 1885 τρία
1046 1802 1265 1878 ἕννπόστατα,

248 1905 324 1981 τρία
347 1897 580 1963 συνυπόστατα
603 1895 757 1984 άλλη-λαις
785 1899 933 1977 συνόντα,
968 1899 1061 1983 τριάς
1084 1896 1167 1985 αῦτη
1192 1896 1265 1984 ἁγία

213 1998 406 2071 ιοκαλείται,
441 2002 516 2078 τρία
544 1993 631 2073 ὄντα,
661 2005 723 2080 μία
752 2004 937 2083 συμφωνία,
971 2004 1032 2078 μία
1060 1996 1185 2082 θεότης
1214 2000 1266 2081 τῆς

250 2087 349 2179 αὐτῆς
383 2093 565 2176 δυνάμεως,
605 2098 663 2179 τῆς
696 2093 796 2180 αύτῆς
827 2091 1060 2171 ὑποστάσεως,
1099 2089 1203 2175 ὁμοία
1237 2094 1268 2171 ἐξ

249 2187 375 2281 όμσίου,
408 2191 544 2272 ἰσότητα
564 2192 698 2274 χάριτος
720 2195 777 2277 τῆς
806 2187 904 2277 αύτης
932 2191 1064 2274 χάριτος
1087 2190 1264 2274 ἐργάζεται,

248 2289 376 2373 πατρὸς
409 2293 462 2354 καί
496 2291 568 2355 υἱοῦ
602 2292 654 2353 καὶ
688 2285 781 2373 άγίου
815 2289 1011 2371 πνεύματος.
1058 2288 1096 2352 τό
1126 2291 1162 2353 δὲ
1196 2293 1266 2365 πῶς

249 2381 363 2464 αὐτοῖς
396 2383 542 2453 άπίλιπε
576 2385 752 2453 διδάσκειν.
795 2383 928 2463 ·“οόδείς
956 2380 1026 2451 σίόε
1053 2384 1111 2449 τὸν
1139 2393 1266 2471 πατέρα

214 2505 241 2554 15
251 2483 280 2549 εί
301 2484 344 2568 μη
370 2480 387 2547 ὁ
410 2484 489 2560 υἱός,
524 2479 600 2548 οῦδὲ
622 2484 679 2549 τὸν
702 2484 773 2548 υἱόν
797 2484 825 2548 εί
847 2484 891 2568 μὴ
916 2479 933 2547 ό
956 2481 1064 2567 πατὴρ
1087 2486 1141 2547 καί
1166 2473 1195 2569 ᾦ
1216 2484 1266 2550 ἐὰν

248 2577 360 2657 ὁυίὸς
383 2576 638 2645 άπακαλύπτει.”
683 2576 912 2646 ἀποκαλύπτει
942 2581 976 2644 όὲ
1000 2579 1056 2643 διὰ
1078 2580 1269 2663 πνεύματος

247 2673 350 2761 ἁγίου.
396 2672 512 2740 ούκοῦν
535 2683 610 2759 τρία
632 2681 735 2741 ταῦτα
759 2676 852 2755 όντα,
886 2672 964 2763 ἢίξ
986 2671 1101 2754 αόταῦ,
1136 2672 1158 2762 ἢ
1183 2673 1266 2764 παρ’

246 2770 356 2850 αὐτοῦ,
386 2768 406 2856 ἢ
429 2773 514 2855 πρὸς
536 2769 643 2849 αύτόν,
668 2774 793 2859 ἑκάστῳ
823 2772 922 2853 ἀξίως
946 2773 1116 2856 νοούμενα,
1151 2777 1271 2856 καθὼς

247 2869 347 2935 ἑαυτά
369 2863 613 2947 ἀποκαλύπτει,
649 2875 735 2955 φιῦς,
772 2876 854 2954 πῦρ,
884 2876 1030 2954 πνεῦμα,
1059 2874 1112 2935 καὶ
1139 2871 1271 2954 ἄλλαις,

207 2960 350 3047 νοοίμαι,
375 2961 521 3049 όράσεων
544 2965 734 3049 ὁμοιώσεσι,
759 2969 874 3045 καθιός
896 2968 988 3046 άξιος
1011 2965 1028 3030 ό
1052 2970 1271 3055 διακονούμε·

245 3088 301 3140 νος
324 3060 514 3146 άνθρωπσς.
560 3061 658 3142 αύτός
680 3074 790 3131 τοίνυν
815 3062 935 3143 όιθεός
958 3063 974 3129 ό
998 3064 1032 3131 ἐν
1055 3060 1136 3152 άρχῇ
1162 3069 1271 3134 είπων

246 3160 437 3247 ’γενηθήτω
457 3166 537 3248 φῶς,
562 3166 615 3227 καὶ
639 3163 764 3246 ἐγένετο
781 3166 880 3246 φιῦς,”
902 3164 940 3228 τὸ
964 3159 1141 3246 ὁρώμενον,
1167 3161 1271 3245 αῦτός

245 3255 263 3321 ό
286 3265 437 3344 φωτίσας
459 3255 544 3344 ἡμᾶς
565 3260 604 3323 τό
627 3264 699 3345 φιῦς
729 3261 810 3325 ἰδεῖν
833 3259 871 3324 τὸ
895 3256 1066 3345 ἀληθινόν,
1095 3261 1136 3324 τὸ
1160 3272 1271 3347 φωτί-

244 3358 298 3434 ζον
321 3356 431 3421 πάντα
459 3355 642 3441 ἄνθρωπον
672 3358 844 3442 ἐρχόμενον
874 3358 921 3435 είς
948 3357 1005 3422 τὸν
1033 3356 1169 3438 κόσμον.
1219 3361 1271 3440 ἔξ-

206 3452 445 3528 γεαπόστειλσν
477 3454 515 3517 τό
549 3458 621 3539 φιῦς
655 3479 715 3520 σου
757 3458 809 3520 καὶ
844 3454 901 3539 την
937 3450 1098 3540 ἀλήθειάν
1130 3479 1210 3535 σου,
1251 3456 1271 3523 ό

243 3550 354 3633 Δαβίό
376 3572 486 3634 φησιν.
530 3548 628 3629 αι’τός
651 3552 739 3618 ἐστιν
770 3548 787 3615 ὁ
809 3550 920 3633 κύριος
943 3548 960 3614 ό
985 3552 1088 3617 εἰπὼν
1113 3553 1169 3619 “ε’ν
1194 3559 1271 3634 ταῖς

243 3646 396 3729 ἐσχάταις
427 3642 564 3731 η’-μίραις
593 3649 690 3731 ἕκχειῦ
724 3645 792 3715 άπὸ
815 3654 873 3713 τοῦ
897 3650 1084 3731 πνεύματός
1111 3676 1178 3733 μου
1211 3653 1271 3720 ἐπὶ

242 3747 355 3810 πᾶσαν
379 3742 492 3826 σάρκα,
515 3748 570 3810 καὶ
592 3747 881 3833 προφητεύσουσιν
909 3747 943 3811 αἱ
959 3752 1140 3830 θυγατέρες
1156 3746 1271 3817 αὐτῶν

242 3844 295 3907 καὶ
319 3841 351 3905 οἱ
374 3847 538 3907 νεανίσκοι
561 3838 669 3910 αὐτῶν
692 3841 824 3927 ὁράσεις
847 3841 1019 3928 5410szssn
1055 3850 1134 3927 τρία
1157 3848 1271 3931 πρόσ-

203 3962 322 4016 ηοωπα
355 3933 451 4020 άγίας
484 3939 688 4024 λειτουργίας
716 3941 842 4018 δεικνύς
869 3937 947 4027 ἡμῖν
977 3937 1198 4022 ὑποστάσεως
1233 3946 1271 4026 ἒξ

190 4046 192 4051 ’
241 4033 460 4113 ὑποστάσεως
483 4035 582 4122 ούσης
604 4045 723 4122 τρίτης.

328 4142 357 4199 5.
389 4140 510 4218 “Λέγω
527 4124 583 4200 σῦν
599 4135 748 4219 Χριστόν
772 4134 924 4201 διάκονον
945 4138 1147 4222 γεγενῆσθαι
1168 4164 1268 4226 περι-

239 4232 344 4312 τσμῦς
363 4224 448 4314 ὑπὲρ
471 4226 632 4316 ἀληθείας
653 4236 747 4312 θεοῦ,
772 4232 818 4310 είς
834 4233 872 4298 τό
887 4234 1064 4317 πληρῶσαι
1078 4233 1144 4313 ,τὰς
1161 4235 1267 4322 ἐπαγ-
