2867 5084
608 936 693 985 σενι
710 936 880 987 mmm.
1094 996 1097 1005 ,
1189 927 1251 988 555

230 1079 284 1162 ὦς
305 1086 372 1150 τῶν
394 1080 502 1151 ἀλλων
524 1086 705 1171 λεγομένων
727 1087 846 1176 καὶμὴ
862 1082 1102 1175 σάσῶν,,αυ’τῆς
1124 1090 1160 1157 ἀλ
1182 1090 1253 1155 διτ-

229 1186 297 1269 τῆς
319 1175 567 1266 ὀνομαζομένης.
602 1184 656 1250 ἐπὶ
667 1183 727 1268 γὰρ
743 1194 818 1262 ταῖς
832 1182 948 1263 ἄλλαις
963 1179 1020 1252 οάκ
1036 1181 1138 1267 εἶπεν,
1157 1182 1252 1272 ἀγάσ-

229 1279 358 1366 ηκσντά
381 1280 447 1346 εἶσι
469 1282 637 1346 παλλακαί
657 1305 731 1363 μου,
761 1276 844 1346 ἀλλὰ
865 1293 939 1360 ταῖς
959 1284 1019 1366 μὲν
1040 1287 1252 1367 βασιλίσσαις

232 1377 297 1445 διὰ
322 1381 390 1462 τῆς
403 1376 536 1457 ἐνδόξου
565 1375 745 1462 ὀνομασίας
772 1379 830 1463 τὴν
859 1379 1040 1464 συνάφειαν
1071 1384 1128 1466 τῆς
1155 1384 1253 1465 τιμῆς

233 1470 424 1557 ἀπένειμεν,
448 1475 505 1542 ἐπὶ
528 1477 564 1541 δὲ
585 1485 659 1552 ταῖς
681 1478 866 1554 παλλακαῖς
888 1475 925 1542 τὸ
947 1473 1120 1561 ἀλλότριον
1142 1480 1276 1545 τίλεσν5

233 1571 443 1660 ἀπεφήνατο.
482 1561 527 1637 ὧν
547 1570 626 1650 τοὺς
647 1568 814 1658 ἀριθμοὺς
836 1574 883 1652 εἰς
906 1573 1011 1657 ὄνομα
1032 1575 1253 1660 λαμβάνοντες

233 1670 321 1737 κατὰ
342 1669 400 1756 τὴν
422 1664 591 1756 ἀναγωγὴν
611 1673 670 1754 τῆς
691 1677 838 1754 θεωρίας
866 1670 1119 1757 ἐπεργάσασθαι
1146 1671 1179 1739 ἐν
1203 1675 1251 1758 τῷ

222 1768 334 1855 ,τόπῳ
356 1763 618 1852 ἀναγκαζόμεθα,
642 1768 699 1836 διὰ
712 1767 751 1833 τὸ
767 1767 811 1854 μὴ
828 1765 1036 1854 ὑπερβαίνειν
1060 1765 1113 1836 ὅτι
1128 1783 1254 1855 ψυχρο·

234 1869 419 1952 λσγοῦντες,
442 1861 511 1937 ἀλλ’,
537 1865 570 1932 ἐν
593 1860 736 1952 ἀληθείᾳ
759 1865 874 1950 λόγους
903 1867 958 1932 διὰ
986 1870 1052 1933 τῶν
1081 1861 1252 1953 ἀληθινῶν

199 1966 375 2052 »γραφῶν
396 1973 471 2041 ταῖς
493 1961 671 2049 ἀληθιναῖς
698 1970 861 2046 θεωρίαις
883 1958 1154 2044 ἀντεξετάζοντες.
1199 1961 1253 2031 ὅτι
1264 1975 1291 2026 1⁰
1337 1987 1339 1990 ·

233 2059 379 2148 μὲνγὰρ
402 2062 457 2127 καί
478 2057 497 2126 ὃ
520 2057 666 2144 ἀριθμὸς
683 2067 903 2145 γεγραμμένος
924 2056 1141 2147 ἀπαράβατος
1162 2062 1252 2129 ἔστιν

234 2158 376 2245 ἑκάστης
396 2154 602 2237 ὑποθέσεως,
635 2160 688 2223 καί
718 2155 794 2224 οὔτε
822 2155 958 2224 δύναται
985 2159 1024 2223 τὸ
1052 2159 1085 2224 ἐν
1115 2154 1252 2245 ἀριθμῷ

233 2261 516 2340 κατατεταγμένον
539 2255 642 2323 ἕωλόν
662 2281 697 2322 τι
718 2249 803 2321 εἶναι
825 2251 899 2322 οὔτε
915 2255 962 2333 είς
977 2250 1140 2342 ἀργότητα
1162 2257 1196 2323 ἓν
1212 2259 1250 2342 τῇ

232 2356 348 2442 γραηηη
371 2353 636 2437 ἐπιμετρεῐσθαι.
673 2354 868 2435 βασίλισσαι
891 2354 926 2417 δέ
941 2353 1024 2420 είσιν
1041 2353 1077 2419 αλ
1090 2350 1151 2440 ἤδη
1168 2352 1253 2437 πρό-

234 2476 333 2537 τερον
355 2452 402 2529 είς
422 2454 629 2536 γενεαλογίαν
652 2445 883 2533 ὠνομασμέναι
905 2455 1018 2533 ψυχαί.
1056 2446 1101 2528 ῶς
1115 2450 1175 2535 γάρ
1190 2457 1250 2535 βα·
1261 2463 1290 2514 15

234 2553 326 2618 σιλεῖ
347 2555 546 2616 συνέπονται
567 2547 683 2635 πλήθη
706 2547 825 2626 πολλὰ,
847 2550 906 2613 τοῦ
922 2548 957 2613 δὲ
972 2548 1136 2632 βασιλέως
1150 2573 1252 2634 κεφα-

235 2651 300 2735 λῆς
321 2645 428 2730 οὔσης,
459 2643 573 2728 ῶσπερ
596 2644 654 2711 ἐπὶ
677 2644 830 2728 σώματος
851 2646 985 2712 πολλῶν
1006 2646 1113 2729 μελῶν
1137 2645 1250 2727 ὄντων,

185 2766 225 2819 σι
236 2741 309 2814 ἀπὸ
330 2748 388 2830 τῆς
407 2745 552 2830 κεφαλῆς
574 2738 592 2807 ὁ
615 2739 662 2820 εἷς
685 2741 867 2826 ἀνθρωπος
890 2738 1173 2830 ἀριθμηθήσεται,
1197 2740 1253 2810 οὕ-

234 2867 305 2922 τως
325 2837 395 2909 ἀπὸ
416 2844 475 2906 τοῦ
504 2839 577 2919 ἑνὸς
603 2842 767 2925 βασιλέως
794 2840 833 2905 τὸ
860 2843 929 2907 πᾶν
957 2842 1091 2927 πλῆθος
1117 2841 1157 2907 τὸ
1185 2838 1252 2908 ὑπο

234 2940 297 3007 τὸν
317 2939 457 3025 βασιλέα
478 2939 525 3016 είς
548 2939 604 3004 ἕνα
627 2933 937 3023 ἀναλογισθήσεται.
1198 3014 1205 3024 Ι
1259 2950 1291 3001 κο

323 3045 352 3103 4.
383 3037 573 3102 Βασίλισσα
594 3041 704 3101 τοίνυν
726 3031 745 3119 ἡ
768 3035 862 3120 γενεὰ
884 3036 919 3101 ἐν
931 3039 1068 3120 Χριστῷ
1091 3039 1250 3122 κέκληται,

236 3131 280 3200 οὐ
302 3136 358 3220 τῆς
378 3132 489 3212 πάσης
509 3136 621 3218 γενεᾶς
635 3131 887 3219 βασιλευσάσης,
911 3129 995 3198 ἀλλὰ
1016 3136 1073 3217 τῆς
1094 3137 1173 3215 μιᾶς
1194 3136 1253 3217 τῆς

236 3231 436 3318 ἐπιγνοάσης
455 3230 513 3296 τὸν
535 3230 646 3312 κίριον
669 3224 709 3294 δι’
729 3224 909 3311 ὀνομασίας
930 3233 988 3294 τοῦ
1005 3223 1122 3311 ἀνδρὸς
1138 3229 1251 3310 [αἰτία]

236 3328 277 3396 τὸ
306 3327 475 3414 βασιλικὸν
504 3323 633 3408 ἀξίωμα
661 3328 714 3392 καὶ
742 3327 835 3404 τάξιν
869 3332 1066 3413 φερομένης,
1105 3321 1150 3404 ῶς
1181 3321 1252 3392 οἷον

238 3428 356 3505 είπιῐν,
377 3422 483 3510 Ἀδὰμ
505 3427 557 3490 καί
582 3427 675 3490 πᾶσα
698 3417 798 3489 αὐτοῦ
826 3422 929 3507 γενεά,
961 3423 1143 3508 βασίλισσα
1171 3420 1291 3510 αὕτηκν

239 3520 525 3610 ἀριθμηθησεται,
558 3518 579 3606 ἥ
611 3546 648 3587 τε
675 3516 775 3586 αὐτοῦ
805 3517 884 3606 ἀρχὴ
916 3524 970 3587 καὶ
1004 3517 1024 3608 ἡ
1052 3529 1253 3607 πατριαρχία

238 3624 479 3709 βασιλεύσασαν
499 3619 583 3704 μετὰ
603 3622 669 3684 τῶν
690 3613 759 3702 μετ’
784 3613 884 3683 αὐτοῦ
913 3617 970 3685 διὰ
995 3618 1053 3706 τὴν
1081 3618 1167 3703 πρὸς
1194 3620 1252 3687 τὸν

207 3719 323 3790 οθεὸν
344 3720 474 3805 γνῶσιν,
502 3721 557 3784 καί
578 3714 617 3800 ἣν
638 3717 838 3803 κατηξίωται
864 3716 999 3802 πρώτην
1020 3716 1144 3783 πλάσιν
1166 3718 1253 3782 πλα-

238 3820 374 3904 σθῆναι,
397 3821 450 3882 καὶ
473 3810 519 3893 ῶς
539 3813 716 3898 μετάνοιαν
744 3817 878 3896 πρῶτος
900 3813 1091 3892 ἐνεδείξατο,
1121 3811 1166 3892 ῶς
1188 3815 1253 3896 ἕχει

237 3910 258 4000 ἡ
281 3909 474 3980 ἀκολουθία.
517 3906 588 3980 εἶτα
609 3910 692 3994 μετά
712 3913 831 3976 τοῦτον
852 3910 927 3996 Σὴθ
948 3914 1000 3976 καὶ
1023 3907 1042 3997 ἡ
1065 3914 1160 3977 πᾶσα
1182 3905 1292 3994 μετ’σο

237 4006 341 4079 αάτοῦ
370 4005 602 4096 ἀνθρωπότης,
634 4011 688 4074 καὶ
706 4004 803 4085 Ἐνώς
829 4014 882 4074 καί
906 4006 1032 4073 Καϊνὰν
1059 4011 1112 4075 καί
1135 4010 1253 4077 Μαλε·

237 4109 318 4197 λεηλ
336 4107 393 4173 καί
411 4101 512 4192 ’ίάρεδ
538 4109 594 4174 καί
611 4103 708 4189 Ἑνώχ
736 4104 791 4170 καὶ
811 4103 1030 4171 Μαθουσάλα
1056 4107 1109 4170 καί
1131 4105 1253 4190 Λάμεχ

235 4207 295 4274 καὶ
326 4207 418 4273 Νῶε·
453 4204 579 4272 τούτων
610 4207 677 4271 τῶν
709 4199 811 4289 ἁγίων
849 4204 917 4269 τῶν
952 4199 1176 4290 καταλογάδην
1218 4203 1252 4272 ἐν
