2867 5084
239 868 302 930 750
632 878 864 930 ιιιιιοτιτιοιιιε

242 1039 289 1095 12.
306 1028 421 1109 Νύητε]
443 1027 535 1108 νοητά
547 1033 576 1098 V,
600 1024 746 1107 άνύητεΒ
831 1022 1013 1106 άντιθύτως]
1037 1021 1108 1090 άντὶ
1126 1027 1163 1090 δι’
1176 1033 1260 1091 τῶν]

284 1122 332 1179 13.
356 1112 492 1192 Νοήτου]
513 1118 569 1174 τοῦ
591 1118 703 1191 νοητοῦ
725 1116 746 1171 V
835 1120 882 1174 14.
901 1118 966 1193 χρῆ
988 1117 1056 1188 (sic)
1079 1116 1146 1174 add.
1165 1119 1187 1171 V

238 1197 334 1261 αύτοῦ
356 1202 387 1276 V]
411 1192 491 1258 αύτά
622 1204 670 1260 16.
694 1202 756 1258 Cor.
777 1206 802 1267 1,
819 1203 848 1266 8,
867 1203 896 1260 6.
1034 1204 1084 1259 17.
1109 1194 1151 1259 δι’
1174 1195 1208 1260 ὃν
1227 1194 1258 1258 τά

237 1279 339 1344 πάντα
359 1282 410 1342 καὶ
431 1279 518 1362 ἡμεῖς
540 1278 578 1342 δι’
603 1278 701 1344 αὐτοῦ
723 1286 753 1359 V]
782 1284 831 1342 καὶ
860 1278 949 1360 ἡμεῖς
971 1277 1009 1340 δι’
1043 1278 1146 1342 αὐτοῦ
1174 1277 1260 1343 dl&

237 1367 277 1431 τά
299 1364 401 1428 πάντα
423 1366 473 1426 καὶ
494 1363 583 1446 ἡμεῖς
605 1361 643 1425 δι’
666 1363 764 1427 αὐτοῦ
868 1372 914 1428 18.
939 1361 997 1443 ὅτι]
1021 1360 1071 1426 ὅτι
1095 1366 1176 1447 λέγει
1196 1372 1216 1425 V

239 1459 290 1516 26.
306 1450 410 1535 κύριος
424 1455 526 1530 τούτο]
550 1453 600 1512 καὶ
615 1455 636 1508 V
712 1456 762 1512 27.
779 1443 853 1511 εἶναι
868 1449 988 1530 πατέρα
1003 1454 1036 1528 V]
1056 1451 1181 1533 πατέρα
1195 1445 1259 1512 εἶναι

232 1535 395 1614 ,29.τ6]
415 1540 495 1620 τῷν
582 1532 724 1598 31..2ιύν
739 1538 770 1612 V]
792 1531 867 1606 θεός
953 1531 1040 1614 οὐδὲ]
1064 1532 1139 1596 ούτε
1155 1540 1224 1597 libri.

240 1630 290 1687 32.
312 1619 396 1701 άγειν
417 1624 449 1699 V]
472 1616 595 1699 άνάγειν

325 1729 395 1790 538,
413 1728 442 1784 8.
464 1716 614 1802 Χριστὸν]
637 1719 745 1803 κύριον
831 1728 878 1782 10.
903 1713 978 1780 εἶναι
1001 1715 1104 1782 αὐτὸν
1119 1726 1153 1799 V]
1175 1716 1259 1781 αύτύν

236 1806 272 1869 τὸ
296 1800 370 1866 εἶναι
455 1810 514 1891 μιᾷ
528 1809 626 1866 add.V
711 1810 756 1889 τῷ
770 1799 855 1883 θεός]
877 1809 922 1888 τῷ
938 1806 1044 1888 θεῷ7
1141 1812 1188 1868 12.
1210 1806 1256 1883 δῇ-

238 1894 291 1952 λον
306 1883 400 1966 ὅτι“11]
416 1886 557 1967 δηλονότι
639 1895 686 1952 13.
701 1885 842 1970 ἠρκέσθη
857 1897 901 1975 τῷ
917 1894 976 1950 Pet.
992 1910 1046 1968 pro
1062 1885 1206 1970 ἠρκέσθη
1218 1885 1256 1949 τά

284 1982 331 2036 17.
353 1980 450 2034 ποιεῖν
470 1978 529 2034 Pet.
554 1995 603 2052 pro
625 1973 818 2053 ποιούμενον.
917 1969 962 2053 μὴ
984 1979 1081 2035 om.V
1183 1972 1256 2053 ἡμῖν]

237 2106 311 2187 ύμῖν
333 2115 353 2168 V
443 2114 490 2171 18.
513 2114 570 2170 τοῦ
592 2110 660 2192 περὶ
683 2104 812 2187 ἑαυτῶν]
834 2113 889 2170 τοῦ
909 2104 954 2187 μὴ
975 2107 1045 2190 περὶ
1071 2082 1179 2172 άυτίάν
1199 2114 1219 2167 V

238 2201 289 2258 25.
308 2191 398 2276 χρεία
413 2192 506 2254 εἰπεῖν
520 2192 570 2254 καὶ
585 2199 646 2256 add.
664 2199 685 2251 V
770 2199 822 2255 les.
839 2201 889 2263 45,
909 2201 957 2255 14.
1048 2200 1101 2257 26.
1123 2193 1255 2276 ἐμπορία]

115 2286 119 2294 ’
238 2278 378 2361 ἕνπορειά
396 2282 426 2338 V.
457 2283 534 2339 Conf.
550 2287 658 2357 ρ.534,
672 2285 700 2340 2.
780 2277 952 2355 uastam,
970 2283 1114 2358 utsupra]
1132 2279 1256 2357 σιςθαεὶμ

283 2370 332 2426 27.
356 2361 432 2434 θεὸς
452 2367 484 2440 V]
505 2360 521 2424 ὁ
544 2362 620 2435 θεὸς
726 2369 776 2426 28.
799 2362 849 2423 καὶ
872 2361 932 2439 σοὶ]
954 2361 1005 2422 καὶ
1026 2359 1065 2424 τὸ
1088 2364 1139 2426 σοὶ
1162 2370 1183 2423 V

240 2455 289 2510 31.
313 2441 435 2519 εἶθεὸς
456 2453 488 2526 V]
510 2441 574 2509 εύύ
598 2445 673 2519 θεὸς
776 2445 852 2519 θεὸς
873 2452 930 2509 τού
952 2450 983 2524 V]
1005 2443 1021 2508 ὁ
1046 2447 1127 2521 θεὸς
1149 2453 1203 2510 τοῦ

240 2538 290 2595 32.
314 2530 389 2605 λέξει
412 2530 446 2593 δι’
468 2537 566 2592 add.V
653 2539 701 2595 33.
724 2526 882 2594 τοσούτων
903 2534 934 2609 V]
956 2529 1109 2594 τοιούτων
1129 2531 1189 2615 γάρ

327 2642 396 2705 539,
415 2640 443 2696 2.
466 2629 713 2714 άνθυπερβάτως
728 2637 787 2711 VP]
811 2628 883 2693 ἀνθ’
905 2629 1094 2713 ύπερβατιῦς
1181 2631 1254 2694 εῑοά·

237 2723 309 2799 γων]
332 2715 416 2798 άγων
437 2723 458 2776 V
546 2727 574 2782 3.
598 2713 679 2795 οὐδὲ]
701 2714 771 2779 ούτε
793 2721 865 2778 libri.
953 2725 981 2778 5.
1002 2714 1065 2799 γὰρ
1089 2723 1121 2796 V]
1148 2742 1181 2799 γε

239 2810 267 2864 6.
291 2800 370 2873 ὅλως
384 2806 415 2879 V]
438 2797 534 2872 ὄντως
618 2800 718 2863 πολλοὶ
732 2801 913 2879 βλέποντας]
935 2806 1031 2863 Sen'be
1050 2803 1253 2881 πολυβλύιτον·

237 2909 293 2957 τας
315 2908 347 2946 ex
362 2890 397 2945 V:
421 2890 454 2946 de
477 2907 532 2962 quo
555 2907 613 2946 voc.
637 2891 737 2948 dictum
760 2892 787 2947 in
803 2891 943 2947 Thesauro
965 2891 1018 2947 vol.
1033 2894 1065 2950 6.
1090 2911 1117 2966 p.
1131 2895 1218 2951 1371.

238 2979 266 3033 7.
283 2969 360 3053 φασὶ
373 2973 404 3049 V]
427 2963 581 3051 φάσκουσι
669 2978 697 3034 8.
717 2967 868 3053 Ἐρινύας]
891 2967 1029 3053 ἐριννύας
1042 2976 1119 3034 libri.
1185 2967 1252 3033 ὠιύ·

235 3078 342 3135 μασαν
356 3059 388 3133 V]
409 3049 613 3132 ἐπωνόμασαν
692 3062 721 3119 9.
737 3051 875 3135 Νοήτου]
899 3062 1010 3134 νοητοῦ
1024 3060 1054 3126 B,
1080 3057 1219 3137 νοητοὶ]

242 3149 287 3202 11.
311 3163 343 3202 τε
365 3144 464 3201 add.V
549 3137 671 3220 φάσκει]
693 3137 848 3222 φάσκουσι
867 3145 926 3202 Pet.
1019 3138 1254 3224 προβάλλοντα]

235 3221 442 3305 προβάλλεται
464 3228 486 3282 V
508 3239 591 3286 recte.
683 3230 730 3286 12.
753 3226 963 3306 πληροῦσθαι]
984 3227 1196 3308 πληροῦται]

239 3315 371 3371 13.1“1ιιι.
393 3318 417 3378 1,
439 3317 463 3378 1,
482 3307 522 3370 7.’
610 3317 656 3372 14.
678 3307 747 3388 περὶ
770 3308 870 3386 τίνων]
891 3310 961 3390 περ]
982 3299 1118 3371 τινωνἮ
1213 3315 1254 3371 16.

236 3388 295 3472 ἴφη
318 3397 350 3469 1]
373 3386 453 3452 εἶπεν
542 3401 588 3456 17.
612 3391 675 3453 ἐστὶ
698 3392 766 3474 περὶ
788 3397 843 3472 τῆς
863 3389 964 3472 πάσης
978 3397 1010 3470 V]
1031 3392 1082 3454 ln]
1106 3392 1206 3473 πάσης

239 3482 286 3536 19.
310 3480 360 3535 les.
378 3483 428 3544 45,
448 3484 495 3537 11.
585 3483 633 3539 20.
648 3498 710 3555 μου
732 3490 796 3555 post
810 3481 845 3538 3.
867 3482 928 3538 add·
946 3482 965 3536 V
1054 3484 1107 3541 21.
1130 3479 1254 3541 {nesta-

235 3560 305 3636 σθε]
327 3558 521 3620 ἐντείλασθαι
537 3565 558 3618 V
645 3567 694 3624 26.
711 3557 784 3623 ούδὲ
797 3566 829 3640 V]
851 3556 888 3622 ού
975 3566 1026 3623 28.
1045 3559 1066 3642 ι]
1082 3563 1215 3648 ἐμπορία
1227 3563 1253 3637 V]

235 3639 267 3703 αἲ
289 3642 432 3724 ἕμπορίαι
533 3651 582 3707 29.
606 3643 622 3707 ὁ
644 3650 744 3707 add.V
843 3652 893 3709 ³0.
915 3641 1006 3726 λύγος
1027 3654 1124 3708 om.V
1209 3654 1253 3711 31.

234 3732 326 3787 Ιοιιοιι.
347 3734 393 3796 14,
411 3734 440 3788 9.
535 3736 584 3792 32.
607 3735 700 3791 Ιοιοιι.
721 3739 767 3801 17,
785 3739 814 3793 4.
908 3736 958 3793 33.
981 3734 1034 3792 les.
1052 3740 1106 3803 45,
1127 3740 1175 3797 13.

233 3805 291 3890 ἐγὼ
314 3814 344 3888 V]
367 3805 413 3873 ὅτι
437 3808 495 3891 ἰγο)

320 3903 390 3971 540,
409 3902 437 3960 3.
460 3891 618 3974 ἀληθινῶς
639 3901 670 3975 V]
693 3897 726 3970 ἓξ
747 3894 844 3959 αύτοῦ
864 3893 1024 3978 ἀληθινῶς
1130 3909 1158 3964 5.
1181 3906 1253 3964 Rom.

234 3984 330 4047 8,11.
439 3987 467 4043 6.
491 3980 571 4040 οἰκεῖ
585 4017 629 4026 -
650 3982 791 4063 Χριστὸν
812 3986 903 4044 om.V
1013 3992 1041 4047 7.
1066 3983 1251 4066 ζωοποιήσει]

232 4060 345 4141 ζωογον
356 4059 409 4125 ’σει
433 4069 453 4123 V
550 4072 578 4127 9.
601 4065 728 4127 συνάύοι
752 4072 782 4146 V]
805 4064 929 4152 συνᾴδει
951 4071 981 4138 B,
1005 4068 1130 4157 συνᾴδη
1153 4077 1173 4131 P

236 4151 283 4207 12.
306 4087 365 4226 ἔγά
385 4143 502 4230 ἤγειρα]
535 4147 562 4208 ε]
580 4148 640 4230 γάρ
660 4147 768 4234 ἤγειρα
790 4157 820 4212 V.
864 4156 960 4215 Solum
981 4148 1092 4238 ἤγειρα
1110 4133 1159 4219 ἐει
1178 4162 1206 4232 ,in
1225 4157 1253 4214 8.

102 4440 373 4608 Α..
