2867 5084
566 1014 688 1067 ικντιι.
707 1020 947 1071 mmmm.
1211 1011 1268 1073 133

250 1166 372 1231 λέτιον.
404 1168 457 1231 καὶ
482 1167 620 1254 διῃρέθη
643 1168 763 1252 τὸμὲν
786 1173 919 1257 πλῆθος
941 1170 1010 1257 ἅμα
1025 1176 1179 1258 Μελετίηι
1197 1174 1271 1240 ἐπι-

247 1262 386 1328 σκόπων
415 1289 451 1329 τε
478 1267 531 1329 καὶ
560 1269 711 1348 μοναχῶν
741 1270 794 1333 καὶ
824 1277 1055 1355 πρεσβυτέρων
1083 1278 1137 1337 καὶ
1161 1269 1271 1336 ἄλλων

247 1360 434 1443 ταγμάτων.
477 1356 583 1446 ὀλίγοι
606 1364 640 1429 δὲ
663 1367 836 1443 παντελῶς
858 1362 927 1449 ἅμα
949 1373 1069 1454 Πέτρῳ
1091 1371 1138 1453 τῷ
1162 1362 1270 1450 ἀρχιε-

247 1457 424 1543 πισκόπιμ,
456 1457 636 1526 έπίσκόποί
658 1485 693 1526 τε
715 1465 768 1527 καὶ
793 1460 889 1528 ἄλλοι
912 1461 1027 1549 ὀλίγοι.
1072 1468 1124 1530 καὶ
1150 1463 1271 1530 λοιπὸν

248 1544 345 1619 οὗτοι
367 1551 434 1619 κατ’
454 1556 540 1621 ίδίαν
564 1555 709 1642 ηύχσντσ,
734 1562 787 1624 καὶ
811 1549 902 1626 σύτοι
926 1556 994 1625 κατ’
1021 1561 1117 1638 ἰδίαν,
1141 1564 1194 1626 καὶ
1211 1559 1296 1639 τὰς5

248 1649 353 1729 ἄλλας
376 1652 559 1737 ἱερουργίας
581 1649 739 1734 ιύσαύτως
762 1657 896 1734 ἕκαστος
920 1657 989 1742 ίδίη
1012 1657 1168 1724 ἐπετέλει.

195 1766 242 1816 '119
338 1755 468 1816 Γίνεται
498 1751 532 1816 δέ
556 1757 684 1836 Πέτρον
711 1756 934 1839 μαρτυρῆσαι,
964 1757 1017 1819 καὶ
1049 1753 1227 1838 ἐτελειώθη
1251 1748 1270 1817 δ

247 1847 420 1929 μακάριος,
444 1847 598 1929 διάδοχον
620 1851 824 1928 καταλείψας
836 1845 1051 1936 Ἀλέξανδρον
1075 1851 1108 1918 ἐν
1124 1854 1163 1939 τῇ
1177 1846 1271 1917 Ἀλε-

249 1945 413 2031 ξανδρείᾳ.
460 1939 560 2026 αύτὸς
586 1944 647 2030 γάρ
675 1947 859 2028 διαδέχεται
882 1947 939 2013 τὸν
964 1947 1085 2032 θρόνον
1107 1947 1191 2032 μετὰ
1213 1947 1270 2015 τὸν

247 2046 489 2127 προειρημένον
511 2047 650 2125 Πέτρον.
690 2045 856 2122 Μελέτισς
884 2046 920 2111 δέ
947 2052 999 2111 καί
1030 2045 1126 2112 ἄλλοι
1149 2045 1268 2111 πολλοὶ
1280 2052 1311 2103 ¹⁰

249 2137 417 2224 έξορισμηῑ
432 2133 612 2216 ὑπέπεσον,
636 2135 916 2224 ύπερορισδέντες
937 2142 1057 2220 ἐντοῖς
1075 2148 1272 2227 Φαινησίσις

248 2236 436 2318 μετάλλοις.
467 2239 520 2301 καὶ
544 2237 619 2302 τότε
641 2237 763 2302 λοιπὸν
786 2238 817 2303 ολ
841 2238 1016 2323 δυρόμενοι
1041 2236 1132 2315 ὄντες
1151 2235 1272 2321 ὁμολο-

248 2335 346 2416 yma)
370 2328 439 2414 ἅμα
458 2334 623 2418 Μελετίηι,
645 2332 701 2398 καὶ
725 2328 824 2412 αύτὸς
845 2337 1012 2411 Μελέτιος
1033 2334 1068 2400 ἐν
1089 2337 1128 2419 τῇ
1153 2334 1270 2417 εἱρκτῇ,

248 2428 335 2495 κατὰ
363 2429 421 2514 τὴν
450 2424 664 2514 δδσιπσρίαν,
699 2425 775 2494 καθ’
808 2430 946 2516 ἑκάστην
972 2431 1080 2514 χώραν
1109 2433 1162 2495 κατ’
1193 2423 1268 2493 καθ’

250 2527 389 2593 ἕκαστον
411 2526 517 2593 τύπον
541 2526 750 2610 διερχόμενος
771 2534 917 2593 καθίστα
931 2526 1111 2613 κληρικούς,
1136 2523 1271 2591 εἰτισκό-
1283 2533 1312 2583 15

248 2647 338 2701 πους
358 2647 395 2689 τε
417 2627 470 2689 καὶ
494 2630 752 2708 πρεσβυτέρους,
776 2627 831 2689 καὶ
855 2624 1041 2702 διακόνους,
1071 2631 1125 2688 καί
1148 2618 1273 2707 ηἰκοδά-

219 2734 307 2804 Βμει
331 2719 500 2806 έκκλησίας
522 2721 618 2798 ἰδίας,
642 2723 694 2785 καὶ
720 2719 795 2787 ούτε
818 2711 911 2787 οὗτοι
933 2721 1064 2798 τούτοις
1079 2717 1272 2786 έκοινιύνουν

249 2815 327 2883 ούτε
350 2817 468 2884 ἐκεῖνοι
490 2817 629 2895 τούτοις.
661 2818 850 2904 ἐπέγραφον
874 2821 910 2884 δὲ
933 2818 1069 2895 ἕκαστος
1092 2817 1125 2883 ἐν
1147 2819 1186 2902 τῇ
1203 2815 1273 2900 ίδίᾳ

249 2915 405 3002 ἐκκλησίᾳ
428 2915 541 2997 οἱμὲν
565 2911 635 2980 άπὸ
657 2919 716 2980 τού
740 2922 870 2998 Πέτρου
893 2914 1122 2997 διαδεξάμενοι
1146 2914 1272 2994 ἔχοντες

248 3011 312 3089 τὰς
341 3011 443 3089 ούσας
472 3006 609 3096 ἀρχαίας
635 3011 819 3098 ἐκκλησίας,
850 3009 902 3077 ὅτι
925 3012 1077 3098 ἐκκλησία
1099 3007 1312 3094 καθολικη.λῦ

250 3109 284 3175 οἱ
309 3109 344 3175 δὲ
367 3103 437 3174 άπὸ
461 3110 628 3175 Μελετίου
652 3107 804 3195 ἐκκλησία
825 3108 1009 3191 μαρτύρων.
1056 3104 1138 3172 ὅθεν
1161 3111 1213 3170 καί
1238 3104 1271 3171 έν

243 3201 525 3291 Ἕλιυίλεροπόλει
555 3205 610 3271 καὶ
639 3203 672 3270 ἐν
695 3204 797 3292 Γάζῃ,
826 3209 879 3270 καὶ
904 3206 937 3271 έν
959 3205 1068 3288 Αίλίηι
1090 3199 1272 3284 παρελθὼν

248 3298 268 3368 ὖ
295 3298 393 3382 αι’»τὸς
408 3305 575 3380 Μελέτιος
597 3301 743 3380 πολλοὺς
765 3298 870 3379 σύτιυς
888 3301 1119 3384 ἐχειροτόνησε.
1151 3299 1203 3361 καὶ
1219 3301 1273 3382 γέ-

247 3424 346 3486 χσνεν
375 3395 475 3465 αύτὸν
500 3402 756 3485 χρονοτριβῆσαι
786 3398 820 3464 ἐν
846 3408 919 3476 τοῖς
941 3399 1193 3480 προειρημένοις
1213 3418 1270 3477 με·

246 3496 395 3575 τάλλοις,
419 3492 503 3563 άλλδι
517 3494 639 3580 μεταξὺ
655 3490 860 3561 ἀπολύονται
876 3498 942 3561 τῶν
956 3491 1127 3578 μετάλλων
1143 3491 1174 3557 ολ
1191 3485 1312 3574 ὁμο-25

249 3595 399 3680 λοχηταὶ,
422 3595 459 3660 οἵ
478 3618 514 3661 τε
536 3597 594 3658 τοῦ
616 3598 737 3676 μέρους
757 3598 888 3675 Πέτρου
914 3581 1009 3678 (ἦσαν
1030 3588 1092 3675 γὰρ
1115 3586 1164 3653 έτι
1186 3587 1271 3652 πυλ-

217 3694 319 3765 caol,
341 3691 395 3758 καὶ
417 3691 450 3757 ολ
471 3694 530 3756 τοῦ
553 3692 731 3757 Μελετίου.
764 3684 841 3755 οὐδὲ
863 3688 923 3774 γὰρ
947 3687 980 3753 ἐν
1004 3695 1076 3762 τοῖς
1096 3683 1273 3765 μετάλλοις

248 3785 409 3875 ἀλληλοις
432 3787 634 3866 ἐκοινώνουν,
657 3781 679 3874 ἢ
695 3785 901 3870 συνηύχοντο.
932 3789 1057 3868 γίνεται
1073 3781 1107 3846 δὲ
1124 3778 1181 3844 τὸν
1197 3784 1272 3844 Με-

247 3889 364 3953 λέτισν
385 3885 435 3953 ἔτι
456 3887 634 3971 διατρῖψαι
657 3883 691 3951 ἐν
713 3883 826 3968 κόσμῳ
846 3883 974 3966 χρόνον,
998 3874 1085 3944 ὥστε
1106 3873 1274 3956 συνακμά-

247 4007 311 4052 σαι
334 3984 386 4048 καλ
405 3976 611 4068 Ἀλεξάνδρῳ
632 3982 680 4068 τῷ
702 3982 761 4045 τοῦ
784 3985 915 4062 Πέτρου
937 3974 1081 4059 διαδόχῳ
1088 4021 1097 4050 ,
1124 3971 1166 4037 τὰ
1188 3971 1310 4058 φίλου

243 4106 287 4148 τε
316 4079 415 4162 ἔχειν,
446 4079 602 4164 ἐμερίμνα
629 4102 667 4146 τι
694 4074 736 4142 τὰ
764 4077 841 4160 περὶ
864 4078 923 4160 τῆς
945 4071 1116 4156 ἐκκλησίας
1137 4071 1190 4134 καὶ
1212 4074 1272 4135 πί·

246 4200 366 4255 στεως.
411 4177 493 4264 ἔφην
521 4174 582 4262 γὰρ
611 4172 774 4250 πολλάκις
803 4167 856 4238 ὅτι
877 4164 972 4236 ούδὲν
995 4161 1079 4250 εἶχεν
1100 4166 1271 4253 παρηλλα-

243 4279 379 4365 χμένοτ.
