2867 5084
483 1003 579 1057 hm
596 1004 802 1056 mmmm.
1110 994 1152 1056 45

105 1176 209 1224 ιτινα
250 1157 442 1225 δυναστείαν
482 1156 680 1240 ἐξισχόσασα
717 1156 819 1224 πάλιν
852 1155 1065 1244 άφαιρήσειε,
1099 1159 1153 1222 καί

129 1255 228 1321 ἔσται
250 1249 300 1323 άελ
323 1248 391 1321 κατ’
417 1250 517 1321 αὐτὸν
538 1254 577 1321 τὸ
592 1254 691 1323 κακὸν
706 1248 952 1339 ἀνθιστάμενον
974 1258 1027 1322 καὶ
1054 1256 1156 1341 μηδέ-

127 1377 217 1420 ποτε
239 1353 312 1435 ἔχον
334 1351 392 1439 τὴν
414 1351 616 1440 κατάληψιν,
646 1351 694 1431 εἰς
721 1352 760 1417 τὸ
782 1353 926 1439 διηνεκὲς
948 1348 1097 1438 άρπάζον
1119 1378 1155 1420 τε

127 1454 184 1516 καί
209 1446 449 1535 ἁρπαζόμενον.
483 1450 513 1517 εί
534 1450 571 1517 δέ
593 1452 647 1516 καὶ
669 1451 796 1530 λέξειαν
819 1450 851 1516 οἱ
873 1449 934 1529 τὰς
956 1457 1078 1538 ηρένας
1098 1458 1155 1535 με·

129 1549 316 1632 βλαμμένοι
347 1542 577 1634 άπατηθίντες
604 1548 687 1614 κατὰ
714 1548 826 1614 πάντα
850 1547 975 1632 τρόπον
1004 1544 1073 1628 ὅτι,
1096 1548 1179 1614 hirs

129 1645 189 1732 τὴν
213 1646 407 1711 πανοπλίαν
429 1640 448 1709 6
469 1640 599 1731 ἀγαθὸς
620 1647 702 1723 θεὸς
724 1649 782 1710 τοῦ
804 1652 924 1730 μέρους
945 1649 1004 1711 τοῦ
1019 1639 1077 1713 ἀπ’
1095 1640 1155 1710 αό-

130 1746 189 1809 vo&
213 1737 469 1830 ἅφαρπαγέντος
489 1747 592 1830 καιρῷ
621 1742 846 1830 ἐλευθερώσῃ,
875 1743 952 1810 τότε
972 1742 1032 1821 τὰς
1054 1737 1156 1826 άρχάς

130 1844 186 1908 καὶ
208 1839 270 1918 τάς
292 1840 443 1920 ἐξουσίας
463 1843 521 1926 τῆς
543 1840 694 1920 ἐναντίας
714 1841 884 1924 δυνάμεως
905 1835 1081 1928 ἀφανίσειε
1099 1841 1153 1906 καί

131 1936 394 2022 ἐξολοθρεύσειι,
416 1941 470 2005 καί
494 1939 523 2005 εί
545 1939 594 2006 ἔτι
609 1939 703 2007 ἔσται
717 1942 825 2017 τοῦτο,
848 1940 902 2004 καί
919 1938 948 2004 εί
964 1934 1050 2016 ὅλως
1064 1933 1154 2025 άφα-

132 2044 219 2103 νίσει
241 2032 260 2101 δ
283 2030 413 2121 άγαθὸς
432 2037 516 2115 θεὸς
537 2040 591 2103 καὶ
615 2035 856 2118 ἐξολοθρεύσει,
880 2036 1035 2115 ἐξέπεσεν
1054 2032 1073 2101 6
1095 2040 1154 2102 τοῦ
1167 2052 1195 2101 ιο

133 2130 276 2219 ἀγύρτου
305 2132 417 2219 λόγος,
446 2129 466 2199 6
494 2133 631 2223 φάσκων
659 2133 703 2220 μη
734 2128 818 2200 εἶναι
840 2136 969 2201 δίκαιον
991 2133 1050 2200 τὸν
1073 2129 1154 2219 άγα-

101 2230 210 2311 ὓθὸν,
232 2233 315 2317 μηδέ
338 2231 372 2297 ἐν
393 2238 500 2316 κρίσει
516 2238 720 2316 κατακρίνειν
734 2231 793 2297 τὸν
808 2227 1048 2315 ἁμαρτάνοντα,
1072 2232 1155 2318 μήτε

130 2328 293 2415 βασάνοις
307 2328 384 2396 τινὰ
398 2327 628 2413 παραδιδόντα
642 2328 725 2415 μήτε
738 2335 916 2396 κτείνοντα.
948 2329 977 2395 εί
991 2327 1053 2413 γὰρ
1069 2325 1155 2406 ὅλως

131 2426 192 2494 τὸν
214 2426 381 2512 διάβολον,
405 2423 461 2494 εἴτ’
479 2416 537 2492 οὖν
557 2424 617 2510 την
639 2420 863 2509 ἀντικειμένην
875 2424 1048 2511 ἐνέργειαν,
1065 2420 1155 2512 άφα-

134 2530 228 2591 νίσαι
248 2528 351 2592 τεκαὶ
367 2524 607 2610 έξολοθρεῦσαι
621 2527 789 2609 πειρᾶται,
812 2517 915 2610 ἢκαδ
933 2518 1033 2590 αἰτόν
1047 2518 1156 2589 οὐκέτι
1167 2538 1195 2588 15

134 2622 230 2689 ἔσται
251 2616 394 2708 άγαθὸς,
419 2617 465 2700 ιός
486 2617 505 2688 6
527 2619 628 2688 αὐτοῦ
651 2628 797 2707 περιέχει
819 2620 925 2705 λόγος,
955 2615 976 2709 ἢ
1003 2623 1052 2688 ἔτι
1075 2617 1156 2707 dya-

131 2720 199 2799 θός
221 2715 268 2787 τόν
289 2720 328 2785 τὸ
351 2720 497 2805 πονηρὸν
519 2717 698 2800 άναλίσκει,
721 2723 776 2786 καί
799 2721 891 2787 ἔσται
907 2708 1004 2798 οὗτος
1022 2715 1040 2783 6
1056 2723 1156 2804 ποιη-

132 2841 195 2898 σας
222 2817 281 2884 τὸν
308 2812 449 2902 σδρανὸν
471 2821 523 2884 καί
545 2816 605 2904 τὴν
625 2821 685 2905 γῆν
706 2817 833 2904 κύριος,
865 2812 910 2895 ὡς
931 2819 985 2883 καί
1009 2817 1098 2883 ἐστιν
1121 2817 1155 2883 ἐν

132 2911 295 3004 άληθείηι,
323 2911 341 2980 δ
364 2914 490 3001 ἑκάστῳ
513 2909 698 2994 άποδίδοὺς
718 2914 802 2982 κατὰ
823 2913 865 2981 τά
889 2914 966 3001 ἔργα
988 2910 1106 2993 αὐτοῦ,
1137 2910 1155 2979 ό
1181 2944 1183 2950 ’

133 3009 173 3080 δι’
194 3010 384 3100 ὑπερβολὴν
407 3010 616 3099 άγαθότητος
637 3016 684 3099 τῷ
708 3009 828 3099 ἀγαθῷ
850 3014 905 3078 καί
926 3013 1099 3098 κεκμηκότι
1121 3012 1196 3079 ἐντι)

134 3107 320 3198 άγαθότητι
342 3116 495 3195 παρέχων
522 3111 561 3176 τό
584 3104 729 3195 ἀγαθὸν,
757 3112 810 3177 καί
834 3113 880 3194 τῷ
901 3109 945 3176 τά
967 3111 1079 3196 φαῦλα
1102 3112 1157 3177 δε·

94 3209 271 3293 δθόρακότι
291 3207 331 3274 τό
354 3209 482 3275 δίκαιον
504 3203 691 3292 ἀπονέμων.
733 3210 788 3274 καὶ
810 3206 1022 3288 πανταχόθεν
1047 3206 1156 3293 ἐξελη·

134 3308 265 3393 λιγκται
285 3300 387 3373 αὐτοῦ
410 3300 428 3370 6
444 3304 549 3389 λόγος,
566 3300 796 3394 όποφθείρων
811 3306 948 3389 καρδίας
962 3301 1156 3388 ἀνθρώπων

134 3405 179 3484 είς
201 3403 245 3471 τὰ
268 3403 409 3471 ἐναντία.

216 3508 270 3569 25.
303 3500 398 3568 Κατὰ
420 3501 506 3580 λέξιν
529 3501 565 3567 δὲ
586 3501 731 3586 καθεξῆς
751 3497 910 3579 ὑποτάξω
926 3495 1197 3585 ἆρμοττόντωςτο

132 3599 171 3665 τὸ
192 3594 297 3687 αότοῦ
318 3598 482 3688 φρόνημα,
506 3592 577 3664 άπό
598 3602 664 3664 τῶν
679 3593 858 3682 Ἀρχελάου
873 3596 959 3680 πρὸς
981 3593 1081 3666 αὐτὸν
1095 3623 1159 3666 πε-

133 3701 434 3783 πραγματευμένων
463 3694 497 3762 ἐν
518 3698 558 3783 τῇ
580 3695 667 3779 πρὸς
688 3690 789 3762 αὐτὸν
811 3689 997 3783 ἀντιλογίᾳ,
1028 3691 1075 3775 ὥς
1096 3691 1170 3782 mi·-

132 3794 189 3875 τὸς
210 3790 409 3878 άπεκάλυψι
429 3792 575 3879 Τόρβων,
599 3789 649 3872 εἷς
667 3797 736 3861 τῶν
758 3787 858 3860 αδτοῦ
880 3797 1053 3880 μαθητῶν,
1077 3795 1154 3877 περὶ

133 3882 172 3960 οδ
194 3890 266 3959 ἄνω
287 3889 511 3979 ἐπεμνήσθην.
557 3891 836 3978 ἐπερωτησάντων
857 3898 968 3958 τοίνυν
988 3895 1055 3957 τῶν
1077 3897 1156 3974 περί

130 3984 310 4076 Ἀρχέλαον
348 3987 407 4056 τόν
442 3988 629 4057 ἐπίσκοπον
664 3992 720 4057 καί
756 3987 954 4072 Μάρκελλον
997 3988 1197 4073 Τόρβωναιο

132 4091 211 4174 περί
231 4091 295 4173 τῆς
314 4090 374 4155 τοῦ
395 4087 498 4172 Μάνη
522 4087 746 4166 διδασκαλίας,
771 4082 940 4172 όϊόρβων
955 4081 1156 4170 ἀπεκρίνατο

133 4189 237 4274 λέγων
272 4181 373 4254 ἅτινα
406 4183 442 4253 ἐκ
476 4187 535 4251 τοῦ
571 4184 703 4269 βιβλίου
733 4190 938 4270 παρεθέμην.
982 4185 1035 4250 καί
1067 4184 1157 4252 ἐστιν

1012 4635 1014 4638 ·
1121 4526 1284 4672 1·
