2867 5084
963 808 998 895 ἲ
1022 900 1029 919 .

491 956 595 1010 mx.
612 960 876 1011 κιττίαινοι.
948 944 999 959 ’“
1124 950 1187 1012 w

172 1108 300 1195 κεφαλὴ
329 1109 365 1174 δὲ
394 1115 539 1195 πέφηνεν
569 1086 756 1193 δΧριστδς
783 1106 802 1176 6
829 1109 1005 1197 μονογενὴς
1032 1111 1103 1191 υίὸς
1129 1115 1188 1179 τοῦ

173 1210 269 1286 θεοῦ,
302 1209 355 1272 καί
380 1204 530 1294 ε’γνωσθη
551 1211 598 1294 τῷ
621 1207 733 1292 κόσμῳ
763 1202 849 1273 δαλν
871 1203 922 1275 άεί
950 1214 1004 1274 καλ
1025 1209 1069 1295 μὴ
1090 1235 1189 1295 γινω-

173 1304 334 1387 σκόμενος
355 1303 448 1387 παρὰ
474 1308 514 1391 τῇ
536 1304 628 1391 πάση
657 1300 897 1392 άνθρωπότητι
924 1300 945 1393 ἢ
965 1305 1067 1388 μόνον
1088 1307 1189 1386 ἐνίοις

173 1412 247 1479 τοῖς
275 1400 322 1479 εἰς
350 1395 449 1468 αῦτὸν
478 1401 752 1481 πεπιστευκόσιν,
791 1397 835 1468 ἵν’
867 1399 946 1467 όταν
976 1407 1101 1519 γνῶμεν
1128 1405 1189 1490 την

174 1497 329 1585 κεφαλὴν,
352 1498 396 1583 μὴ
419 1499 680 1583 καταισχύνωμεν
698 1499 756 1586 τὴν
771 1499 922 1585 κεφαλήν.
954 1495 990 1565 ού
1007 1501 1067 1584 γὰρ
1083 1503 1213 1569 ἕνεκτνο

92 1616 144 1667 1οῖ
135 1599 234 1683 ετῆς
256 1597 342 1675 ἰδίας
363 1600 507 1683 κεφαλῆς
529 1600 623 1713 λέγει,
653 1592 766 1663 άλλΗ
748 1596 817 1662 απδ
845 1601 909 1716 τῆς
925 1597 1063 1676 ίδίος’
1033 1623 1080 1676 εις
1101 1605 1188 1682 Χρι-

174 1693 254 1760 στδν
277 1692 450 1778 ἐνσκήπτει
478 1693 595 1782 τὸτῆς
616 1695 769 1781 χλεύης’
752 1716 860 1779 εργον’
888 1721 908 1782 η
936 1718 1039 1813 φησιν
1060 1690 1078 1762 δ
1101 1691 1189 1762 άπό·

175 1792 329 1868 στολος’
333 1785 421 1874 αῦτη
444 1785 463 1880 ἦ
487 1791 586 1877 φύσις
609 1788 647 1857 ού
670 1788 857 1859 διδάσκει(
840 1796 924 1876 υμᾶς
947 1788 999 1858 ὅτι
1021 1788 1101 1879 ἀνὴρ
1127 1794 1188 1876 μὲν

175 1887 233 1955 ἐὰν
254 1891 348 1974 κομᾷ,
380 1883 495 1970 άτιμία
524 1885 612 1974 αυτῷ
635 1889 742 1971 εστι,·”
757 1935 759 1943 ·
785 1886 865 1976 αῦτη
889 1886 969 1956 δὲί
950 1917 969 1976 η
993 1886 1109 1974 άτιμία
1131 1884 1190 1958 οῦκ

174 1985 330 2071 ἐπαινετὴ
353 1981 398 2064 ὡς
420 1986 532 2071 ἐκείνη,
556 1989 696 2073 λέγουσα
711 1983 764 2052 ὅτι
787 1987 960 2074 *ἀίσχύνης
980 1987 1228 2075 καταφρονή·Ιο

174 2088 265 2162 σας.”
299 2078 336 2148 ού
353 2083 413 2167 γὰρ
430 2082 485 2149 διὰ
508 2084 589 2150 θεὸν
610 2081 629 2172 ἡ
651 2080 759 2173 άρετὴ,
782 2082 841 2151 κάν
862 2109 899 2153 τε
921 2084 976 2151 διὰ
998 2085 1081 2152 θεὸν
1105 2082 1188 2152 ῦπα-

173 2183 331 2269 ληφθείη,
356 2177 439 2247 ἀλλὰ
462 2182 517 2247 διὰ
541 2184 745 2268 φιλονεικίαν
771 2177 789 2246 δ
810 2181 936 2265 τρόπος
957 2182 1189 2264 παρελθόντος

172 2282 235 2345 τοῦ
262 2278 345 2345 κατὰ
373 2280 473 2362 μόνον
507 2279 613 2345 τύπου
645 2281 698 2345 καλ
731 2278 894 2362 ἐλθούσης
926 2282 985 2365 τῆς
1016 2275 1187 2366 ἀληθείας.

174 2379 262 2461 λέγει
284 2378 320 2442 δὲ
343 2377 396 2443 “εἰ’
414 2402 465 2454 τις
488 2378 577 2444 δοκεῖ
599 2375 786 2464 φιλόνεικος
808 2369 902 2453 εἶναι,
917 2370 1012 2460 ἡμεῖς
1032 2376 1187 2464 τοιαύτην

175 2473 356 2559 συνήθειαν
386 2469 443 2540 οὐκ
472 2476 594 2557 ἔχομεν,
629 2472 705 2540 οῦδὲ
733 2474 769 2538 αἱ
797 2472 962 2558 ἐκκλησίαι
988 2476 1047 2538 τοῦ
1075 2477 1186 2541 θεοῦ.”
1200 2489 1228 2541 15

144 2573 397 2655 Βπαρεξέβαλεν
430 2561 487 2637 οὖν
520 2573 596 2650 τούς
627 2571 669 2638 τά
700 2572 838 2636 τοιαῦτα
868 2570 1099 2655 ἐργαζομένους
1132 2571 1188 2638 καὶ

173 2673 364 2746 ποιοῦντας,
388 2669 421 2734 ίν
445 2670 628 2755 φιλονεικίᾳ
649 2693 685 2736 τε
708 2665 814 2747 ὄντας,
837 2664 908 2734 άπό
929 2694 964 2735 τε
985 2671 1043 2735 τοῦ
1058 2672 1188 2752 θεσμοῦ

173 2771 242 2832 τῶν
265 2761 460 2832 ἀποστόλων
483 2770 534 2832 καλ
559 2761 628 2832 άπὸ
644 2768 701 2852 τῆς
715 2769 774 2831 τοῦ
790 2768 873 2832 θεοῦ
889 2765 1066 2851 ἐκκλησίας.
1104 2761 1189 2833 ἀλλὰ

172 2866 279 2929 ταῦτα
316 2860 567 2951 ἠναγκάσθημεν
601 2865 705 2948 λέγειν
739 2861 797 2928 διὰ
827 2862 884 2948 τὴν
916 2863 1089 2950 πρόφασιν
1121 2866 1187 2930 τῶν

173 2968 420 3047 προειρημένων
443 2963 710 3039 Μασσαλιανῶν,
745 2956 799 3025 ὅτι
824 2963 877 3026 καί
906 2955 999 3026 αὐτοὶ
1034 2960 1229 3045 λαβύντεςεο

176 3057 305 3124 ἐκεῖθεν
326 3061 384 3123 τοῦ
408 3057 616 3143 φρονήματος
637 3057 696 3143 τὴν
710 3056 810 3122 νόσον
831 3081 884 3123 και
875 3058 1162 3141 ἐκτραπέντες
1129 3083 1187 3142 την

177 3153 327 3222 διάνοιαν
350 3153 521 3234 εξώκειλαν
548 3181 587 3240 τη
616 3149 774 3269 άλη,θείᾳ
811 3157 865 3219 καὶ
896 3177 1032 3239 κατεστη
1061 3153 1189 3235 αἵρεσις

176 3253 213 3320 ἐν
235 3247 436 3338 δεινότητι
418 3261 532 3373 αργίας
554 3277 607 3317 και
630 3254 695 3315 τῶν
719 3249 827 3315 ἄλλων
848 3253 964 3315 κακῶν.

262 3356 290 3417 8.
325 3349 471 3416 Ταῦτά’
458 3373 546 3415 εστιν
570 3347 591 3414 ἃ
614 3352 689 3431 περὶ
711 3347 837 3412 τούτων
858 3348 911 3413 καί
927 3341 1034 3412 αύτιῦν
1051 3341 1189 3433 άκηκόα-

146 3473 236 3533 ςμεν
258 3450 322 3513 τῶν
351 3447 398 3524 εἰς
424 3446 538 3532 χλεύην
566 3448 612 3532 τῷ
640 3444 752 3529 κόσμῳ
774 3444 1003 3511 καταστάντων
1034 3444 1090 3510 καὶ
1112 3460 1228 3529 ουρ-2ο

175 3545 309 3633 φετιόδη
342 3548 418 3611 νοῦν
450 3548 503 3610 καὶ
533 3543 648 3628 λόγους
675 3539 891 3624 ε’ξεμούντων,
925 3536 1117 3609 άσυστάτων
1152 3543 1188 3609 δὲ

175 3642 282 3709 ὄντων
303 3646 356 3709 καί
379 3637 584 3708 ἀνελπίστων
606 3641 659 3705 καὶ
681 3643 739 3725 τῆς
760 3643 818 3704 τοῦ
834 3643 917 3707 θεοῦ
933 3640 1107 3726 οίκοδομης
1126 3640 1188 3719 ἔξω

174 3740 370 3826 βεβηκότων.
415 3734 496 3805 ὅθεν
523 3742 576 3804 καλ
605 3740 681 3820 περὶ
710 3736 835 3802 τούτων
861 3732 954 3822 ὀλίγα
977 3737 1190 3820 διαλαβόντες

174 3827 280 3915 αὖθις
301 3836 348 3916 είς
370 3830 557 3921 ἀνατροπὴν
586 3830 693 3900 αὐτῶν
716 3834 934 3919 ἐργασόμεθα.
979 3839 1030 3901 καί
1055 3839 1188 3918 πρῶτον

175 3936 239 4018 μέν
261 3930 312 4000 ὅτι
333 3945 486 4018 γυναῖκας
507 3933 590 4016 μετὰ
612 3927 740 4015 ἀνδρῶν
762 3932 817 3998 έπί
840 3928 879 3996 τὸ
900 3928 981 3997 αύτδ
997 3927 1090 4010 εἶναι,
1114 3931 1229 3999 ofin»
1301 3939 1305 3957 ¹

176 4030 249 4100 άπὸ
271 4033 417 4109 παλαιᾶς
439 4037 617 4118 συνηθείας
644 4033 709 4095 τῶν
740 4029 839 4116 φύσει
860 4029 1017 4114 συζυγιαῦν
1039 4035 1190 4116 κεκτημέ-

174 4155 245 4198 νων
268 4124 286 4196 6
307 4129 434 4207 δικαιος
463 4123 564 4212 ὁρίζει
591 4128 695 4213 λόγος,
730 4122 813 4193 ἀλλὰ
835 4120 925 4212 [άνηρ
959 4126 1049 4212 γυνη]
1071 4126 1127 4194 ἐπὶ
1149 4127 1190 4194 τὸ

176 4220 261 4294 αῦτὸ
283 4227 340 4294 ἕνα
361 4227 446 4312 πρὸς
466 4225 525 4312 τὴν
546 4233 634 4310 μίαν,
659 4221 703 4303 ὥς
722 4219 829 4310 Ἀδὰμ
851 4223 935 4309 πρὸς
949 4221 1007 4310 τὴν
1021 4222 1120 4306 Εύαν,
1144 4220 1191 4305 ὥς

990 4325 1040 4380 ³5*
