2867 5084
236 928 297 989 νῖν
462 938 668 989 mmmm*
685 937 780 987 ma
798 938 985 987 ιινιιῑιιαα
1000 938 1030 985 υ.

241 1096 287 1179 τῷ
313 1096 382 1176 θεῷ
403 1091 456 1156 καί
480 1091 599 1173 πατρὶ,
633 1075 672 1153 οὗ
700 1091 758 1173 τῆς
782 1089 971 1172 βασιλείας,
1005 1085 1087 1153 κατὰ
1113 1086 1173 1174 τὴν
1202 1090 1259 1154 τοῦ

242 1184 431 1256 ἀποστόλου
460 1192 657 1272 μαρτυρίαν,
691 1181 749 1252 οὐκ
778 1185 870 1252 ἔσται
898 1189 1002 1264 τέλος.
1047 1173 1145 1263 οὗτος
1178 1183 1259 1265 υἱός,

242 1276 338 1365 οὗτος
362 1284 511 1368 δύναμις,
547 1273 642 1361 οὗτος
665 1289 785 1369 σοφία,
820 1273 917 1362 οὗτος
945 1284 1032 1361 ίδιος
1053 1285 1105 1348 καί
1130 1277 1259 1369 ἀληθὴς

242 1389 299 1449 τοῦ
322 1386 406 1450 θεοῦ
429 1382 526 1466 λόγος
548 1377 565 1445 ό
588 1379 697 1464 κύριος
721 1375 811 1467 ἡμῶν
832 1375 954 1467 Ἰησοῦς
968 1378 1124 1466 Χριστὸς,
1149 1373 1259 1447 ἀδιαί-

218 1495 336 1564 ορετος
358 1480 494 1564 δόναμις
515 1482 573 1544 τοῦ
596 1481 688 1556 θεοῦ,
718 1473 758 1542 δι’
784 1466 823 1543 οδ
845 1476 886 1544 τὰ
907 1477 1018 1544 πάντα
1039 1477 1080 1543 τά
1101 1475 1259 1562 γενόμενα

241 1584 360 1663 γέγονε,
384 1577 497 1655 καθὼς
519 1575 558 1641 τὸ
581 1570 766 1659 εὐαγγέλιον
787 1580 954 1659 μαρτυρεῖ,
983 1577 1075 1659 λέγον
1099 1575 1154 1641 “gv
1176 1569 1259 1663 ἀρχῇ

242 1666 280 1762 ἦν
304 1672 322 1740 ό
345 1676 454 1760 λόγος,
485 1677 539 1740 καί
563 1669 579 1738 ό
603 1672 699 1757 λόγος
723 1663 759 1758 ἦν
782 1675 867 1758 πρὸς
889 1673 946 1739 τὸν
969 1672 1067 1752 θεὸν,
1101 1676 1154 1738 καί
1177 1670 1259 1751 θεὸς

241 1763 280 1858 ἦν
304 1770 321 1837 δ
344 1773 448 1856 λόγος.
481 1770 591 1837 πάντα
614 1764 654 1835 δι’
679 1766 779 1836 αὐτοῦ
803 1771 937 1855 ἐγένετο,
961 1773 1013 1837 καί
1034 1772 1135 1854 χωρὶς
1158 1765 1259 1837 αὐτοῦ

243 1869 367 1954 ἐγένετο
391 1864 466 1935 οὐδὲ
496 1869 555 1935 {w
599 1857 695 1946 οὗτός
724 1867 812 1934 ἔστιν
842 1864 859 1934 δ
889 1868 998 1953 λόγος’,
1032 1867 1110 1951 περὶ
1138 1858 1177 1933 οὗ
1206 1870 1259 1935 καί

207 1981 234 2030 10
244 1970 379 2044 Λουκᾶς
402 1962 419 2031 δ
443 1963 670 2051 εόαγγελιστης
691 1977 850 2050 μαρτυρεῖ
874 1968 975 2051 λέγων
1000 1966 1134 2043 ’καθὼς
1155 1972 1259 2050 παρί-

243 2066 349 2130 δωκαν
373 2060 450 2150 ἡμῖν
472 2064 504 2129 ολ
528 2056 584 2129 ἀπ’
603 2058 702 2150 ἀρχῆς
724 2059 889 2128 αὐτόπται
911 2063 965 2129 καί
986 2058 1144 2149 ὑπηρέται
1168 2062 1259 2148 γενό·

241 2187 335 2245 μενοι
357 2165 415 2227 τοῦ
439 2161 564 2247 λόγου.”
594 2164 669 2244 περὶ
693 2160 811 2226 τοότου
834 2165 887 2227 καί
903 2161 1014 2243 Δαβλδ
1030 2163 1091 2246 ἔφη
1109 2158 1259 2247 “2²ngss-

242 2263 320 2340 ξατο
345 2256 362 2347 ἡ
386 2263 503 2344 καρδία
524 2284 588 2344 μου
611 2258 707 2343 λόγον
730 2255 888 2343 ἀγαθόν.”
923 2254 1009 2324 οότιυ
1031 2258 1087 2323 καὶ
1109 2252 1126 2322 δ
1149 2258 1259 2341 κύριος

242 2354 333 2445 ἡμῶν
354 2353 474 2444 Ἰησοῦς
498 2356 646 2441 Χριστός
666 2353 752 2444 ἡμᾶς
781 2356 928 2423 διδάσκει
957 2355 1013 2422 διὰ
1040 2359 1098 2421 τοῦ
1129 2350 1259 2440 εὐαγγε-

207 2456 330 2534 λολίου,
366 2458 467 2539 λέγων
497 2454 580 2539 ··ἐγιὺ
609 2454 642 2520 ἐκ
671 2458 729 2519 τοῦ
759 2452 886 2538 πατρὸς
914 2454 1054 2538 ἐξῆλθον
1082 2455 1135 2518 καί
1165 2448 1259 2535 ἥκιν.”

244 2543 340 2630 οὗτος
361 2547 411 2618 ἐπ’
430 2552 574 2633 ἐσχάτων
597 2555 662 2616 τῶν
685 2547 813 2637 ἡμερῶν
835 2553 1006 2618 κατελθών
1029 2548 1085 2617 διά
1106 2550 1164 2636 την
1180 2546 1259 2635 ἡμε-

242 2657 338 2732 τέραν
361 2656 525 2734 σωτηρίαν
548 2650 599 2714 καὶ
625 2647 658 2713 ἐκ
680 2651 738 2733 τῆς
753 2651 924 2732 παρθένου
937 2655 1073 2731 Μαρίας
1088 2646 1259 2734 γεννηθείς

242 2745 299 2811 τὸν
322 2742 506 2828 ἀνθριυπσν
530 2747 653 2828 ἓλαμε.”

327 2848 355 2907 3.
398 2841 573 2908 ’Ἡιοτεόιυ
602 2830 658 2906 σόν
682 2842 729 2918 είς
752 2840 832 2906 θεὸν
861 2842 1113 2926 παντοκράτσρα
1134 2848 1188 2909 καί
1213 2842 1259 2923 είς

203 2938 389 3024 ίυΧριστὸν
408 2934 529 3024 Ἰησοῦν
552 2938 608 3003 τόν
632 2938 702 3004 υἱόν
726 2933 827 3003 αότοό
849 2940 906 3005 τὸν
928 2943 1095 3027 μονογενῆ,
1123 2939 1182 3006 τὸν
1205 2940 1259 3007 κό·

241 3060 313 3121 ρισν
340 3032 447 3124 ἡμῶν,
481 3036 538 3102 τόν
567 3043 767 3122 γεννηθέντα
797 3036 830 3102 ἐκ
860 3038 1046 3119 πνεύματος
1080 3034 1175 3122 δγίου
1204 3042 1259 3107 καί

247 3140 379 3217 Μαρίας
400 3137 458 3222 τῆς
474 3140 654 3219 παρθένου,
679 3134 736 3201 τὸν
754 3133 808 3200 ε’πί
826 3141 972 3201 Ποντίου
987 3135 1137 3202 Πιλάτου
1159 3159 1259 3205 σταυ-

241 3238 393 3316 ρωθέντα
415 3236 467 3300 καί
491 3238 637 3319 ταφέντα
665 3231 720 3298 καὶ
747 3235 786 3319 τῇ
815 3240 907 3319 τρίτῃ
938 3228 1041 3319 ἡμέρᾳ
1070 3228 1259 3301 ἀναστάντα

242 3329 363 3394 ἐκτῶν
386 3334 520 3413 νεκριόν,
551 3324 718 3413 ἀναβάντα
741 3330 787 3407 είς
815 3330 892 3408 τοὶς
916 3326 1089 3415 οόρανσὲς,
1123 3335 1177 3397 καί
1200 3356 1259 3397 κα-

202 3424 386 3510 νσθημενον
419 3427 452 3493 ἐν
483 3429 574 3514 δεξιᾷ
601 3431 659 3493 τοῦ
692 3427 833 3511 πατρὸς,
869 3423 950 3494 ὅθεν
981 3428 1107 3514 ἔρχεται
1135 3435 1259 3512 κρίνειν

241 3522 364 3602 ζῶντας
385 3526 437 3588 καί
462 3523 606 3608 νεκροός·
639 3529 693 3591 καὶ
722 3525 768 3602 είς
796 3525 835 3590 τό
864 3521 957 3609 άγισν
980 3529 1124 3609 πνεῦμα,
1161 3522 1259 3609 ἁγίαν

241 3620 426 3706 ἐκκλησίαν,
450 3619 570 3706 ἀίγεσιν
593 3617 778 3706 ἁμαρτιῶν,
802 3621 921 3706 σαρκός
943 3619 1139 3701 ἀνάστασιν,
1173 3622 1259 3711 ζωὴν

241 3717 384 3784 αίιόνισν.
417 3711 602 3802 ἀδιαίρετον
626 3714 711 3787 εἶναι
733 3719 790 3808 την
806 3722 951 3807 θεότητα
971 3724 1029 3786 τοῦ
1052 3719 1181 3804 πατρὸς
1202 3719 1259 3788 καί

240 3818 299 3881 τοῦ
328 3814 400 3879 υἱοῦ
430 3815 522 3898 παρὰ
549 3818 615 3882 τῶν
645 3824 754 3884 θείων
775 3818 1013 3903 μεμαθήκαμεν
1035 3821 1182 3904 γραφῶν.
1229 3818 1259 3886 εί

202 3911 300 3998 σογάρ
323 3937 374 3990 τις
393 3914 522 3997 χωρίζει
545 3912 602 3980 τὸν
625 3912 705 3993 υἱὸν,
729 3922 880 3981 τουτέστι
902 3913 1074 4000 τὸνλόγον
1096 3918 1154 3980 τοῦ
1171 3940 1259 3984 παν-

240 4009 437 4095 τοκράτορος
459 4016 552 4091 θεοῦ,
577 4007 696 4099 ἀνάγκη
721 4007 819 4077 αὐτόν
845 4007 865 4098 ἢ
889 4011 946 4077 δόο
969 4012 1071 4090 θεοὺς
1094 4007 1180 4079 εἶναι
1204 4036 1259 4080 νο·

239 4107 360 4188 μίζειν,
396 4103 479 4192 ὅπερ
508 4105 680 4195 ἀλλότριον
708 4112 767 4194 τῆς
794 4115 891 4186 θείας
925 4110 1137 4187 διδασκαλίας
1171 4104 1259 4179 εἶναι

240 4201 438 4287 νενόμισται,
462 4200 482 4293 ἢ
504 4205 561 4271 τὸν
576 4207 672 4292 λόγον
686 4206 732 4290 μη
755 4199 839 4271 εἶναι
860 4205 943 4272 θεὸν
965 4202 1146 4291 ὁμολογεῖν,
1172 4203 1259 4296 ὅπερ
