2867 5084
85 199 597 521 -
700 358 708 370 k
725 199 735 513 Ι
1236 199 1241 523 Ι

505 1034 583 1088 ωσι
601 1037 785 1088 mmm.
1093 1029 1159 1090 243

85 1292 234 1384 ιιΠερὶ
269 1299 337 1365 τοῦ
373 1292 576 1387 σχίσματος
602 1303 681 1368 τῶν
706 1294 913 1369 Αὐδιανῶν
941 1292 988 1383 ν’,
1023 1302 1088 1390 τῆς
1114 1292 1157 1368 δὲ

494 1408 724 1492 ἀκολουθίας
752 1405 792 1480 0'.

223 1581 249 1639 1.
280 1568 463 1653 Αύδιανοί,
488 1571 544 1642 εἴτ’
569 1567 626 1642 οὖν
647 1572 794 1642 Ὠδιανολ
809 1576 916 1660 τάγμα
939 1576 1032 1642 εἰσίν.
1063 1566 1157 1643 οὗτοι

130 1672 168 1737 δὲ
197 1669 233 1736 ἕν
260 1678 496 1756 μοναστηρίοις
523 1675 581 1760 τήν
610 1681 800 1760 κατοίκησιν
828 1679 996 1758 κέκτηνται
1029 1667 1157 1755 ἀναχω-

131 1771 283 1853 ροῦντες,
311 1768 420 1855 τάγμα
443 1766 534 1849 ὄντες
556 1770 589 1838 ἒν
613 1772 764 1856 ἐρημίαις
784 1795 820 1837 τε
842 1773 895 1836 καί
919 1771 1180 1857 πλησιαίτερανδ

133 1864 277 1944 πόλεων,
301 1865 334 1931 ἐν
358 1874 573 1950 προαστείοις
594 1894 629 1934 τε
652 1871 704 1934 καί
723 1864 810 1934 ὅπου
825 1866 884 1946 τὰς
899 1867 1025 1934 ἑαυτῶν
1039 1865 1153 1949 μονὰς,

134 1960 209 2045 ήτοι
223 1962 380 2046 μάνδρας,
405 1965 543 2047 ἔχουσιν.
572 1956 668 2044 οὗτος
691 1961 856 2044 δΑύδιος
876 1964 1002 2031 τούτων
1017 1959 1157 2051 ἆρχηγὸς

134 2065 304 2146 γεγένηται
320 2060 354 2126 ἐν
367 2061 498 2145 χρόνοις
509 2057 651 2147 Ἀρείου,
677 2057 819 2142 ὁπηνίκα
834 2060 1056 2148 συνεκροτήθη
1072 2062 1157 2128 κατὰ

104 2151 266 2242 ΒἈρείου
287 2154 307 2242 ή
332 2158 469 2238 σύνοδος
490 2163 556 2226 τῶν
572 2156 671 2226 αύτὸν
687 2160 906 2226 καθελόντων.
933 2149 972 2245 ήν
988 2161 1024 2225 δὲ
1039 2154 1058 2222 δ
1074 2153 1155 2244 άνήρ

136 2250 207 2320 άπὸ
230 2256 288 2340 τής
302 2261 420 2342 Μέσης
442 2261 508 2322 τῶν
524 2261 685 2340 ποταμῶν
702 2254 901 2341 ὁρμώμενος,
925 2255 1090 2342 διαφανής
1105 2281 1157 2334 τις
1168 2272 1197 2321 10

135 2351 220 2418 κατὰ
247 2351 306 2438 τήν
328 2352 445 2419 ἑαυτοῦ
467 2357 629 2438 πατρίδα,
660 2354 777 2420 διὰτὸ
800 2350 978 2439 ἀκραιφνὲς
999 2356 1058 2418 τοῦ
1080 2359 1156 2436 βίον

135 2452 190 2515 καὶ
219 2448 304 2515 κατὰ
331 2449 414 2517 θεὸν
437 2450 533 2536 ζήλου
556 2454 609 2518 καί
633 2458 795 2529 πίστεως·
826 2449 862 2527 ὃς
883 2448 1045 2527 πολλάκις
1066 2448 1158 2515 θεῶ-

135 2570 236 2630 μενος
263 2545 305 2611 τὰ
333 2546 367 2612 ἐν
395 2558 469 2626 ταῖς
503 2548 688 2631 ἐκκλησίαις
715 2547 873 2633 γενόμενα
901 2546 948 2623 είς
970 2545 1157 2628 πρόσωπον

135 2642 334 2711 ἐπισκόπων
361 2670 397 2711 τε
425 2648 478 2711 καί
511 2651 742 2730 πρεσβυτέρων
771 2645 959 2729 ἐλεγκτικῶς
988 2637 1157 2709 άντετίδει

135 2751 209 2819 τοῖς
237 2740 404 2818 τοιούτοις
433 2742 550 2826 λέγων,
579 2737 617 2807 οὗ
643 2740 703 2828 χρή
732 2745 836 2807 ταῦτα
859 2737 964 2817 οὕτως
985 2744 1154 2824 γενέσθαι,
1167 2755 1196 2805 15

137 2833 196 2905 οάκ
224 2833 354 2926 ὀφείλει
375 2841 479 2904 ταῦτα
508 2835 613 2918 οὕτως
635 2839 862 2924 πράττεσθαι,
906 2832 950 2914 ῶς
973 2831 1054 2924 άνήρ
1077 2830 1157 2922 άλη-

88 2931 265 3013 2θεάων,
294 2938 347 3001 καί
379 2931 483 3001 ὁποῖα
511 2938 603 3022 φιλεῖ
624 2934 691 3003 ύπὸ
713 2939 779 3002 τῶν
801 2933 1000 3022 φιλαλήθως
1022 2933 1156 3000 ἐλευθε-

137 3031 390 3117 ροστομούντων
413 3027 550 3117 ἀνδρῶν,
574 3037 640 3100 τῶν
661 3033 807 3118 μάλιστα
828 3032 885 3097 τὸν
902 3029 975 3114 βίον
992 3028 1156 3114 άκρὸτατα

129 3128 308 3214 βιούντων.
340 3129 393 3194 διὸ
415 3134 553 3196 τοιαῦτα
576 3126 671 3215 ὁρῶν,
696 3126 741 3208 ῶς
763 3139 939 3212 προεῖπον,
963 3127 996 3193 ἐν
1016 3137 1091 3204 ταῖς
1106 3126 1157 3191 ἐκ·

132 3227 290 3308 κλησίαις
311 3227 423 3293 λαλεῖν
444 3222 641 3313 ἠναγκάζετο
663 3227 750 3310 πρὸς
772 3228 910 3309 ἔλεγχον,
933 3222 989 3288 καὶ
1012 3217 1070 3287 οὐκ
1088 3224 1198 3287 Zeu-20

132 3323 228 3389 (ύπα.
279 3324 313 3389 εί
338 3350 414 3390 τινα
446 3323 506 3409 γάρ
540 3321 607 3391 ελδε
641 3327 706 3389 τῶν
737 3318 1068 3409 φιλοχρηματούντων
1098 3320 1157 3383 τοῦ

125 3418 268 3503 κλήρου,
291 3414 314 3507 ἢ
335 3421 529 3500 ἐπίσκοπον,
554 3417 574 3508 ή
591 3418 824 3504 πρεσβύτερον,
848 3412 994 3504 ήίίτερόν
1009 3441 1084 3481 τινα
1098 3419 1157 3481 τοῦ

124 3518 286 3597 κανόνος,
310 3517 445 3597 πάντως
458 3520 649 3605 ἐφθέγγετο.
680 3520 733 3583 καί
751 3517 780 3583 ιί
796 3515 883 3598 ἑώρα
896 3511 971 3579 τινά
993 3513 1026 3579 ἕν
1048 3517 1157 3600 τρυφῇ

122 3617 199 3681 καί
218 3614 382 3703 σπατάλγγ,
406 3614 427 3702 ἦ
447 3641 523 3682 τινα
544 3614 841 3698 παραχαράττοντα
862 3612 904 3678 τὰ
927 3611 961 3677 ἐν
982 3614 1029 3695 τῷ
1048 3611 1159 3695 ἔκκλη-

129 3716 302 3797 σισστικῷ
325 3712 504 3800 κηρύγματι
526 3717 577 3779 καί
602 3715 720 3796 θεσμῷ
742 3714 800 3797 τής
823 3710 1007 3791 ἐκκλησίας,
1030 3707 1074 3793 μή
1099 3713 1200 3804 (μί-25

138 3828 212 3885 ραν
233 3805 251 3873 ὁ
273 3805 354 3895 ἀνὴρ
377 3809 611 3894 προεβάλλετο,
635 3804 679 3887 ῶς
702 3809 793 3896 ἔφην,
817 3805 874 3871 τὸν
897 3803 1003 3889 λόγον.
1044 3805 1160 3888 καλήν

98 3918 125 3971 Β
144 3904 241 3970 τοῦτο
268 3917 341 3984 τοῖς
368 3906 412 3990 μή
440 3906 498 3972 τὸν
525 3914 599 3990 βίον
625 3908 902 3987 δεδοκιμασμένον
925 3901 1053 3982 ἔχουσιν
1077 3899 1161 3965 ίπα-

150 4000 235 4078 ἵθὲς.
275 3999 423 4088 ὑβρίζετο
452 4005 488 4070 δὲ
511 4004 615 4070 ἕνεκεν
637 4003 756 4068 τούτου
778 4003 832 4066 καί
856 3993 1059 4082 ἆντελέγιτο,
1088 3995 1161 4078 ίμι-
1215 4008 1218 4018 ·

161 4100 248 4177 σεῐτο,
270 4103 369 4187 ἔφερε
388 4099 666 4184 κλοδωνιζόμενός
687 4124 723 4164 τε
738 4097 793 4163 καί
808 4091 1002 4176 ὠθούμενος
1017 4095 1071 4158 καί
1088 4086 1160 4158 άτι·

164 4189 337 4278 μαζὸμενος,
360 4197 423 4275 ἕως
442 4195 561 4282 χρόνον
585 4197 696 4263 ίκανοῦ
718 4194 753 4260 ἐν
774 4202 849 4269 ταῖς
863 4191 1048 4275 ἐκκλησίαις
1063 4201 1203 4253 σανα-30

169 4278 299 4374 ίίίῑασς,
329 4294 391 4372 ἕως
419 4289 475 4361 ὅτι
503 4295 619 4372 δεινῶς
642 4292 826 4376 ἐνέγκαντός
847 4309 934 4364 τινες
956 4285 1083 4365 ἐξιοῦσι
1104 4284 1163 4350 τὸν

960 4388 1013 4441 16*

1114 4446 1300 4624 1·
