2867 5084
238 922 300 983 250
465 931 672 981 Εσιψκσιοι
688 931 783 980 xm
801 929 988 979 Αιεεειειια
1004 930 1032 976 ι’.

239 1081 340 1168 λόγῳ,
370 1079 425 1147 καί
454 1074 511 1145 οὐκ
540 1075 698 1167 ἀληθείᾳ,
728 1083 781 1146 καὶ
812 1080 873 1157 ἕως
902 1079 1000 1163 λόγου
1029 1078 1197 1145 ἵστασθαι
1217 1076 1252 1142 τό

238 1179 320 1245 κατὰ
335 1178 392 1244 τόν
408 1176 500 1256 θεὸν,
523 1181 576 1242 καί
599 1176 643 1262 μηῖ
667 1179 814 1262 πληρούν
836 1175 875 1241 τό
899 1175 991 1259 παρά
1012 1179 1060 1260 τῷ
1076 1170 1253 1259 ἀποστόλῳ

239 1277 424 1360 εἰρημένον,
456 1271 508 1341 ότι
538 1277 589 1340 δεῖ
611 1277 667 1340 τόν
689 1272 954 1357 προσερχόμενον
984 1276 1057 1357 θεῷ
1087 1271 1253 1339 πιστεύειν

240 1369 291 1438 ότι
315 1375 385 1439 ἔστι
407 1376 459 1438 καὶ
483 1383 554 1450 τοῖς
577 1367 752 1456 ἀγαπῶσιν
774 1364 874 1435 αὐτόν
898 1370 1160 1455 μισθαποδότης
1174 1377 1255 1454 γίνε-

215 1484 303 1537 brat.
345 1472 400 1535 ἵνα
428 1460 486 1535 οὖν
509 1468 752 1553 παραθαρσύνη
775 1466 833 1533 τὸν
856 1462 910 1533 ὑπ’
937 1463 1037 1532 αύτού
1061 1469 1254 1548 πεπλασμέ-

240 1593 295 1634 νον
325 1567 524 1650 ἀνθρωπον,
554 1577 627 1642 τοῖς
655 1562 763 1649 ἁγίοις
791 1559 892 1629 αὐτοῦ
921 1566 974 1629 καί
1004 1558 1112 1642 ἀξίοις
1141 1563 1253 1630 ἑαυτὸν

238 1660 468 1731 ἀποκαλύπτει
497 1661 593 1740 θεὸς,
623 1663 678 1728 ἵνα
707 1664 805 1728 ἴδωσι
829 1661 928 1745 φύσει
956 1661 1038 1728 θεὸν
1066 1661 1124 1728 καὶ
1156 1668 1272 1744 θεμεε

238 1763 392 1827 λιωθιῦσι
415 1760 472 1846 την
496 1759 655 1837 διάνοιαν,
679 1764 732 1826 καί
757 1758 941 1825 ἐλπίσωσιν
964 1758 997 1825 ἓν
1021 1754 1176 1845 ἀληθείᾳ,
1206 1757 1253 1823 καί

238 1858 420 1942 κηρύξωσιν
444 1851 542 1921 αάτὸν
565 1850 716 1942 ἀληθῶς,
743 1860 796 1921 καὶ
821 1854 1097 1941 πιστοποιησωσι
1119 1854 1178 1921 τόν
1201 1878 1254 1919 πι-

201 1967 230 2016 10
241 1957 318 2019 στὸν
352 1952 551 2035 ἄνθρωπον,
587 1949 631 2031 ὡς
665 1948 779 2035 ἀμέλει
806 1956 859 2019 καί
890 1953 922 2018 οἱ
947 1949 1105 2038 Ἑλλήνων
1138 1952 1253 2029 παῖδας

240 2052 350 2132 λ’χοοσι
379 2053 454 2132 περὶ
479 2054 562 2116 θεοῦ
586 2050 648 2127 ἕως
670 2050 768 2133 λόγου
790 2075 826 2115 τε
848 2055 901 2115 καί
926 2056 1122 2135 φαντασίας.
1165 2045 1253 2135 ἡμεῖς

240 2149 275 2215 δὲ
298 2143 435 2233 ἀληθῶς
457 2147 538 2214 θεὸν
562 2147 776 2229 ἐπιστάμεθα
809 2142 920 2233 ἀληθῆ
942 2149 995 2213 καί
1019 2144 1099 2212 όντα
1122 2140 1252 2232 ἀληθῶς

239 2245 463 2312 ἒννπόστατον
481 2246 630 2330 βασιλέα,
655 2240 896 2325 ἀκατάληπτον,
921 2243 1062 2330 ποιητὴν
1078 2246 1145 2309 τῶν
1162 2239 1251 2317 ὅλων,

240 2344 296 2410 ἕνα
318 2340 415 2420 θεὸν,
446 2348 499 2409 καί
522 2342 558 2422 ἐξ
579 2337 679 2409 αύτοῦ
701 2342 759 2407 τὸν
781 2344 939 2427 μονογενῆ
961 2340 1060 2418 θεὸν,
1091 2340 1126 2407 ἐν
1149 2335 1251 2407 ούδενί

200 2459 229 2510 15
240 2441 478 2507 διαλλάττοντα
500 2443 558 2506 τοῦ
582 2440 717 2524 πατρὸς,
741 2437 855 2505 καὶτὸ
879 2435 972 2521 ἅγιον
997 2435 1096 2503 αὐτοῦ
1116 2440 1251 2519 πνεῦμα,

239 2539 339 2623 μηδὲν
362 2531 431 2602 ἀπὸ
447 2535 575 2619 πατρός
590 2541 643 2603 καί
659 2537 731 2601 οἱοῦ
747 2536 952 2614 διαλλάττον,
977 2532 1022 2614 ὡς
1043 2538 1096 2602 καί
1114 2534 1148 2602 ἓν
1164 2534 1272 2619 πάσηίί

239 2637 364 2719 ἀίρίσει
386 2636 463 2717 περὶ
485 2638 543 2719 τῆς
565 2633 647 2699 κατὰ
664 2631 747 2700 θεόν
763 2640 909 2711 πίστεως
925 2633 981 2699 διὰ
996 2634 1124 2699 πολλοῦ
1142 2632 1254 2718 ἐποιη-

239 2732 374 2815 σάμεθα
395 2731 452 2797 τὸν
475 2731 581 2813 λόγον.

325 2836 352 2894 7.
395 2831 461 2894 Καί
485 2823 617 2909 ὅτιμὲν
641 2824 743 2912 ιόιμθη
767 2826 850 2905 θεὸς
872 2823 1070 2912 ἀνθρώποις
1096 2826 1256 2902 πολλάκις

198 2926 387 3009 θθείττομεν,
411 2927 464 2991 καί
487 2919 544 2989 ούκ
568 2918 769 3006 ἀρνούμεθα.
802 2923 858 2990 ε’ἀν
881 2924 942 3008 γάρ
959 2919 1185 3009 ἀρνησόμεθα
1199 2923 1263 3001 τὰς

238 3028 335 3102 θείας
357 3021 496 3108 γραφάς,
521 3016 661 3106 ἀληθεῖς
683 3017 741 3086 ούκ
763 3021 869 3102 ε’σμὲν,
894 3022 949 3087 καὶ
968 3017 1192 3104 εὑρισκόμεθα
1208 3020 1259 3087 ἐκ·

238 3127 420 3197 πίπτοντες
441 3122 498 3205 της
523 3112 747 3205 ἀληθείας,“ἢ
767 3117 825 3201 την
847 3118 997 3185 παλαιάν
1020 3119 1184 3204 διαθήκην
1208 3117 1267 3184 ἐκ·ν

236 3219 413 3300 βάλλοντες
442 3210 550 3282 ούκίτι
583 3215 681 3299 ἐσμὲν
709 3219 767 3302 της
789 3217 970 3302 καθολικῆς
993 3216 1174 3300 ἐκκλησίας.
1218 3213 1254 3280 τὸ

239 3314 274 3378 δὲ
304 3309 489 3398 εύαγγίλιον
519 3314 582 3400 ἐἠνη
613 3312 715 3380 “θεόν
745 3306 854 3389 ούδείς
881 3312 1022 3380 πώποτε
1050 3312 1209 3397 ἑώρακεν,
1237 3305 1254 3376 ό

197 3409 415 3497 ετμονογενὴς
444 3410 526 3488 θεὸς
554 3405 652 3488 αὐτὸς
678 3409 883 3499 ίξηγησατο”.
929 3413 982 3476 καί
1004 3410 1107 3476 πάλιν
1130 3407 1150 3497 ἦ
1174 3404 1252 3493 αύτὴ

238 3512 319 3572 θεία
347 3506 455 3592 γραφὴ
487 3504 540 3572 ότι
569 3505 692 3592 “ιόφθη
724 3503 740 3571 ὁ
770 3506 852 3584 θεὸς
880 3511 927 3591 τῷ
947 3504 1098 3591 Ἀβραάμ
1129 3506 1254 3574 όντιέν

238 3606 277 3689 τῇ
301 3607 578 3690 Μεσοποταμίᾳ”.
624 3602 689 3669 καί
701 3599 800 3682 αὐτὸς
824 3600 841 3668 ό
864 3605 974 3688 κύριος
995 3603 1029 3670 ἒν
1050 3607 1096 3690 τῷ
1126 3599 1255 3689 εάαγγε·

239 3703 299 3787 λίιμ
329 3697 381 3767 ότι
410 3701 462 3766 “oi
491 3699 622 3785 ἀγγελοι
649 3701 774 3767 τούτων
801 3696 905 3786 δρῶσι
927 3701 965 3766 τό
988 3700 1175 3784 πρόσωπον
1197 3704 1253 3768 τοῦ

238 3797 365 3882 πατρός
392 3822 457 3882 μον
483 3800 542 3863 τοῦ
571 3796 604 3863 ἐν
627 3792 784 3884 ούρανῷ”.
841 3793 925 3865 ἀλλὰ
945 3798 1081 3876 πάντως
1110 3797 1180 3883 ἐρεῖ
1206 3822 1255 3878 τις

197 3898 400 3982 οοείρηκέναι
426 3895 486 3982 τὴν
507 3901 606 3962 θείαν
628 3896 757 3981 γραφὴν
778 3896 855 3972 τοὺς
877 3895 1054 3982 προφήτας
1077 3895 1256 3979 ἑωρακέναι

236 3994 398 4061 τὸνθεόν
422 3993 455 4060 ἐν
477 3997 523 4079 τῷ
547 3995 602 4078 νῷ,
627 3987 696 4059 ἀπὸ
722 3996 781 4057 τού
803 3994 903 4078 ῥητοῦ
926 3996 984 4058 τοῦ
1009 3995 1082 4058 “nai
1107 3994 1138 4059 ολ
1163 3993 1257 4079 ἀγγι·

238 4092 288 4156 λοι
319 4092 443 4158 τούτων
473 4087 577 4175 όριῦσι
605 4089 643 4155 τό
671 4088 856 4172 πρόσωπον
878 4093 937 4155 τοῦ
960 4089 1087 4173 πατρός
1110 4115 1176 4172 μου
1198 4093 1255 4158 τού

238 4185 271 4250 ἐν
294 4184 450 4276 οὐρανῴ,”
472 4194 524 4257 καί
548 4188 651 4255 πάλιν
675 4181 824 4251 ἀπὸτοῦ
849 4187 1027 4269 ’μακάριοι
1049 4188 1081 4253 οἱ
1110 4187 1258 4274 καθαροὶ
