2867 5084
286 872 351 937 938
694 882 786 935 rnnss
803 880 916 933 nsauu.

323 1038 450 1101 scripserit
464 1034 530 1084 ihd.
566 1035 683 1084 llchraica
701 1035 781 1098 lingua
804 1035 902 1097 scripsit
925 1034 1071 1097 inrupitque
1094 1014 1111 1082 'a
1131 1035 1219 1084 Christi
1236 1051 1305 1098 penes

322 1106 384 1168 logio
402 1103 481 1154 llhu.
511 1102 644 1151 llatthacns
663 1102 730 1153 solus
749 1103 899 1164 liranpcliurn
918 1102 1012 1151 (insse
1031 1102 1135 1165 scripsit
1157 1102 1231 1153 1270.

288 1176 358 1233 Quis
376 1172 452 1220 tribue
470 1170 622 1219 matrimonia
641 1171 704 1220 inter
722 1185 749 1220 se
767 1167 941 1231 coniungerent
961 1169 1062 1218 tutet.

289 1240 418 1293 llatutinre
436 1237 520 1286 londes
538 1252 566 1287 uc
585 1252 670 1300 preces
687 1239 712 1288 in
731 1238 838 1288 Ecclesia
856 1238 907 1286 heri
926 1237 1013 1286 solitae
1035 1237 1134 1286 ltuoa

287 1307 414 1360 llarimills
424 1305 599 1369 Cataplrrppum
618 1307 770 1370 prophetissa
780 1320 808 1355 se
819 1306 925 1354 ultimam
935 1304 1117 1368 Prophetarum
1128 1305 1226 1355 dicebat
1240 1305 1305 1355 tort

288 1374 449 1427 lelchisedec
467 1389 480 1422 a
499 1374 654 1423 Snrnaritunis
673 1376 730 1424 Sem
748 1388 803 1423 esse
820 1381 919 1436 putstur
934 1372 1015 1422 mc.
1055 1374 1132 1422 lstins
1150 1373 1240 1423 errans
1253 1374 1306 1422 reln-

323 1443 381 1492 tatio
401 1440 457 1492 trs.
494 1440 574 1490 lrrslaei
593 1449 671 1490 tarnen
689 1448 802 1492 usserunt
819 1442 894 1490 luisse
907 1440 1072 1490 llelchisedec
1093 1443 1230 1491 meretricis
1245 1442 1306 1490 rhu

324 1512 389 1560 ind.
426 1510 460 1558 lle
478 1509 563 1557 eodem
580 1508 739 1560 llslchiscdcc
758 1510 935 1559 catholicorum
961 1509 1122 1572 quomnsass
1146 1512 1262 1559 unisona
1277 1524 1308 1557 re

324 1575 545 1627 retinuimus.
580 1576 748 1628 Melchisedeci
767 1578 901 1626 oblationes
918 1575 1009 1626 iaciunt
1029 1577 1153 1627 haeretiei
1171 1579 1233 1627 ihc
1261 1576 1307 1627 lel-

323 1645 437 1695 olrisedec
456 1644 547 1693 nullum
566 1653 621 1708 post
638 1659 665 1694 se
683 1660 851 1695 successorem
870 1644 952 1694 habuit
970 1645 1053 1694 liba.
1101 1645 1260 1695 helchisedes
1274 1659 1308 1694 trr

323 1714 465 1778 parentibus
482 1726 565 1761 carere
583 1712 671 1763 dicitur
689 1713 772 1764 tosa
797 1711 999 1763 Melchisedccunr
1018 1727 1078 1761 esse
1090 1714 1205 1777 spiritum
1215 1722 1308 1763 samt-

326 1782 411 1831 llierux
429 1781 503 1829 rolnit
520 1779 603 1830 lllb.

291 1849 561 1900 llelehisedecrnnornm
584 1849 691 1898 haeresis
714 1848 791 1899 mil
815 1856 869 1912 post
893 1846 1112 1897 Christianismum
1137 1848 1221 1900 tuse.
1254 1849 1310 1899 liele

324 1917 359 1966 sic
379 1917 444 1966 dicti.
472 1915 630 1966 llelchisedec
644 1917 758 1966 maiorem
771 1918 865 1966 Christo
878 1916 968 1964 iaciunt
986 1917 1019 1964 ih.
1046 1917 1130 1965 Libris
1150 1925 1250 1967 uruntur
1263 1931 1309 1980 spo

324 1985 419 2047 cryphis
437 1992 460 2032 et
479 1985 589 2033 conlletis
607 1985 671 2034 ihc.
701 1984 882 2034 llelclrisedecis
899 1991 1012 2048 parentes
1031 1984 1078 2048 qui
1099 1985 1192 2036 luerint
1210 1986 1283 2036 test.
1292 2004 1309 2032 t.

324 2053 521 2102 nstrum-«teceri
546 2066 593 2101 non
619 2067 673 2101 esse
697 2053 807 2115 spiritum
832 2060 941 2101 sanctum
965 2060 1052 2100 contra
1081 2053 1219 2103 llieracitss
1242 2053 1309 2103 tttt.

325 2120 438 2171 Parentes
457 2119 639 2169 llelshisedecis
658 2121 737 2171 lida.
788 2119 956 2170 llelrhisedeci
982 2121 1124 2170 hhraumus
1151 2121 1255 2171 desinas
1275 2122 1309 2169 uir

326 2188 380 2238 tulit
398 2188 480 2238 llilld.

290 2256 409 2306 llelctiani
428 2257 457 2304 ab
476 2255 609 2304 Alexandro
628 2255 748 2319 Episcopo
759 2254 914 2304 Alexandriae
931 2253 995 2319 polsi
1008 2254 1037 2302 nd
1054 2255 1245 2306 corrosanum
1262 2269 1308 2304 ece

324 2325 417 2386 lugiunt
434 2323 517 2373 ntus.
553 2323 600 2373 Sed
625 2323 682 2373 inde
705 2323 795 2386 repulsi
820 2322 902 2374 illa,
942 2322 977 2371 Ab
1005 2322 1118 2373 Eusebio
1144 2324 1308 2374 Nicomedensi

324 2392 463 2455 Imperatori
482 2391 648 2452 conciliantur,
666 2399 690 2440 et
708 2406 762 2441 curn
782 2391 876 2440 hrianis
893 2390 1077 2440 communicant
1097 2394 1164 2443 ihlr.
1202 2393 1248 2457 lpsi
1264 2405 1309 2440 cun

325 2461 418 2509 trinnis
437 2459 501 2508 ruisti
520 2458 695 2521 degenerarunt
712 2473 726 2508 a
744 2467 809 2508 recta
828 2459 876 2509 dds
893 2458 957 2508 itis.

290 2528 376 2578 lleletii
396 2527 500 2590 Aegyptii
520 2527 627 2577 haeresis
646 2527 749 2587 ttulit,
775 2527 860 2576 ordine
885 2526 971 2576 hxvht
997 2525 1086 2576 ttod.
1126 2528 1190 2586 Quis
1208 2528 1308 2576 luentes

325 2597 364 2645 uhi
384 2596 508 2658 protessus
526 2595 559 2645 ih.
607 2595 709 2653 Quando
732 2595 816 2644 riserit
833 2595 911 2643 illa.
957 2594 1018 2643 Cum
1045 2597 1175 2656 Apostolis
1201 2594 1267 2644 simul
1288 2595 1306 2641 in

324 2665 424 2713 vinculis
449 2664 544 2712 habitus
568 2664 613 2711 suh
639 2663 788 2711 Diocletiano
816 2664 880 2711 iha.
925 2661 1033 2711 Ecclesia
1061 2663 1166 2713 lundata
1189 2679 1203 2713 s
1226 2664 1307 2712 sueto

325 2733 426 2795 eiusque
450 2732 617 2796 sectatoribus,
635 2731 699 2780 dictu
717 2731 844 2794 Martyrum
862 2729 941 2779 ttsa.
988 2731 1060 2779 Petro
1080 2733 1217 2781 vocabatur
1233 2732 1307 2780 thus

324 2800 368 2848 lica
388 2799 494 2848 Ecclesia
513 2799 544 2847 ih.
589 2798 697 2847 lleletius
715 2798 796 2848 trium
823 2798 912 2859 detegit
929 2799 995 2846 ihc.
1044 2799 1160 2850 llclelius
1178 2801 1209 2849 ab
1227 2799 1307 2848 Ananis

324 2867 426 2927 elicitur,
445 2874 469 2914 ct
487 2867 648 2914 lntiochenos
666 2880 744 2915 rerum
763 2867 833 2916 ouem
853 2866 934 2915 docuit
953 2864 1032 2915 stuc.
1068 2866 1099 2915 Et
1119 2877 1201 2917 tamen
1219 2869 1267 2931 ipse
1282 2866 1308 2912 de

324 2934 408 2996 spiritu
433 2941 517 2982 sancto
541 2947 665 2996 perperam
691 2935 811 2983 sentiehst
828 2933 907 2985 osta.
948 2933 1037 2982 llcletii
1056 2934 1113 2983 lans
1133 2937 1167 2986 ili.
1203 2937 1266 2994 Quae
1286 2935 1306 2981 ia

325 3001 410 3051 llrlctii
429 3001 537 3050 oratione
556 3002 764 3064 reprehendantur
781 3004 847 3052 ihc.
891 3002 978 3050 Eorum
1003 3001 1123 3052 refutatio
1142 3005 1176 3054 it.
1212 3003 1306 3053 trunio

324 3072 353 3119 alr
372 3068 458 3118 isacio
477 3069 601 3119 ordinatus
620 3070 762 3120 Antiochiae
774 3069 907 3134 Episcopus
926 3069 1005 3119 stoa.
1034 3069 1182 3134 Exemplum
1199 3070 1305 3121 sermons

324 3138 450 3188 nllclctio
469 3138 540 3187 habiti
559 3137 624 3187 ihd.
667 3142 764 3202 lpsce
782 3137 946 3199 inchoandus,
973 3144 998 3186 el
1023 3138 1125 3188 incarn
1153 3138 1305 3190 terruiusnlos

324 3220 403 3255 senno
422 3206 499 3257 hila.
537 3207 604 3255 Pacis
621 3207 651 3254 ab
669 3206 755 3255 codem
773 3220 827 3257 rera
844 3204 1022 3255 commendatio
1041 3205 1074 3256 it.

291 3275 482 3325 llenandriorum
501 3275 609 3324 haeresis
627 3274 647 3322 ll
668 3283 723 3338 post
740 3275 865 3324 adventurn
885 3273 982 3335 Christi,
1005 3287 1019 3321 a
1039 3288 1090 3338 quo
1110 3275 1229 3339 producta
1246 3273 1308 3323 luerit

291 3411 423 3459 llercurrus
442 3425 485 3458 cur
503 3409 581 3458 dictus
600 3409 759 3472 lrgiphontcs
778 3408 828 3458 ‘163
836 3423 857 3457 a.

291 3479 400 3539 lleropcs
420 3476 483 3525 unde
502 3476 559 3525 dicti
579 3477 625 3526 la.

290 3546 503 3609 hetornprpchosis
521 3546 658 3593 Stoicorum
677 3558 748 3608 quum
767 3544 870 3593 ahsurda
891 3543 984 3594 ldah.

290 3613 425 3663 lletlrudius
442 3614 476 3662 vir
494 3613 602 3661 cruditos
620 3613 662 3676 qui
681 3619 764 3661 contra
783 3613 910 3674 origenem
928 3612 1026 3675 scripsit
1045 3611 1094 3661 est
1105 3626 1129 3662 a.

289 3682 428 3732 llirrculnrn
447 3680 511 3744 quiid
531 3680 656 3743 Epiphanii
674 3688 753 3729 aetate
771 3681 843 3729 hchar
860 3681 906 3730 tol
919 3695 941 3729 c.
972 3681 1006 3729 lle
1025 3681 1099 3744 aquis
1119 3682 1145 3730 in
1164 3682 1243 3730 sinam
1259 3693 1309 3728 ron·

325 3751 399 3799 rersis
418 3750 526 3813 pluribus
545 3750 569 3797 in
588 3748 648 3796 locis
667 3748 699 3797 it.
713 3763 734 3797 c.

292 3818 440 3867 Mithridates
459 3819 505 3866 lies
525 3817 559 3865 rei
579 3816 703 3865 herbariae
723 3817 827 3879 scriptor
844 3816 888 3864 ilc.

291 3887 460 3935 llonnchorum
479 3899 554 3946 genus
572 3884 596 3934 in
615 3885 786 3947 llcsopotamir
804 3897 887 3947 parum
906 3881 1034 3946 probatum
1057 3883 1188 3934 rotent.
1220 3884 1308 3933 ludsen

324 3968 375 4002 rum
396 3954 555 4014 proseuchas,
573 3967 616 4001 ssu
636 3953 689 4001 loca
706 3952 737 4001 ad
755 3951 900 4015 precandum
919 3959 985 4000 extra
1004 3952 1091 4000 urbem
1113 3953 1212 4002 lllli'ld.
1238 3953 1310 4001 loss·

324 4023 424 4070 chorum
450 4022 472 4069 in
497 4024 601 4084 Aegypto
627 4020 762 4069 institutum
790 4019 883 4070 lh'lhd.
926 4019 1102 4069 llonnchorum
1126 4021 1191 4071 varia
1210 4021 1307 4070 institua

326 4087 420 4138 ruste.
457 4089 625 4137 llonnchorum
644 4088 707 4137 rarin
725 4102 811 4150 peoora
830 4096 854 4136 et
872 4087 981 4136 instituta
1000 4087 1033 4138 ib.
1046 4088 1137 4138 b.c.d.

289 4154 436 4206 llonasticus
453 4155 512 4205 ordo
532 4157 647 4205 saterris
666 4155 836 4206 llonnchorum
853 4168 950 4217 genere,
973 4157 1017 4219 qui
1036 4156 1135 4221 seipsos
1153 4160 1308 4208 essrnrerurt

285 4482 509 4608 A
