2867 5084
549 1013 640 1065 mx
660 1016 930 1067 Ανεισικκιιιτκι.
1191 1010 1251 1072 195

228 1165 475 1250 παραλέλνται,
506 1163 560 1229 καὶ
583 1165 617 1231 ἐν
639 1169 686 1250 τῶ
708 1167 848 1252 μηδέπω
871 1166 953 1233 κατά
975 1169 1097 1253 πρᾶξιν
1120 1169 1255 1255 ἐγνωκέ-

228 1289 285 1330 ναι
309 1258 438 1339 αῦτοίς,
461 1267 630 1328 τουτέστιν
654 1262 853 1330 ἐπιτελέσαι.
886 1262 982 1330 οῦπω
1004 1265 1064 1350 γὰρ
1088 1267 1254 1353 προσετά-

226 1366 362 1446 χθησαν
391 1357 539 1437 ἐξελθεῖν
567 1385 620 1424 και
634 1372 857 1481 συναγαγεῖν
867 1360 944 1440 τοῦς
967 1357 1114 1444 ἀσεβεῖς,
1146 1358 1190 1442 ῶς
1211 1362 1254 1429 τὰ

231 1455 301 1537 {W
267 1482 369 1536 ανια,
395 1455 527 1539 δεσμός,
551 1483 603 1522 και
629 1456 805 1540 ἑτοιμάσαι
828 1457 874 1536 εἷς
896 1458 934 1523 τὸ
957 1463 1024 1543 πῦρ
1042 1486 1184 1546 κατακαι
1189 1486 1252 1526 ναι

200 1553 288 1620 Βκαὶ
311 1548 417 1637 ὁρᾶτε,
443 1542 468 1618 ιό
492 1550 657 1640 ἀγαπητοὶ
679 1557 733 1619 καὶ
755 1558 814 1619 τοῦ
832 1559 916 1621 θεοῦ
934 1553 1099 1634 δοῦλοι,“
1081 1582 1134 1624 οτι
1147 1557 1278 1643 μάτην5

231 1651 370 1728 ἕκαστος
391 1652 458 1715 τῶν
479 1650 562 1716 κατά
584 1678 659 1717 τινα
682 1650 768 1736 πρόλ
772 1652 884 1738 ηψιν(
870 1663 1000 1732 εαυτοῒς
1015 1680 1056 1719 τα
1044 1653 1193 1720 δεινόν’
1180 1680 1255 1720 επι-

231 1753 419 1832 σπωμένων
442 1746 697 1831 ἐστρατεόσατο,
728 1749 899 1836 διαφόρως
921 1750 1057 1828 ἕκαστος
1079 1746 1155 1816 καθ’
1180 1750 1257 1818 ἐαυ-

229 1849 293 1912 τοῦ
316 1845 363 1923 εἰς
384 1842 441 1910 τόν
466 1843 535 1910 οἶόν
557 1848 615 1910 τοῦ
638 1849 732 1925 θεοῦ,
756 1846 797 1912 τὰ
820 1844 945 1934 ἥσσονα
967 1851 1019 1914 καὶ
1044 1842 1257 1936 ἦλαττωμένα

230 1944 444 2030 βλασφημεῖν
467 1941 717 2027 ἐπιχειροῦντες.

322 2046 372 2107 48.
399 2034 503 2104 Ἀλλά
525 2043 578 2106 καὶ
601 2040 721 2124 ταύτης
744 2041 862 2120 ἱκανῶς
884 2041 942 2128 τὴν
965 2041 1089 2128 φράσιν
1111 2060 1296 2127 mom-10

231 2143 330 2222 μένοι
359 2131 410 2203 ἐπ’
435 2132 537 2215 άλλας
565 2138 668 2204 πάλιν
697 2133 805 2204 αὐτῶν
834 2140 936 2218 λέξεις
966 2140 1072 2222 δῶμεν
1101 2139 1158 2206 τόν
1182 2143 1257 2205 νοῦν

233 2233 297 2300 σῦν
325 2236 364 2320 τῇ
392 2237 450 2297 τοῦ
480 2237 563 2300 θεοῦ
594 2235 740 2320 δυνάμει.
786 2236 818 2300 οἱ
846 2234 907 2318 γάρ
935 2236 1090 2319 γεννάδαι
1123 2239 1176 2303 καὶ
1212 2237 1258 2315 εἰς

232 2331 349 2398 πάντα
371 2328 534 2413 εῦτολμοι,
558 2337 667 2397 καίτοι
688 2358 725 2416 γε
748 2327 983 2416 ὁμολογοῦντες
999 2327 1068 2414 οόχλ
1084 2331 1167 2398 κατὰ
1182 2332 1259 2410 τοὺς

233 2434 464 2511 Μανιχαιόες,
495 2425 571 2496 οῦδὲ
600 2428 683 2495 κατὰ
712 2426 814 2507 άλλας
837 2430 965 2505 πολλάς
987 2430 1145 2513 αἱρέσεις,
1175 2423 1260 2495 άλλόι

201 2519 300 2595 ΰκόν
328 2524 366 2591 τό
394 2524 476 2597 κατὰΙ
506 2526 610 2612 σάρκα
638 2522 764 2612 ἀληθὲς
793 2532 996 2607 κατέχοντες,
1030 2529 1082 2591 καὶ
1114 2522 1194 2592 αότὸ
1224 2526 1259 2591 δὲ
1271 2545 1298 2596 15

235 2624 393 2701 ἐλλιπῶς,
416 2649 469 2687 και
495 2647 531 2688 οι
556 2625 776 2710 πληρέστατα.
808 2618 1007 2706 ὁμολογοῦσι
1029 2622 1089 2708 γάρ
1112 2623 1170 2688 τόν
1194 2647 1260 2689 σω-

233 2724 322 2835 τῇροι
345 2720 450 2803 σάρκα
473 2714 643 2806 ἀληθινῶς
665 2721 841 2806 ἐσχηκέναι.
873 2718 1046 2798 άκοόοντες
1068 2722 1103 2787 δε
1127 2715 1184 2786 ἀπ’
1203 2714 1262 2786 αό-

233 2820 299 2884 τοῦ
321 2820 380 2882 τοῦ
403 2811 632 2902 ιέαγγελίοο”
613 2842 666 2884 οτι
683 2824 836 2905 κέκιιηκεν
852 2818 939 2885 έκ”
901 2844 958 2904 της
974 2814 1132 2902 όδοιπορέ
1133 2844 1181 2897 ας,
1206 2819 1261 2884 καὶ

235 2915 403 3000 ἔπεένησε,
426 2917 478 2980 καὶ
497 2914 646 3000 ἐδίψησε,
671 2914 725 2980 καὶ
741 2914 913 3002 ἐκοιμήθη,
936 2922 989 2981 καὶ
1007 2910 1135 3002 ἀνέστη,
1157 2918 1263 2981 ταῦτα

235 3011 353 3079 πάντα
375 3011 573 3091 σονάξαντες
596 3012 643 3090 εἰς
664 3010 722 3096 τὴν
745 3012 891 3098 θεότητα
909 3007 1113 3099 ἀναφέρουσι
1129 3012 1187 3099 την
1204 3008 1301 3080 αό-νο

235 3112 318 3187 τοῦ,
345 3109 543 3193 βουλόμενοι
564 3107 622 3197 τὴν
644 3108 791 3190 θεόν-ητα
814 3104 915 3174 αῦτοῦ
940 3106 984 3188 ῶς
1007 3110 1041 3175 ἐκ
1063 3113 1128 3175 τῶν
1152 3109 1264 3175 τοιοό-

238 3232 311 3273 των
333 3202 529 3272 ὑποθέσεων
557 3199 802 3290 ἀπαλλοτριοῦν
825 3210 883 3292 τῆς
905 3210 962 3272 τοῦ
986 3205 1114 3288 πατρός
1137 3202 1262 3284 οῦσέας.

238 3301 297 3371 ότι
319 3303 368 3370 ’ἐέ
397 3303 484 3371 ἐστί’
507 3307 608 3389 φησὶν
633 3303 687 3369 “ἐκ
715 3307 774 3368 τοῦ
803 3301 947 3386 πατρὸς,
977 3305 1035 3368 τοῦ
1065 3300 1192 3385 πατρὸς
1218 3301 1263 3418 μη

235 3402 438 3480 κοπιῶντος,
461 3401 544 3487 μηδὲ
567 3401 745 3484 διψῶντος,
771 3425 854 3515 μητε
876 3402 1077 3476 πεινῶντος,
1078 3394 1262 3477 ιαθως
1245 3426 1262 3484 η

202 3505 371 3583 υθεέαγ
352 3523 461 3616 γραφη
491 3499 608 3582 λέγεκ
612 3491 659 3564 οῦ
687 3497 859 3577 κοπιάσει,
891 3492 966 3563 οῦδὲ·
989 3494 1158 3575 πεινάσει,
1189 3491 1303 3563 οῦδὲιᾶ

238 3594 393 3683 διψησει,
417 3592 492 3661 οῦτε
514 3589 678 3674 δπνῶσει,
705 3591 822 3661 οιδὲ”
805 3619 895 3661 εστιν
912 3576 1086 3716 ἐξεόρεσις
1101 3619 1159 3682 της
1182 3618 1266 3681 φρο-

238 3717 369 3781 νησεως
391 3688 526 3758 αὐτοῦ’·
556 3690 681 3759 τούτων
704 3688 796 3759 δὲ
763 3689 869 3770 οότως
892 3718 938 3771 εις
960 3693 1017 3758 τὸν
1039 3689 1111 3758 σιὸν
1133 3692 1266 3758 τελειω-

238 3797 375 3859 θέντων
398 3783 572 3875 ἀλλότριος
594 3787 668 3875 άρα,
692 3793 805 3878 φασὶν,
829 3786 969 3874 ὑπάρχει
991 3793 1049 3877 τῆς
1064 3792 1122 3854 τοῦ
1138 3786 1266 3872 πατρὸς

239 3884 363 3966 οῦσέος
384 3912 426 4004 ve³
442 3888 499 3953 καὶ
520 3885 660 3973 φάσεως.
696 3890 751 3954 καὶ
775 3884 828 3954 ότι
849 3888 908 3969 μὲν
930 3890 1034 3952 ταῦτα
1057 3887 1104 3963 εἰς
1126 3884 1183 3949 τὸν
1204 3907 1266 3968 μο-

239 4011 360 4074 νογενη
390 3978 448 4049 οῦκ
481 3982 665 4071 ἐπληροῦτο
699 3984 767 4069 πρὸ
798 4010 856 4071 της
890 3982 1046 4067 ἐνσάρκοο
1079 3985 1306 4062 παρουσίαςλο

240 4079 343 4153 αῦτοὶ
367 4076 688 4169 όμολογήσουσινΨ
669 4108 748 4147 οταν
772 4083 807 4147 δὲ
810 4072 1106 4202 ὁμολογήσωσιν
1088 4077 1268 4162 αναγκαζο-

238 4204 358 4269 μενοι,
388 4178 516 4246 ἔλθωσι
538 4180 626 4246 δὲ’
597 4204 644 4258 εις
665 4179 707 4246 τὰ
730 4178 825 4245 ἐν
786 4205 824 4265 τη
848 4174 993 4263 ἐνσάρκφ
1016 4170 1116 4242 αὐτοῦ
1139 4199 1268 4260 παρον-

240 4288 305 4368 σίᾳ
332 4274 585 4361 τετελειωμένα,
613 4280 667 4344 καὶ
697 4271 865 4344 ἇκοόσωσι
893 4272 1010 4359 διόπερ
1040 4272 1136 4357 ἔλαβε
1159 4275 1266 4359 σῶμα,

1060 4375 1115 4427 13*

1185 4460 1362 4646 t
