2867 5084
379 882 385 889 ,
408 782 444 871 U

236 918 298 980 546
393 920 397 927 ’
428 926 433 941 ·
463 930 669 979 nummo?
683 930 780 979 xm
797 928 984 979 ιιοεειιοα
999 930 1028 978 ι’.

233 1083 332 1147 τοῦτο
354 1074 462 1146 αὑτῶν
483 1079 679 1147 ποιούντων.
718 1079 884 1146 ἐπιποθεῖ
898 1077 959 1162 γάρ
975 1072 1121 1165 αύτῶνὴ
1139 1080 1260 1158 ἔνθεος

234 1176 321 1264 ψυχὴ
344 1179 399 1243 καὶ
421 1175 455 1244 ἒν
477 1177 573 1263 φόβῳ
595 1179 678 1244 θεοῦ
701 1176 922 1263 ἒστηριγμίνη,
955 1179 1009 1242 καὶ
1038 1175 1075 1242 ἐκ
1104 1178 1258 1261 πνεύμα-

234 1299 291 1352 τος
313 1271 407 1360 άγίου
429 1273 487 1360 τὴν
509 1279 629 1359 γνῶσιν
657 1280 841 1360 κεκτημένη,
871 1272 1017 1340 πλούτου
1049 1273 1256 1356 ἐπουρανίου
1267 1296 1298 1346 ιφ

232 1375 292 1438 τοῦ
320 1369 404 1437 κατά
431 1371 640 1456 δικαιοσύνην
675 1372 758 1455 μετά
792 1371 931 1437 ἐπαίνου
965 1374 1019 1437 καί
1052 1373 1171 1450 κλέους
1202 1375 1255 1439 καί

209 1464 413 1554 οάριστείας,
436 1473 495 1534 τοῦ
517 1469 573 1534 διά
596 1475 700 1534 θείων
724 1470 895 1553 δογμάτων
920 1469 975 1535 καὶ
996 1476 1096 1548 θείας
1117 1472 1256 1556 μελέτης

234 1562 330 1652 άγίας
351 1569 480 1654 γραφῆς
501 1569 555 1632 καὶ
571 1567 688 1650 λογίων
703 1569 798 1645 θεοῦ,
822 1568 1029 1652 ψαλμφδιῶν
1047 1591 1085 1633 τε
1105 1570 1163 1632 καὶ
1179 1589 1255 1634 συν-

236 1665 348 1744 άξεων,
383 1659 485 1747 άγίων
508 1666 666 1748 νηστειῶν
687 1689 725 1730 τε
750 1666 806 1729 καὶ
829 1660 958 1749 ἁγνείας
981 1666 1038 1729 καὶ
1067 1665 1253 1741 πολιτείας,

234 1766 288 1828 καί
311 1764 370 1845 τῆς
392 1759 448 1826 διὰ
477 1761 595 1842 χειρῶν
628 1760 733 1827 ἕνεκεν
756 1760 965 1847 δικαιοσύνης
986 1759 1070 1842 μετά
1091 1767 1254 1845 προαιρέ-

146 1876 148 1881 ’
235 1881 319 1935 σεως
341 1857 503 1941 ἐργασίας.
549 1851 632 1922 άλλά
659 1860 715 1923 καὶ
742 1855 832 1944 άλλφ
861 1856 1129 1944 προεληφθησαν
1158 1857 1253 1943 τύπῳ

196 1955 267 2021 1001
290 1950 382 2020 αὑτοὶ
404 1961 510 2037 τίμιοι
531 1949 624 2039 ἡμῶν
647 1949 796 2041 άδελφοί,
823 1955 855 2021 οἱ
876 1955 960 2022 κατά
981 1962 1254 2038 Μεσοποταμίαν

234 2052 268 2120 λν
290 2058 524 2137 μοναστηρίοις
545 2047 755 2134 ὑπάρχοντες,
779 2054 887 2119 ε’ίτουν
909 2053 1072 2137 μάνδραις
1092 2055 1255 2136 καλουμέ-

234 2175 316 2228 ναις,
339 2147 442 2231 κόμας
463 2149 650 2233 γυναικικάς
671 2152 939 2233 προβαλλόμενοι
960 2157 1013 2217 καί
1036 2150 1149 2236 σάκκῳ
1171 2174 1254 2234 προ-

235 2258 335 2334 φανεῖ
357 2246 613 2329 λπερειδόμενοι.
659 2247 726 2314 ἔδει
754 2250 790 2314 δὲ
812 2247 854 2314 τά
875 2252 932 2334 τῆς
960 2244 1055 2333 άγίας
1077 2255 1277 2332 παρθένσυο

233 2342 356 2431 μητρός
377 2340 469 2430 ἡμῶν
491 2347 549 2430 τῆς
571 2343 741 2430 ἐκκλησίας
761 2341 920 2429 ὑπάρχειν
941 2352 1036 2411 τέκνα
1059 2345 1177 2427 σεμνά,
1207 2347 1254 2412 οί·

199 2449 225 2500 1⁶
234 2442 346 2525 κουρά,
370 2445 441 2527 θεῷ
464 2441 662 2524 λατρεύοντα
683 2449 830 2528 κρυφίως
858 2448 905 2528 τῷ
929 2442 1032 2510 είδότι
1053 2442 1096 2509 τά
1118 2444 1253 2530 κρύφια,

234 2543 288 2606 καί
311 2534 509 2605 άποδιδύντι
531 2539 565 2605 ἐν
586 2550 657 2616 τοῖς
679 2551 846 2626 φανεροῖς,
870 2541 1005 2607 κατὰτὸ
1020 2548 1255 2624 γεγραμμένον,

233 2639 287 2703 καλ
312 2631 519 2719 εάσχημόνως
541 2634 598 2701 διά
618 2636 696 2714 τούς
717 2638 789 2716 ἔξω,
812 2638 921 2725 καὶμὴ
938 2638 1124 2720 βούλεσθαι
1141 2639 1256 2722 λαβεῖν

236 2728 305 2799 άπὸ
327 2736 394 2798 τῶν
417 2728 568 2815 όρώντων
596 2733 653 2798 τὸν
680 2733 808 2816 μισθὸν
836 2739 890 2800 καὶ
917 2735 976 2821 τὴν
1001 2734 1106 2818 χάριν.
1157 2733 1257 2803 άλλό·

235 2852 326 2913 τριον
355 2827 415 2913 γάρ
439 2828 509 2894 ἐστι
536 2832 594 2916 τῆς
621 2833 802 2917 καθολικῆς
830 2831 999 2916 ἐκκλησίας
1027 2831 1150 2912 σάκκος
1172 2858 1257 2917 προ-

196 2925 342 3014 οοφανὴς
357 2928 409 2991 καὶ
425 2924 507 3012 κόμη
522 2926 567 3010 μὴ
583 2926 795 3015 ίκτεμνομένη
812 2923 881 2995 άπὸ
895 2934 954 2995 τοῦ
969 2930 1178 3013 κηρύγματος
1191 2935 1257 2997 τῶν

236 3020 443 3091 ἀποστόλων.
475 3018 555 3110 ἀνὴρ
577 3022 648 3108 γάρ,
668 3029 779 3112 φησὶν,
803 3022 861 3092 ούκ
877 3021 1004 3114 ὀφείλει
1018 3030 1136 3109 κομᾶν,
1162 3027 1257 3095 εἰκὼν

236 3125 289 3189 καί
314 3120 394 3200 δόξα
415 3125 499 3187 θεοῦ
522 3117 687 3204 ὑπάρχεινν.
1266 3145 1282 3195 c

322 3226 349 3286 7.
384 3226 426 3285 Τί
447 3219 483 3286 δὲ
503 3230 613 3302 χεῖρον
634 3223 688 3285 καί
710 3219 875 3303 ἐναντίον,
913 3221 945 3287 οἱ
972 3222 1032 3305 μὲν
1060 3219 1100 3284 τό
1129 3229 1259 3305 γε’νειον

235 3318 293 3403 τὴν
322 3314 454 3403 μορφὴν
480 3319 539 3382 τοῦ
567 3310 686 3399 ἀνδρὸς
713 3311 954 3437 άποτέμνουρι,
988 3323 1101 3400 τρίχας
1131 3320 1172 3386 δὲ
1200 3322 1260 3405 τῆς

197 3415 378 3533 κίκεφαλης
400 3413 560 3490 πολλάκις
581 3416 717 3497 κομῶσι.
766 3414 821 3480 καί
848 3418 923 3500 περὶ
951 3417 1011 3499 μὲν
1039 3403 1096 3480 ούν
1118 3420 1183 3482 τοῦ
1205 3442 1258 3501 γε·

235 3510 361 3576 νείου’
347 3535 381 3576 εν
402 3521 476 3588 ταῖς
499 3510 668 3589 διατάξεσι
688 3515 755 3577 τῶν
770 3508 968 3578 ἀποστόλων
983 3511 1104 3597 φάσκει
1123 3509 1144 3578 ό
1160 3520 1260 3593 θεῖος

236 3606 332 3691 λόγος
353 3603 447 3673 καί(
429 3634 449 3694 η
472 3608 669 3674 διδασκαλία
694 3606 739 3694 μή
762 3616 926 3696 φθείρειν,
958 3615 1111 3677 τουτέστι
1132 3611 1181 3698 μὴ
1204 3618 1258 3679 τὲ-

235 3731 327 3790 μνειν
349 3710 461 3788 τρίχας
488 3711 622 3788 γενείου,
645 3708 727 3791 μηδὲ·
750 3707 930 3794 ἑταιρισμῷ
952 3716 1255 3792 κατακοσμεῖσθαι,
1279 3709 1281 3713 ’

235 3804 318 3890 μηδὲ
340 3797 568 3889 ὑπερηφανίας
589 3798 775 3889 ὑπόδειγμα
802 3803 1010 3890 δικαιοσύνης
1040 3805 1100 3892 τὴν
1129 3813 1281 3892 προσί-ῑι

197 3902 347 3967 σολευσιν
370 3899 462 3982 ἐ’χειν.
500 3899 625 3983 ἔπρεπε
646 3901 707 4020 γάρ
730 3902 938 4024 Ναζωραίοις
960 3905 1058 3968 τοῦτο
1076 3901 1186 3986 μόνον
1202 3904 1258 3971 διά

238 3997 295 4065 τὸν
316 3995 433 4063 τόπον.
472 3997 566 4083 τύπφ
588 3998 649 4081 γάρ
670 3996 788 4119 η’γσντρ
812 4000 845 4065 οί
865 4002 1005 4066 παλαιοί
1027 4003 1087 4066 τοῦ
1115 4004 1260 4082 μέλλον-

237 4118 307 4210 τρς
317 4096 506 4173 ἕσεσθαι,’
496 4094 622 4178 ε’χοντες
643 4098 755 4214 κόμην
773 4097 828 4162 ἐπι
857 4122 915 4213 της
935 4098 1081 4186 κεφαλῆς
1109 4098 1171 4165 διὰ
1201 4127 1259 4188 την

239 4185 342 4275 εὐχὴν,
365 4187 462 4268 ἕως”
442 4215 520 4257 στου
534 4180 671 4276 ἦλθεν
651 4220 671 4258 ν
688 4189 761 4279 εύχὴ
776 4199 835 4260 τοῦ
850 4196 975 4279 κόσμου
989 4199 1046 4263 καί
1060 4196 1259 4287 ότελειαίθη,
