2867 5084
206 987 248 1050 42
431 996 636 1048 ποταίνιον
650 996 747 1047 xm
764 995 996 1047 mmmm.

205 1147 308 1230 εύθύς
330 1143 429 1216 αύτον
450 1148 508 1216 τὸν
530 1147 671 1235 ποιητὴν
692 1142 901 1231 ἀρνούμενος,
924 1146 982 1213 τόν
1002 1146 1081 1214 τόδε
1100 1147 1141 1214 τό
1156 1151 1229 1216 πᾶν

205 1248 304 1327 κύτος
329 1242 469 1332 ούρανοῦ
496 1271 533 1314 τε
559 1249 614 1313 καλ
644 1249 703 1334 γῆς
730 1247 784 1312 καὶ
807 1244 943 1311 πάντων
965 1247 1032 1311 τῶν
1054 1245 1089 1312 ίν
1111 1240 1230 1326 αὐτοῖς

205 1349 259 1413 καὶ
282 1345 324 1412 τά
346 1344 379 1412 ἐν
401 1348 448 1432 τῷ
471 1344 582 1431 κόσμῳ
605 1344 717 1412 πάντα
737 1342 1032 1429 δημιουργησαντα,
1056 1344 1168 1427 ἕτερον
1190 1347 1277 1413 δίον]

206 1469 282 1511 τινα
304 1443 549 1531 φανταζόμενος
570 1443 652 1511 θεὸν
673 1441 733 1508 τόν
754 1441 799 1527 μὴ
821 1438 913 1520 όντα,
934 1439 993 1507 τὸν
1016 1443 1052 1508 δὲ
1074 1440 1155 1508 όντα
1171 1469 1230 1508 κα-

180 1541 367 1608 οταλιπιόν.
412 1541 547 1622 ἐξέπεσε
573 1541 635 1627 γὰρ
655 1543 715 1627 τῆς
737 1534 899 1626 ἀληθείας
919 1543 973 1605 καί
997 1547 1114 1626 συνέβη
1138 1538 1229 1627 αύτῷ

206 1638 245 1704 τὸ
267 1642 325 1726 της
346 1641 476 1725 γελοίου
490 1645 675 1723 παροιμίας
689 1636 859 1753 ἐνέργημα,
883 1632 929 1716 ὦς
944 1633 961 1702 δ
977 1636 1085 1753 κόραξ,
1108 1643 1229 1722 βρῶμα

207 1737 288 1819 έχων
311 1740 390 1821 περὶ
409 1737 448 1803 τὸ
469 1737 578 1820 στόμα
599 1739 653 1803 καί
676 1735 772 1802 σκιάν
795 1735 829 1802 ἐν
851 1732 948 1802 ύδατι
969 1739 1029 1801 τοῦ
1050 1736 1228 1821 βρώματος

205 1835 424 1918 θεασάμενος,
440 1834 639 1919 βουλόμενος
654 1833 768 1917 ἑτέρας
780 1837 907 1950 τροφῆς
922 1835 1204 1918 περιχενεοθαι
1170 1861 1229 1922 την
1245 1890 1251 1901 .

207 1921 310 1998 οὖσαν
344 1926 500 1999 ἀπώλεσε
526 1957 581 1997 και
611 1931 669 2017 τὴν
691 1956 736 2017 μη
759 1919 863 1997 οόσαν
884 1925 942 1997 ούκ
963 1931 1132 2052 ἐκτήσατο.
1178 1941 1231 2012 τίς

170 2047 200 2098 10
208 2031 244 2096 δὲ
273 2025 421 2108 ἀνέξεται
451 2033 509 2094 τοῦ
537 2028 756 2116 βλασφήμους
788 2028 817 2094 εί
848 2029 909 2113 γὰρ
937 2036 1084 2113 πατέρας
1114 2030 1229 2113 ἔχομεν

206 2126 291 2194 κατά
319 2127 438 2210 σάρκα,
469 2153 522 2193 και
553 2122 590 2192 ού
613 2121 799 2213 φίρομεν’
780 2126 912 2194 ακούειν
932 2126 990 2192 τὸν
1010 2128 1137 2194 τούτων
1160 2125 1229 2194 ύπό

207 2250 306 2293 τινων
329 2226 446 2312 ψόγον,
470 2224 566 2310 πόσῳ
588 2249 626 2309 χε
645 2227 772 2308 μάλλον
793 2224 851 2291 τόν
867 2224 1076 2308 κύριονθεόν
1091 2225 1229 2293 πάντων

206 2321 276 2391 ύπὸ
296 2328 355 2392 τοῦ
376 2323 613 2408 χαλεπωτάτου
637 2322 824 2402 Μάνεντος-
842 2323 1142 2410 βλασφημούμενον
1171 2323 1255 2399 λάκε

208 2416 416 2507 ἀκούσωμενς
440 2418 519 2488 όταν
541 2411 598 2489 οὖν
621 2421 656 2489 ίν
669 2425 716 2508 τῷ
734 2421 817 2489 ἐλέει
831 2423 890 2487 τοῦ
905 2424 989 2487 θεοῦ
1005 2418 1125 2506 ὄμβροι
1141 2417 1230 2488 ἀπο-

169 2535 198 2585 ¹5
207 2522 408 2587 στέλλωνται
429 2519 512 2586 κατὰ
533 2519 591 2605 τὴν
614 2513 715 2585 αύτοῦ
733 2514 937 2605 ἀχαθότητα,
962 2513 1062 2597 αύτός
1074 2522 1230 2606 βλασφη-

206 2620 280 2700 μῶν
301 2615 359 2683 οόκ
380 2616 569 2698 αἰσχύνεται
590 2616 731 2703 φάσκειν
751 2615 796 2701 μὴ
820 2615 855 2681 ἐκ
875 2620 960 2683 θεοῦ
981 2617 1059 2695 τοὺς
1084 2614 1230 2702 ὄμβρους

208 2709 303 2794 εἶναι,
330 2709 415 2781 ἀλλὰ
437 2711 506 2780 ἀπὸ
529 2709 715 2796 ἀπορροίας
737 2706 912 2797 ἀρχόντων.
1015 2732 1019 2743 ·

293 2817 343 2877 22.
378 2811 429 2877 Τὰ
457 2811 493 2877 δὲ
521 2809 606 2877 ἀλλο
634 2809 742 2876 εἰπεῖν
767 2816 819 2888 τίς
846 2806 905 2877 ούκ
933 2812 1149 2929 ἐκχελάσειεν,
1183 2809 1230 2892 ιός

207 2907 291 2990 τάχα
312 2909 355 2974 τὰ
375 2912 433 2973 τοῦ
459 2909 596 2973 Φιλιοτί
583 2913 681 2985 ίωνος
701 2901 830 2974 εἶναι’
810 2910 1049 2994 αναγκαιότερα
1071 2937 1090 2997 η
1114 2911 1156 2977 τά
1171 2914 1229 2999 τῆς

167 3006 327 3072 νοτυύτοο
349 3007 507 3090 μιμολοχί
507 3030 563 3086 ας;
587 2998 769 3091 ὠμοφόρον
784 3004 845 3090 γὰρ
859 3012 1063 3089 μυθοποιῶν
1078 3009 1230 3077 διδάσκει

206 3102 468 3188 βαστάζοντα
434 3129 493 3189 την
514 3107 572 3190 γῆν
594 3105 718 3184 πᾶσαν,
741 3105 797 3170 καί
819 3103 875 3171 διὰ
896 3104 994 3185 ἐτῶν,
1018 3111 1111 3221 φησὶ,
1133 3107 1230 3192 τριά·

207 3226 307 3269 κοντα
334 3201 515 3286 κάμνοντος
541 3204 601 3267 τοῦ
628 3198 722 3284 ὤμου
746 3208 944 3289 μεταφέρειν
967 3204 1014 3282 εις
1035 3204 1092 3270 τόν
1116 3205 1253 3288 ἕτερονῦ

208 3289 309 3383 ὦμον,
331 3306 385 3366 καί
407 3296 495 3375 οὕτω
510 3297 588 3377 τούς
602 3299 759 3382 σεισμούς
773 3308 937 3384 γίνεσθαι.
968 3301 998 3367 εἰ
1013 3302 1050 3369 δὲ
1063 3292 1103 3387 ἦν
1117 3307 1227 3382 τοῦτο,

208 3397 292 3464 κατὰ
320 3398 422 3484 φύσιν
449 3387 488 3483 ἦν
517 3395 556 3462 τὸ
578 3400 730 3482 πρᾶγμα,
762 3400 817 3463 καί
839 3392 948 3465 ούκίτι
969 3389 1008 3484 ἦν
1029 3405 1227 3468 θεσπέσιον.

168 3494 377 3581 ϋλλίγχονσι
399 3497 435 3562 δὲ
455 3494 513 3560 τὸν
534 3493 637 3582 γόητα
661 3495 694 3561 οί
714 3499 774 3561 τού
797 3499 946 3581 σωτῆρος
968 3496 1074 3583 λόχοι,
1106 3497 1143 3576 ὃς
1164 3500 1228 3585 ἔφη

210 3600 366 3679 “χίνεσθε
393 3588 516 3679 ἀγαθοί
549 3587 594 3670 ὡς
623 3587 641 3657 ό
669 3592 779 3680 πατὴρ
807 3588 899 3677 ὑμῶν
928 3589 946 3659 ό
975 3590 1144 3679 ούράνιος,
1175 3592 1229 3662 ότι

209 3685 380 3758 ἀνατέλλει
406 3690 464 3757 τόν
492 3686 586 3777 ἥλιον
614 3685 715 3757 αύτοῦ
745 3690 803 3758 ἐπὶ
832 3692 980 3772 δικαίους
1007 3696 1060 3760 καλ
1083 3688 1226 3773 ἀδίκους,

208 3791 262 3858 καλ
283 3795 394 3912 βρέχει
412 3783 514 3855 αύτοῦ
535 3787 594 3855 τὸν
615 3783 710 3855 ύετδν
732 3788 789 3855 ἐπὶ
805 3788 971 3875 πονηρούς
983 3796 1037 3856 καί
1053 3785 1227 3876 ἀχαθούς”.

208 3891 263 3955 καὶ
285 3887 355 3953 τὸ·
358 3886 501 3954 ἔσονται
523 3888 654 3969 σεισμοὶ
675 3886 760 3953 κατὰ
780 3886 886 3953 τόπον
908 3913 962 3954 και
952 3889 1072 3970 λιμοί
1086 3893 1142 3955 καλ
1157 3892 1228 3956 λοι-

168 3989 297 4069 σομοίῖ
343 3984 371 4052 εί
399 3985 435 4051 δὲ
457 3985 491 4050 ἐκ
513 3983 659 4102 φύσεως,
688 3978 814 4072 ἢκατά
836 3984 1017 4072 σννηθειαν
1039 3986 1073 4051 οί
1094 4010 1227 4070 σεισμοι

210 4084 245 4168 ἐχ
246 4091 364 4162 ί,νοντο
388 4081 550 4159 πολλάκις
570 4070 629 4147 ούν
653 4077 708 4148 ότι
730 4085 862 4164 σεισμοὶ
886 4083 970 4149 κατὰ
988 4083 1099 4167 χώραν
1119 4093 1228 4171 γίνον-

209 4205 275 4258 ται,
292 4206 351 4248 σον
353 4180 461 4268 έλβηδ
475 4183 529 4246 καὶ
541 4177 586 4246 ἐπ
583 4173 758 4247 ’ἐνιαυτὸν
771 4174 909 4299 ύλοτελη
924 4176 1000 4246 καθ’
988 4181 1207 4302 ἑκάστην
1172 4210 1227 4249 νυ·
1211 4199 1254 4250 -0

209 4301 270 4343 κτα
284 4278 446 4357 πολλάκις
460 4275 718 4345 σαλεύεσθαι
677 4302 738 4363 την
747 4280 828 4365 γῆν.
846 4267 948 4365 ἀρόχ’Ι
963 4267 1021 4346 σύν
1031 4304 1229 4365 τραύματα·

98 4472 221 4672 ἱ
