2867 5084
542 975 664 1028 ινσειιι.
683 958 884 1030 ιινιιινσιυι.
1162 969 1225 1033 283

238 1144 265 1203 γε
280 1126 516 1210 διορθῶσοιντο.
563 1123 722 1194 ἀλλὰκαὶ
745 1132 810 1193 τῶν
834 1128 870 1208 ἐξ
891 1125 991 1196 αύτού
1014 1135 1073 1196 τού
1092 1126 1223 1215 Ἀρείου

199 1226 422 1309 ὅῧγεγινημένων
444 1225 486 1290 τά
509 1224 634 1305 ζιζάνια
657 1226 714 1291 διά
736 1229 794 1291 τοῦ
817 1233 914 1292 θείου
937 1226 1035 1312 λόγου
1058 1232 1116 1294 τοῦ
1140 1224 1223 1312 ύπὲρ

238 1321 322 1386 πᾶσαν
346 1321 509 1404 μάχαιραν
539 1323 697 1404 δίστομον
726 1329 914 1406 τσμωτέρου
948 1324 1134 1406 ἐκτεμόντες
1167 1329 1224 1410 τῆς

236 1411 263 1490 ἐξ
276 1412 362 1483 αύτού
385 1422 443 1483 τοῦ
463 1414 594 1501 Ἀρείου
617 1427 756 1505 φυείσης
782 1415 962 1503 ύλομανίας
991 1422 1225 1506 διασκοπήσω-

235 1534 277 1589 μεν
293 1519 361 1593 πῶς
388 1518 476 1593 τινές
501 1511 765 1600 ἡμιαρείζουσιν,
805 1515 927 1581 ἐκείνου
960 1518 1021 1599 μέν
1053 1517 1092 1581 τὸ
1120 1515 1247 1598 ὄνομα5

235 1600 410 1694 ἀρνούμενοι,
436 1608 535 1678 αύτὸν
551 1616 586 1679 δέ
603 1616 658 1678 καὶ
673 1612 731 1700 τὴν
755 1607 855 1677 αύτυῦ
878 1614 1071 1691 κακοδοξίαν
1094 1614 1225 1680 ἐνδεδυ-

234 1711 314 1785 μένοι,
353 1706 563 1796 προσχηματί
584 1737 651 1776 τινι
674 1714 914 1796 προσπυιητῶς
936 1710 1224 1794 ἐπιπλασσύμενοι

233 1798 335 1883 ἐαυτοῖς
356 1805 395 1871 τὸ
418 1806 603 1889 πρόσωπον
625 1802 857 1891 ἠλλοιωμένον,
881 1803 926 1884 ῶς
948 1802 966 1890 ἡ
989 1811 1055 1873 τῶν
1072 1807 1128 1873 ἐπὶ
1146 1831 1222 1892 σκη·

234 1902 270 1982 τῆς
286 1905 475 1969 πέπλασται
498 1905 757 1989 δραματουργία,
787 1900 872 1970 άίστε
901 1910 1131 1988 προσωπείοις
1153 1905 1223 1970 ἑτέ-

232 2018 281 2076 ροις
303 2000 361 2078 τὰς
390 2001 514 2066 ἑαυτῶν
544 1999 642 2085 ὄψεις
671 2000 885 2083 ἐπικρύπτειν
913 2005 967 2066 καὶ
997 2001 1133 2066 ἐνδοθεν
1163 2006 1221 2067 τοῦ
1234 2022 1261 2071 10

216 2099 389 2175 λσροσῶπου
423 2098 464 2164 τά
486 2102 543 2184 τῆς
565 2101 740 2183 κωμῳδίας
762 2097 880 2179 αι’σχρά
902 2102 1012 2164 τεκαὶ
1035 2106 1142 2184 μέθης
1165 2101 1222 2181 ἐμ-

232 2192 292 2258 πλεα
313 2196 521 2279 διηγεῖσθαι,
551 2190 572 2280 ἢ
594 2193 702 2273 άλλως
725 2194 917 2280 φερόμενοι,
952 2190 972 2281 ἢ
995 2219 1217 2278 σχηματοποι-

231 2289 314 2369 νύντες
341 2297 408 2357 τῶν
437 2295 591 2357 παλαιῶν
619 2294 696 2369 τούς
724 2293 868 2375 μύθους,
906 2295 972 2357 τῶν
1000 2286 1076 2374 παρ’
1109 2286 1221 2369 αὐτοῖς

232 2393 351 2472 τοιηιῶν
374 2393 473 2454 τοῦτο
496 2389 735 2474 ἐργασαμένων.
778 2386 863 2452 ούτω
892 2391 944 2452 καί
975 2377 1068 2452 οὗτοι
1090 2390 1220 2454 πλανᾶν

231 2476 375 2564 ἐθέλοντες
397 2486 474 2563 τούς
496 2481 667 2570 ἀκεραίους
690 2481 784 2550 αύτοί
806 2491 866 2567 μίν
889 2486 954 2552 είσι
977 2490 1030 2549 καί
1052 2489 1097 2570 τῶ
1114 2508 1221 2568 προσ·
1233 2507 1260 2556 15

230 2576 287 2667 (ν’πηι
306 2587 359 2649 καί
383 2586 430 2667 τῶ
453 2581 537 2668 ἤδει
554 2582 610 2648 καὶ
631 2586 670 2668 τῇ
693 2583 869 2667 κακοδοξίᾳ
892 2577 995 2667 ὁποίᾳ
1012 2580 1144 2663 Ἀρειος
1166 2586 1219 2648 καί

229 2663 456 2763 Ἄρειομανῖται.
489 2682 592 2765 δῆθεν
615 2681 726 2745 δὲκαὶ
749 2680 919 2756 κολακείας
942 2680 1033 2745 ἕνεκα
1049 2673 1220 2767 άπατηλῆς

231 2769 350 2860 ίίμπαρ>
369 2778 507 2854 ἐκείνοις
529 2772 791 2862 ὁμολογουμένην
808 2776 1047 2862 ἐνδιάστροιγον
1063 2772 1221 2843 διδασκα-

232 2865 278 2935 λίαν
296 2884 515 2956 κατακοσμεῖν
538 2874 720 2951 ἐθέλοντες,
754 2880 873 2954 κτίσμα
900 2875 960 2954 μέν
987 2872 1044 2937 τὸν
1068 2875 1139 2941 υἱὸν
1161 2879 1219 2939 τοῦ

233 2968 286 3033 θεοῦ
306 2997 420 3059 φασιν,
454 2972 510 3037 ίνα
533 2972 568 3036 δὲ
591 2971 694 3056 δῆθεν
716 2965 916 3056 άπατησωσι
938 2973 991 3036 καί
1015 2974 1062 3055 τῷ
1078 2973 1138 3056 υἱῷ
1161 2976 1259 3041 τοῦτο

218 3064 286 3132 ίδιού
306 3096 338 3135 τι
359 3077 571 3152 χαρίσωνται,
594 3066 677 3151 μετά
698 3074 854 3145 θωπείας
876 3077 947 3145 τοῖς
963 3064 1032 3133 άπὸ
1047 3072 1105 3131 τοῦ
1122 3070 1219 3153 λόγου

232 3162 317 3230 ίνίτου
352 3172 574 3250 πτυρομένυις
618 3160 815 3248 άγυρτωδῶς
848 3165 1056 3248 ἐπιλέγουσιν
1091 3162 1143 3229 ὅτι
1181 3160 1219 3229 ού

232 3264 308 3340 ῖομὲν
329 3270 452 3345 κτίσμα
475 3258 519 3339 ῶς
542 3264 575 3328 ἐν
597 3265 664 3326 τῶν
686 3261 884 3343 κτισμάτων,
914 3256 990 3327 οὐδὲ
1012 3266 1153 3348 γέννημα
1176 3257 1220 3339 ῶς

231 3351 251 3415 ἐν
265 3365 320 3426 τῶν
342 3359 561 3446 γεννημάτων.
605 3359 644 3422 τὸ
673 3360 708 3423 δέ
739 3355 917 3442 ὃμοούσιον
950 3359 1074 3424 τέλειον
1103 3356 1220 3443 ἐκβάλ-

230 3447 304 3535 λουσι,
328 3460 432 3542 δῆθεν
456 3452 501 3533 ῶς
523 3451 696 3537 ἀλλότριον
720 3451 756 3522 ὃν
779 3463 837 3540 τῆς
859 3462 958 3533 θείας
973 3459 1110 3541 γραφῆς.
1142 3464 1260 3542 περλῖῖι

229 3546 251 3613 ίέ
267 3554 384 3620 τούτων
414 3553 447 3619 ἐν
469 3557 508 3638 τῇ
539 3552 622 3619 κατὰ
638 3550 771 3635 ’Ἀρειον
801 3548 965 3635 άκρύτατα
994 3553 1217 3638 διελέχθημεν.

226 3643 263 3712 ἵνα
280 3652 311 3717 δὲ
333 3650 389 3716 καί
413 3648 528 3733 ὅμοιον
550 3650 656 3735 τούτῳ
686 3651 774 3736 ῥῆμα
803 3650 1055 3733 προβάλλοιντο,
1087 3652 1119 3716 οί
1141 3656 1218 3734 περὶ

224 3744 388 3826 Βασίλειον,
414 3750 508 3833 φημί,
532 3745 586 3812 καὶ
603 3754 632 3811 Γ
630 3746 766 3831 εῶργιον
780 3749 832 3812 καί
849 3750 907 3832 τῆς
919 3742 1118 3830 Ἡμιαρείων
1140 3747 1220 3813 ταύ-

222 3863 263 3923 της
282 3847 438 3929 αἱρέσεως
460 3845 646 3926 προστάται
670 3847 783 3929 φασίν,
808 3838 845 3908 ού
869 3845 1002 3927 λέγομεν
1030 3839 1217 3923 ὁμοούοιον,

222 3932 287 4006 ἄλλά
321 3939 545 4026 ὁμοιοούσιον.
592 3932 675 4028 ἦσαν
711 3943 746 4007 δέ
776 3931 868 4006 οὗτοι
898 3941 930 4005 σί
959 3935 1028 4005 άπὸ
1056 3943 1114 4024 τῆς
1142 3958 1259 4008 συν-30

202 4034 283 4104 ιὸδου
305 4040 530 4122 διαιρεθέντες
559 4035 658 4125 αὐτῆς
678 4043 736 4124 τῆς
749 4033 1031 4120 Ἀρειομανίτιδος
1053 4036 1218 4117 αἱρέσεως,

219 4127 232 4197 δ
258 4131 352 4216 αύτὸς
385 4139 566 4215 Βασίλειος
591 4131 787 4221 Ἀγκυρηνὸς
819 4133 944 4198 τούτων
974 4128 1127 4218 άρχηγὸς,
1164 4138 1218 4201 καί

215 4236 240 4295 Γ
237 4233 364 4320 ειίργιος
387 4231 405 4299 ὃ
427 4234 633 4311 Λαοδικείας
660 4237 718 4318 τῆς
740 4231 826 4315 πρὸς
845 4225 1048 4312 Ἀντιόχειαν
1069 4231 1217 4318 Δάφνης,
