2867 5084
269 948 332 1008 412
503 959 705 1007 ΕΠΙΦΑΝῙΟΥ
725 959 819 1006 ΚΑΤΑ
837 959 1025 1007 mmm
1040 960 1070 1008 Γ.

266 1109 406 1195 γιομούς
426 1107 469 1194 μῆ
502 1104 761 1192 ὑπερβαίνοντας
789 1108 847 1194 τῆν
875 1110 932 1193 τῆς
960 1110 1178 1194 ταυτολογίας
1207 1133 1294 1195 προ-

267 1208 386 1294 φορὰν,
411 1201 479 1272 ἀλλ’
498 1201 582 1271 αύτά
605 1207 721 1284 έκεῖνο,
746 1210 798 1271 καί
816 1199 911 1270 οὐδὲν
933 1206 1044 1289 ἕτερον
1060 1207 1290 1291 διηγούμενος·

268 1304 321 1370 διὸ
346 1306 600 1387 παρακαλοῦμεν
623 1299 716 1380 ὅπως
737 1305 852 1388 μηδείς
868 1298 953 1386 ῆμᾶς
969 1303 1204 1389 έπιμέμψηται
1225 1308 1291 1370 τῶν

268 1400 536 1486 έντυγχανόντων,
566 1403 661 1484 εἴπερ
690 1403 742 1464 καὶ
774 1397 868 1464 αὐτοὶ
898 1399 981 1465 κατὰ
1002 1403 1067 1465 τῶν
1091 1397 1202 1467 αύτῶν
1225 1427 1293 1469 ενε·

245 1503 411 1582 σχθῶμεν,
447 1497 702 1583 ἀναγκαζόμενοι
727 1499 832 1580 λέγειν
860 1497 945 1581 πρὸς
966 1499 1025 1583 τῆν
1048 1493 1150 1564 αὐτοῦ
1174 1524 1292 1566 ταυτο-

267 1598 390 1681 λογίαν.
428 1597 467 1661 τό
489 1603 631 1681 γέννημα
659 1595 720 1679 γὰρ
744 1593 909 1677 ἄτρεπτον
932 1594 1031 1674 ἔστιν,
1064 1591 1143 1661 ὅσον
1167 1603 1291 1681 πρέπει

266 1697 421 1776 θεότητι,
461 1698 513 1759 καὶ
539 1690 556 1755 ὁ
578 1694 741 1777 γεννῆτωρ
765 1690 929 1774 ἄτρεπτος
952 1692 1057 1771 ἔστιν,
1093 1690 1138 1772 ῶς
1168 1701 1290 1778 πρέπει

267 1786 436 1873 ἀναλόγως
458 1794 497 1876 τῆ
521 1785 621 1854 αύτού
646 1786 799 1875 ἀτρέπτῳ
822 1790 930 1875 φύσει.
964 1797 1055 1872 μένει
1078 1791 1115 1857 δὲ
1138 1788 1157 1856 ὃ
1179 1791 1314 1879 γεννῆ-ῐ)

267 1910 328 1964 σας
351 1882 401 1953 ἀεὶ
425 1886 482 1952 τόν
500 1888 535 1966 έξ
550 1882 650 1952 αύτοῦ
666 1888 747 1968 ἔχων
762 1893 1001 1972 γεγεννημένον,
1023 1890 1189 1975 μηδεμίαν
1208 1885 1291 1956 ύπό-

230 2001 258 2051 10
267 2008 360 2050 νοιαν
383 1988 558 2069 συγχωρῶν
580 1996 653 2062 τοῖς
675 1980 730 2049 ὑπ’
750 1980 850 2049 αύτού
866 1992 1097 2068 κεκτισμένοις,
1122 1985 1202 2055 ἀνευ
1220 1988 1290 2054 οἱοῦ

267 2082 390 2149 εἰδέναι
413 2088 551 2166 πατέρα,
575 2088 628 2148 καὶ
653 2079 730 2147 ἀνευ
754 2082 879 2165 πατρός
907 2107 992 2150 ποτε
1014 2083 1137 2150 εἰδέναι
1159 2086 1220 2153 τὸν
1240 2110 1292 2170 γε·

265 2186 459 2266 γεννημένον
493 2183 546 2245 καὶ
580 2178 618 2244 τό
646 2182 772 2245 τέλειον
806 2174 907 2245 αύτού
936 2184 1082 2263 πνεῦμα,
1122 2180 1139 2247 ὃ
1171 2183 1207 2249 ἔκ
1232 2185 1289 2248 τοῦ

265 2278 394 2362 πατρὸς
417 2277 630 2362 ἐκπορεύεται
652 2280 705 2342 καὶ
729 2280 786 2342 τού
810 2277 883 2342 οἱοῦ
907 2278 1077 2362 λαμβάνει.
1115 2282 1170 2345 καὶ
1193 2283 1288 2345 τοῦτο

265 2383 397 2459 πρέπον
421 2375 510 2441 ἐστὶν
534 2370 722 2456 ἀξιώματος
745 2370 861 2452 οὐσίας
883 2379 976 2454 θεοῦ,
1000 2376 1039 2440 τὸ
1056 2370 1287 2464 ἀπροσληπτι·

226 2477 329 2551 τεκῶς
350 2474 394 2559 μῆ
419 2473 618 2539 έπιδεῖσθαί
645 2496 736 2549 τινος
758 2467 960 2555 ἀξιώματος,
995 2468 1064 2538 ἀλλ’
1097 2475 1183 2557 ἔχειν
1211 2470 1286 2542 ούτὸ

265 2565 383 2648 ἀϊδίως
407 2571 439 2635 έν
462 2574 502 2656 τῆ
526 2570 595 2654 ἰδίᾳ
618 2570 802 2655 ταυτότητι.

352 2667 404 2747 ις’.
444 2668 485 2730 El
506 2667 544 2730 τό
568 2664 741 2752 ἀγέννητον
765 2663 880 2745 ούσίας
902 2667 971 2734 ἐστὶ
989 2668 1182 2753 δηλωτικόν,
1207 2669 1321 2738 τένδει

263 2789 330 2841 τως
353 2757 438 2846 πρός
460 2763 517 2847 τῆν
540 2767 598 2827 τοῦ
621 2761 950 2850 γεννῆματοςούσίαν
967 2759 1282 2834 ἀντιδιαστέλλεται·
1358 2824 1359 2873 η

265 2861 295 2928 εἰ
318 2861 354 2926 δὲ
376 2861 477 2945 μηδὲν
501 2867 654 2943 σημαίνει
676 2861 714 2926 τὸ
738 2856 921 2948 ἀγέννητον,
946 2865 1061 2948 πολλῷ
1083 2866 1214 2946 μᾶλλον
1235 2858 1281 2930 ού·
1357 2884 1359 2903 ·

225 2958 319 3027 ιυδὲν
343 2958 439 3040 δηλοῖ
460 2957 498 3021 τὸ
521 2963 671 3043 γέννημα.
717 2959 747 3024 εἷ
769 2962 805 3025 δέ
826 2962 943 3046 μηδὲν,
978 2963 1052 3038 πῶς
1075 2955 1280 3029 ἀντιδιαστα·

263 3056 353 3143 λείη,·
393 3055 422 3121 εἰ
444 3056 481 3121 δὲ
502 3050 521 3140 ῆ
545 3050 718 3139 ἀγέννητος
747 3057 907 3145 προφορά
935 3057 1021 3140 πρὸς
1048 3057 1108 3145 τῆν
1136 3058 1278 3146 γεννητῆν

262 3152 439 3241 προφοράν
462 3150 774 3232 ἀντιδιαστέλλεται,
799 3160 930 3242 σιωπῆς
944 3156 1002 3243 τῆν
1018 3158 1201 3244 προφορὰν
1218 3160 1279 3225 δω-

264 3254 452 3337 δεχομένης,
490 3258 644 3336 γίνεσθαι
676 3259 851 3335 συμβαίνει
883 3251 938 3318 καὶ
971 3247 1203 3336 ἀπογίνεσδαι
1231 3253 1282 3338 τῆν

262 3352 329 3414 τῶν
346 3352 558 3431 Χριστιανῶν
577 3349 707 3426 ἐλπίδα,
733 3350 766 3414 έν
783 3350 935 3436 διαφόρῳ
951 3355 1111 3439 προφορᾷ
1127 3358 1310 3440 κειμένην,Β

223 3439 332 3518 τεάλλ’
358 3441 415 3509 ούκ
445 3445 478 3510 ἓν
507 3445 646 3532 φύσεσιν
677 3444 782 3525 οὕτως
813 3446 964 3529 ἐχούσαις
992 3444 1038 3527 ῶς
1066 3443 1086 3535 ῆ
1117 3454 1186 3518 τῶν
1217 3448 1300 3518 ἀνθ’

262 3542 377 3625 μάτων
398 3541 552 3626 βούλεται
577 3551 733 3629 σημασία.

346 3633 545 3724 Ἀνατροπῆ.
583 3645 665 3719 Πῶς
688 3641 935 3726 προλαμβάνειν
958 3641 1104 3709 εἰώθασι
1127 3645 1191 3726 τὰς
1212 3620 1309 3714 καθ1

264 3736 389 3804 ἑαυτῶν
410 3746 593 3821 μαρτυρίας
616 3739 648 3804 οἱ
668 3739 849 3821 ε’κέίαμβεῒν
864 3740 922 3827 τῆν
940 3739 1091 3806 διάνοιαν
1106 3745 1176 3808 τῶν
1192 3736 1316 3812 ἀπεί’

262 3861 329 3919 ρων
351 3835 599 3921 μεμαθηκότες·
638 3832 739 3920 όγάρ
763 3837 796 3902 έν
820 3841 979 3924 προφορᾷ
1008 3837 1068 3921 τῆν
1092 3839 1220 3908 ἐλπίδα
1241 3854 1318 3910 15²

222 3938 418 4017 3οκτημένος
437 3928 566 4011 Ἀέττος
587 3933 688 4015 μόνος
717 3933 772 3998 καὶ
801 3929 859 4000 ούκ
882 3930 1035 4021 ἀληθείᾳ,
1065 3935 1192 4024 ταύτην
1215 3936 1317 4028 ἡμῖν’

263 4029 476 4116 ἐπιφημίζειν
499 4032 671 4117 τολμηρῶς
692 4033 865 4116 προῆλθεν
888 4026 997 4111 αὐτὸς,
1031 4033 1105 4098 οίὸν
1127 4040 1217 4103 θεοῦ
1239 4025 1303 4104 κα)

261 4126 345 4193 θεὸν
379 4134 507 4210 πατέρα
538 4132 627 4213 ψιλῷ
661 4126 747 4213 λόγῳ
779 4128 823 4214 μῆ
859 4131 1031 4209 αἰδεσθεὶς
1064 4125 1320 4222 ὁμολογῆσαν(

261 4219 353 4308 ἡμῶν
376 4226 412 4289 δὲ
434 4227 581 4306 μάλιστα
604 4219 854 4310 ὁμολογούντων
884 4225 1024 4314 φυσικόν
1047 4221 1136 4295 εἶναι
1159 4239 1296 4320 πατέρα

144 4382 240 4616 Κ
