2867 5084
258 947 323 1008 572
485 957 691 1006 εσισιινιοκ
707 955 803 1004 xm
823 955 1011 1005 μετίεσαν
1026 956 1056 1003 ε.

258 1106 428 1192 λεγόντων,
464 1106 497 1172 ἒν
526 1105 644 1186 κόμαις
672 1131 708 1172 τε
731 1104 913 1189 προόπτως
935 1109 1204 1189 προερχομένων,
1229 1104 1288 1172 ἅλ-

258 1205 324 1271 λων
348 1206 382 1269 δὲ
414 1199 514 1287 άγίων
544 1184 697 1289 ἀδελφῶν
728 1202 762 1268 ἐν
791 1203 899 1286 σάκκῳ
927 1204 980 1268 καὶ
1016 1203 1137 1287 σποδῶ
1174 1202 1288 1269 οἴκαδε

258 1303 498 1384 καθεζομένων,
522 1304 574 1366 καί
599 1301 648 1366 ἔτι
665 1298 773 1366 ἄλλων
790 1299 823 1366 ἒν
839 1302 1026 1376 πολιτείαις
1047 1299 1104 1364 καὶ
1116 1306 1287 1385 νηστείαις

257 1394 545 1483 ὑπερβαλλούσαις
573 1401 625 1463 καί
649 1397 785 1481 καμάτῳ
808 1395 893 1480 πρός
916 1394 998 1461 θεὸν
1028 1394 1062 1461 ίν
1095 1395 1286 1481 νεανιότητι

236 1499 298 1583 svp}
321 1495 407 1579 πρὸς
439 1496 497 1561 τὸν
519 1502 662 1580 νυμφίον
694 1497 805 1580 τελείᾳ
833 1492 1018 1579 συνειδήσει
1046 1494 1285 1580 πληροφοροο-

257 1599 374 1676 μένων,
399 1594 518 1675 ἑτέρων
542 1593 585 1671 δὲ,
611 1588 656 1669 ῶς
677 1601 853 1673 προεῖπον,
878 1586 936 1656 οὑκ
952 1585 1075 1673 ὀρθῶς,
1099 1585 1186 1657 άλλὰ
1201 1590 1285 1657 κατά

257 1715 333 1756 τινα
365 1689 536 1775 πρόληψιν
572 1689 648 1765 νοὸς
681 1692 880 1771 τυραννικῶς
909 1688 1001 1770 παρὰ
1028 1687 1087 1772 τήν
1116 1684 1305 1774 άλήθειανο

258 1792 523 1867 νεανιευομένων,
548 1782 593 1863 ῶς
612 1794 777 1867 Ζακχαῖος
798 1787 857 1868 μὲν
879 1784 947 1869 πρὸ
969 1789 1107 1869 βραχέος
1130 1786 1283 1871 τελευτή-

259 1906 320 1960 σας
343 1882 376 1948 ἒν
398 1875 437 1967 τῇ
462 1878 570 1967 ὀρεινῇ
594 1886 633 1968 τῇ
658 1886 734 1966 περὶ
756 1882 798 1948 τὰ
818 1878 1024 1966 Ἱεροσόλυμα
1057 1876 1168 1949 οὐδενὶ
1199 1878 1283 1961 όλως

222 1978 493 2062 ιοσονευχόμενος
516 1981 707 2057 διετέλεσεν,
737 1975 821 2046 άλλά
843 1979 897 2044 καί
920 1979 976 2045 διὰ
997 1978 1055 2064 τήν
1078 1975 1182 2067 αὑτήν
1197 1977 1282 2045 ὑπό-

257 2083 357 2144 θεσιν
380 2079 551 2163 τολμηρῶς
580 2073 680 2161 ἁγίων
709 2084 898 2162 μυστηρίων
922 2076 1043 2158 ψαύειν
1076 2081 1130 2143 καλ
1155 2078 1283 2162 ἱερουρ-

258 2180 333 2258 γίαν
356 2175 468 2252 λαῑκὸς
490 2169 536 2239 ῶν
559 2168 707 2261 άφειδῶς
724 2174 893 2257 ἐπεχείρει.
928 2176 1037 2258 ἕτερος
1052 2174 1089 2239 δέ
1104 2199 1166 2255 τις,
1191 2171 1282 2254 δστις

259 2275 343 2338 ποτὲ
366 2262 402 2357 ήν
426 2268 507 2358 άνήρ
531 2272 662 2350 ἐκεῖνος,
692 2276 745 2338 καὶ
769 2275 835 2337 τῶν
858 2272 1040 2337 δοκούντων
1070 2271 1104 2337 ίν
1127 2267 1283 2360 άκρότητι

257 2375 333 2453 βίου
357 2372 648 2452 πεπολιτευμένος,
673 2369 759 2451 πρὸς
780 2370 839 2454 τήν
861 2371 1040 2453 Αἴγυπτον
1063 2368 1122 2436 ἐπὶ
1145 2372 1189 2436 τά
1211 2370 1283 2456 ἕρη-

222 2466 339 2548 ίομικά
360 2467 556 2554 κατοικήσας
584 2467 617 2533 ίν
647 2474 874 2553 μοναστηρίῳ,
908 2467 965 2532 καὶ
993 2465 1092 2544 άλλος
1120 2467 1209 2552 πρὸς
1237 2471 1281 2554 τῷ

258 2569 393 2649 Σιναίῳ,
425 2561 469 2642 ῶς
498 2560 567 2631 άπὸ
591 2560 768 2648 ὀνειράτων
797 2563 1057 2643 ἕνεανιεόσαντο,
1093 2564 1336 2651 ἐπισκοπήςιίω

259 2661 431 2744 δεξάμενοι
452 2668 674 2744 χειροθεσίαν,
709 2665 763 2728 καί
786 2665 963 2748 καθῆσθαί
990 2687 1026 2727 τε
1051 2662 1108 2727 καὶ
1135 2663 1181 2730 τὰ
1209 2664 1282 2730 ἐπι-

259 2759 393 2825 σκόπων
417 2758 574 2842 πράττειν
598 2762 650 2824 καὶ
675 2755 768 2825 αι’·τοὶ
793 2759 990 2843 ἐπεχείρουν.
1033 2760 1141 2844 ἕτεροι
1171 2761 1282 2828 δὲκαὶ

259 2851 316 2921 οὐκ
341 2850 447 2937 όλίχοι
469 2850 663 2936 εὐνουχίζων
687 2856 824 2934 ἑαυτοὺς
847 2857 939 2940 παρὰ
953 2856 995 2923 τά
1010 2866 1282 2949 προστεταγμένα

219 2955 363 3038 ιθδήθεν
387 2951 593 3037 νεανιότητος
614 2953 709 3036 χάριν
726 2953 919 3040 ἐτόλμησαν.
957 2955 1063 3038 ἕτεροι
1087 2956 1124 3021 δὲ
1147 2958 1280 3022 δοκοῦν-

257 3076 311 3128 τες
334 3048 566 3117 νεανιεύεσθαι
593 3050 752 3131 τολμῶσι,
784 3051 876 3134 παρὰ
904 3051 981 3130 τοὺς
1011 3049 1109 3130 ὄντας
1131 3047 1204 3119 άπὸ
1228 3049 1280 3138 όρ-

256 3149 411 3228 θοδόξων
447 3142 648 3231 ὁρμώμενοι,
691 3147 850 3233 σόλλσχον
890 3149 1020 3227 ἑαυτοῖς
1057 3149 1278 3230 ἕπισπῶντες,

257 3242 342 3312 άλλδι
363 3245 417 3312 καὶ
441 3243 518 3312 άνευ
546 3245 744 3330 ἐπικρίσεως
776 3247 916 3312 συνόδου
946 3246 1174 3335 οίκουμενικής
1203 3243 1279 3316 άνα-

255 3345 429 3428 βαπτίζειν
462 3342 540 3420 τοὺς
573 3342 767 3427 ἐρχομένους
802 3342 887 3426 πρὸς
920 3340 1040 3422 αὐτοὺς
1073 3346 1179 3431 δῆθεν
1213 3341 1278 3413 άπὸ

218 3434 444 3523 ιεἈρειανῶν,
467 3442 607 3525 μηδέπω
628 3444 687 3505 τοῦ
710 3440 906 3525 πράγματος
935 3440 970 3519 ἐξ
997 3440 1206 3526 ἐπικρίσεως,
1237 3438 1278 3520 ῶς

257 3538 349 3622 ἔφην,
375 3536 514 3601 συνόδου
537 3543 737 3622 τμηθέντος,
773 3535 829 3603 διά
857 3536 896 3603 τό
926 3533 1047 3620 άναμλξ
1072 3539 1153 3618 τοὺς
1181 3539 1299 3619 λαοὺςχ

258 3632 415 3717 ὑπάρχειν
439 3634 487 3699 ἔτι
510 3635 615 3718 δεῦρο,
639 3639 694 3701 καὶ
717 3634 863 3712 πολλοὺς
884 3636 944 3718 μὲν
962 3629 1046 3702 είναι
1063 3631 1276 3721 δρθοδόξονς,

256 3729 340 3797 κατά
368 3731 404 3795 δὲ
433 3726 608 3816 ὑπόκρισιν
638 3731 725 3814 πρὸς
751 3732 827 3810 τοὺς
857 3732 1084 3817 ίερατεόοντας
1115 3741 1277 3821 συνημμί·

257 3852 342 3908 νους,
367 3829 429 3906 ἕως
451 3822 491 3895 όν
514 3823 703 3915 άφορισμός
724 3837 856 3914 γίνηται
877 3834 935 3916 τῆς
957 3830 1113 3916 τοιαότης
1126 3832 1278 3922 βλασφή-

218 3944 320 4011 3ομου
344 3926 511 4009 οίρίσεως,
535 3931 589 3994 καὶ
610 3928 686 3994 τότε
707 3927 750 3993 τά
771 3922 838 3993 κατ’
857 3922 957 4013 αὐτῆς
980 3923 1212 4016 ὁρισθήσεται.
1246 3930 1277 3997 ίκ

256 4024 382 4090 τούτων
405 4025 441 4092 δὲ
463 4027 529 4090 τῶν
556 4022 661 4103 οότως
677 4021 969 4108 άναβαπτιζόντων
992 4019 1049 4091 ἀπ’
1069 4024 1157 4093 ἷδίοσ
1172 4026 1278 4095 κελεό·

258 4145 382 4205 σματος
405 4122 452 4196 είς
474 4118 633 4207 ήμετίρας
655 4117 756 4199 άκοὰς
778 4117 917 4209 ἀφῖκται
938 4118 987 4201 είς
1009 4117 1168 4208 ὑπάρχων
1191 4125 1277 4212 ἐντῇ

256 4222 321 4285 τῶν
351 4225 488 4285 Λυκίων
518 4219 609 4305 χώρᾳ
637 4218 870 4304 πρεσβύτερος.
922 4219 986 4288 είσί
1023 4220 1059 4287 δὲ
1093 4223 1150 4288 καὶ
1183 4219 1280 4290 ἄλλοι
