2867 5084
434 1793 892 1890 PRAEFATIO.

560 2029 765 2038 »ᾑ-

238 2174 343 2264 Ᾱίιοτε
360 2206 429 2262 haec
452 2207 524 2262 tertii
545 2206 688 2263 voluminis
711 2223 774 2279 pars
789 2214 949 2279 apparatum
964 2206 1087 2263 criticum
1102 2224 1175 2265 oon-

148 2293 218 2349 tiuet
240 2291 273 2348 ad
288 2291 442 2354 Panorium,
466 2291 512 2362 qui
536 2290 569 2346 od
592 2299 647 2347 tres
670 2307 744 2347 nune
765 2291 874 2362 quidem
897 2288 1004 2346 redibat
1020 2289 1115 2355 libror,
1138 2291 1174 2347 de

147 2375 249 2449 quibus
272 2377 298 2432 in
321 2374 537 2432 Praefationibus
565 2375 708 2431 voluminis
736 2374 816 2447 primi
849 2382 878 2430 et
906 2374 1020 2430 secundi
1047 2374 1172 2439 diximus,

147 2459 313 2516 biarcianum
329 2460 462 2516 Venetum
485 2475 516 2514 ae
532 2458 686 2516 Vaticanum
702 2459 826 2514 Andreae
837 2458 945 2515 Sehotti
967 2459 1052 2531 partin
1073 2458 1173 2532 prioris

148 2547 189 2617 tp.
207 2547 338 2601 1-604.
362 2543 405 2599 ed.
422 2543 525 2614 Peter.)
549 2552 576 2599 et
598 2544 739 2600 lenensem
762 2544 846 2600 totius
869 2543 971 2615 operis,
993 2541 1028 2599 ab
1051 2543 1173 2615 Oporiuo

146 2644 308 2701 expressum
331 2629 358 2682 in
381 2627 500 2683 editione
515 2627 662 2683 basileensi
677 2644 702 2683 a.
715 2630 804 2685 1544.
840 2627 930 2684 Codex
944 2626 1065 2683 lenensis
1087 2643 1172 2699 quum

147 2720 253 2767 textum
275 2711 402 2768 exhibeat
424 2711 540 2768 licenter
567 2711 776 2784 interpolatum,
808 2727 889 2783 quern
920 2711 948 2766 in
975 2719 1053 2784 parte
1082 2710 1174 2783 priore

148 2795 274 2851 corticum
296 2795 390 2851 Veneti
413 2811 445 2851 oe
467 2796 585 2851 Vatirrni
614 2812 666 2868 ope
688 2796 721 2851 ud
744 2795 879 2852 saniorem
909 2795 1022 2851 sormam
1044 2810 1173 2851 revocare

147 2879 234 2942 licuit,
266 2895 434 2952 magnopere
455 2879 601 2936 dolendum
634 2889 676 2936 est
699 2879 804 2936 nullum
826 2879 890 2934 dum
913 2879 1027 2951 reperiri
1049 2878 1173 2952 potuisse

147 2963 270 3020 codicem
293 2963 475 3035 antiquiorem
498 2963 545 3036 qui
567 2962 645 3019 alteri
660 2964 752 3036 operis
767 2964 838 3037 parti
854 2966 967 3019 eundem
989 2980 1069 3036 opem
1092 2979 1174 3036 prro-

146 3054 236 3103 staret
250 3062 330 3120 quam
343 3047 463 3102 Venetus
479 3047 615 3119 praestitit
629 3048 724 3120 priori.
758 3048 870 3116 Qualem
887 3064 970 3120 quum
986 3064 1038 3120 ego
1052 3047 1079 3103 in
1096 3056 1174 3103 erte-

146 3130 186 3186 ris
215 3131 388 3202 anquirerem
418 3129 551 3187 librorum
580 3131 827 3205 manuscriptorum
857 3131 1008 3194 thesauris,
1047 3130 1075 3186 in
1106 3130 1173 3186 ulios

145 3213 280 3289 quosdam
303 3215 461 3288 nuperrime
476 3214 557 3270 incidi
572 3214 656 3286 partis
672 3214 771 3286 prioris
793 3215 901 3271 codices
916 3224 1022 3272 veteres
1035 3212 1174 3271 membra-

147 3313 257 3360 nroeos,
281 3299 328 3371 qui
352 3307 523 3371 pervrgatrm
547 3298 609 3354 inde
630 3297 860 3354 abiontetatconii
882 3297 1053 3371 temporibus
1075 3298 1174 3356 dorto-

147 3398 208 3438 rurn
231 3382 372 3438 bominum
396 3382 561 3455 opinionem,
591 3382 639 3454 qui
661 3381 751 3438 nullos
773 3381 928 3439 huiusmodi
956 3381 1042 3440 libros
1064 3392 1174 3457 praeter

147 3463 312 3523 {meirnum
334 3466 469 3522 Veretum
493 3465 703 3537 Vaticanumque
726 3465 831 3522 Schotti
860 3475 966 3522 erstrre
988 3467 1171 3529 crediderunt.

147 3564 262 3623 prorsus
284 3549 442 3605 convellunt
464 3549 597 3622 piumque
619 3549 721 3604 rectius
742 3566 823 3622 quam
845 3550 872 3607 in
896 3551 955 3624 ipso
977 3550 1048 3608 libro
1067 3551 1172 3609 Veneto

147 3632 249 3705 seripta
271 3632 413 3705 praebent.
459 3632 496 3688 be
518 3634 562 3690 bia
581 3633 676 3706 igitur,
698 3641 842 3706 postquam
865 3634 965 3707 integri
987 3638 1093 3692 excurri
1110 3635 1173 3692 bre-

147 3715 212 3779 rint‚
243 3715 368 3788 pluribus
391 3716 458 3773 mibi
481 3717 533 3774 erit
553 3716 708 3773 dicendum.
741 3717 852 3775 Interim
867 3718 939 3777 aliud
954 3719 1021 3792 quid
1034 3719 1170 3794 proteram

146 3816 202 3856 non
227 3800 316 3855 minus
339 3799 525 3865 memorabile,
554 3799 630 3873 quod
650 3800 723 3858 intra
744 3801 828 3859 buius
851 3802 1030 3861 Praetauonir
1052 3805 1170 3876 spatium

146 3884 246 3957 exponi
268 3883 412 3941 commode
434 3889 536 3958 potest.

231 3967 263 4023 tn
290 3966 463 4026 Pmeiutione
492 3968 634 4029 voluminis
668 3969 749 4043 primi
775 3988 803 4044 p.
823 3969 912 4027 xuni.
934 3969 1022 4026 xxiv,
1051 3978 1170 4027 veterem

147 4050 281 4124 quandam
304 4053 451 4108 memoravi
474 4053 582 4127 triginta
606 4061 737 4125 quattuor
758 4053 907 4127 primorum
925 4052 1030 4109 Panarii
1051 4052 1171 4125 capitum

145 4131 300 4215 Epitomeu,
322 4151 356 4198 ex
372 4136 466 4193 codice
481 4137 577 4193 fretam
593 4138 640 4209 qui
653 4136 756 4194 Veneto
771 4136 874 4203 similis,
897 4138 945 4194 sed
961 4136 1060 4210 passim
1075 4152 1173 4195 emen-

146 4214 236 4273 datior
256 4216 316 4276 init.
357 4216 539 4289 Quamobrem
562 4217 704 4293 Epitomen
726 4220 798 4278 illam
819 4219 955 4295 integram
976 4220 1048 4279 euti
1068 4220 1168 4281 rol.1.

999 4552 1179 4640 A
