2867 5084
242 936 304 996 204
467 944 669 994 εσισιαιοι
686 944 782 993 xm
800 943 987 992 Αιυεεεοα
1002 945 1032 991 r.

241 1094 409 1174 Φωτεινός
431 1096 530 1173 λάλος
551 1095 608 1160 τὸν
630 1095 756 1179 τρόπον
784 1098 837 1161 καλ
861 1090 1050 1178 ὠξυμμένος
1070 1092 1129 1179 τὴν
1151 1095 1254 1180 γλῶτ-

238 1222 307 1274 ταν,
331 1193 476 1272 πολλοὺς
499 1194 534 1259 δὲ
557 1192 735 1276 δυνάμενος
757 1188 889 1259 ἀπατᾶν
911 1196 950 1279 τῇ
972 1195 1030 1256 τοῦ
1053 1191 1153 1276 λόγου
1173 1216 1255 1274 προ-

240 1296 328 1380 φορᾷ
350 1290 404 1357 καὶ
427 1291 643 1377 ἑτοιμολογίᾳ.
675 1291 836 1369 πολλάκις
856 1290 917 1375 γὰρ
933 1285 1000 1355 ἀπὸ
1016 1290 1152 1355 πολλῶν
1170 1290 1254 1374 ἔλεγ-

237 1390 388 1474 χόμενος,
422 1389 477 1455 καὶ
504 1387 587 1472 μετὰ
612 1387 670 1474 τὴν
701 1387 776 1453 τότε
797 1395 969 1473 γενομένην
993 1387 1026 1453 έν
1048 1391 1089 1474 τῇ
1111 1390 1254 1474 Σαρδικῇ

215 1484 338 1554 ὔαότοῦ
362 1482 545 1572 ἀπολογίαν
568 1482 623 1552 ὅτε
645 1480 711 1550 ἀπὸ
727 1488 792 1550 τῶν
814 1485 1007 1552 ἐπισκόπων
1030 1483 1154 1571 ἐκλήθη
1181 1487 1254 1552 δοῦ·

239 1611 293 1652 ναι
316 1584 411 1670 λόγον
433 1583 512 1668 περὶ
540 1588 598 1670 της
630 1577 684 1648 ὑπ’
716 1579 815 1647 αὐτοῦ
844 1584 1093 1668 προβληθείσης
1115 1607 1257 1648 κακοπι-

239 1690 342 1758 στίας.
375 1685 427 1747 καλ
451 1682 510 1767 γάρ
534 1671 629 1758 οὗτος
650 1676 770 1766 ἠξίωσε
786 1682 1018 1747 Κωνστάντιον
1042 1678 1256 1764 τὸνβασιλέα

239 1776 284 1858 ὥς
305 1779 409 1865 μάτην
431 1785 673 1864 καθηρημένος,
703 1773 797 1856 ὅπως
825 1773 987 1862 ἀκροατὰς
1016 1780 1113 1860 λαβοι
1143 1769 1255 1858 αὖθις,

237 1881 294 1942 τοῦ
318 1872 495 1954 ἀποδεῖξαι
517 1876 632 1941 ἑαυτὸν
654 1874 759 1959 μάτην
781 1881 1018 1962 καθῃρημένον.
1051 1872 1132 1940 ὅθεν
1158 1871 1178 1940 ό
1199 1879 1284 1959 μὲνῦ

203 1973 392 2060 ίθβασιλεὺς
414 1968 480 2039 κατ’
499 1972 602 2039 ἐκεῖνο
618 1977 732 2058 καιροῦ
756 1973 923 2056 ἐξέπεμψε
945 1972 1057 2058 κριτὰς
1079 1976 1132 2039 καὶ
1159 1969 1260 2058 άκρσ-

239 2071 319 2150 ατάς
340 2074 398 2157 της
420 2066 520 2136 αὐτοῦ
542 2071 724 2156 μελλούσης
747 2071 886 2136 ἔσεσθαι
902 2065 1094 2154 ἀπολογίας,
1121 2072 1260 2137 Θαλάσ-

239 2194 311 2236 σιον
334 2172 385 2236 καὶ
402 2168 568 2235 Δατιανὸν
591 2171 642 2234 καὶ
660 2168 840 2252 Κερεάλιον
863 2171 915 2232 καί
933 2172 1061 2252 Ταῦρον
1083 2170 1136 2233 καὶ
1155 2175 1261 2251 Μαρ-

237 2270 383 2334 κελλῖνον
414 2271 466 2333 καὶ
496 2262 665 2332 Εόάνθιον
698 2269 753 2331 καί
779 2260 960 2348 Ὀλύμπιον
994 2268 1047 2330 καὶ
1076 2263 1259 2346 Λεόντιον,

237 2369 416 2432 Βασιλείοο
438 2368 496 2430 τοῦ
516 2360 729 2449 Ἀγκυριανοῦ
751 2363 810 2441 τὰς
833 2357 933 2429 αὐτοῦ
955 2362 1090 2440 πεύσεις
1106 2361 1261 2445 ε’ριστιῦν-

202 2474 303 2541 ιὸτος,
327 2462 381 2528 καὶ
404 2458 628 2547 ἀντιλέγοντος
657 2472 728 2539 τοῖς
756 2457 810 2526 ὑπ’
836 2455 935 2525 αἰτοῦ
967 2462 1144 2543 μέλλουσιν
1170 2456 1262 2528 ἀπο-

238 2560 422 2645 λογεῖσθαι,
445 2554 466 2645 ἢ
488 2563 539 2624 καί
564 2560 814 2641 καταδέχεσθαι.
846 2552 884 2622 οό
906 2558 1024 2642 μικράν
1049 2558 1084 2623 δὲ
1108 2557 1261 2638 διάλεξιν

237 2656 322 2740 πρὸς
355 2654 413 2721 τόν
450 2651 548 2720 αἰτόν
584 2659 761 2721 Βασίλειον
800 2655 997 2741 ἐποιήσατο,
1037 2650 1105 2721 ἀλλ’
1138 2652 1261 2742 ιῖσπερ

237 2759 542 2837 παρατετριμμένης
571 2753 697 2838 φαόλης
726 2753 877 2835 γυναικὸς
899 2753 937 2816 τὸ
959 2756 1073 2835 χρῶμα
1103 2752 1161 2818 διὰ
1192 2759 1289 2822 τῶνῦ

237 2849 342 2934 λόγων
365 2844 464 2915 αι’·τοῦ
489 2856 673 2937 παρέφερεν
697 2850 731 2915 ἐν
753 2853 791 2935 τῇ
816 2852 957 2929 διαλέξει
979 2850 1061 2936 ῥητὰ
1083 2844 1262 2919 ἀσόστατα

198 2946 322 3030 λοπρός
344 2945 401 3033 τὴν
432 2946 580 3013 διάνοιαν
608 2951 666 3034 τῆς
694 2944 869 3032 ἀληθείας,
909 2947 987 3014 όντα
1017 2950 1052 3013 δὲ
1081 2942 1188 3013 αὐτοῦ
1221 2955 1261 3037 τῇ

239 3044 347 3131 ἐννοίᾳ
369 3052 695 3131 παραπεποιημένως
718 3045 886 3128 νοοόμενα.
933 3046 989 3111 διὰ
1017 3047 1051 3110 δὲ
1080 3047 1139 3130 τῆς
1166 3042 1263 3114 άπα-

236 3147 334 3232 τηλῆς
356 3138 457 3209 αάτοῦ
480 3148 631 3231 φθογγῆς
652 3146 705 3209 καλ
730 3143 957 3227 ἑτοιμολογίας
980 3144 1026 3221 είς
1054 3147 1263 3233 κατασκευὴν

236 3240 336 3308 αὑτοῦ
359 3246 468 3309 τεκαὶ
491 3245 557 3307 τῶν
586 3237 771 3307 ἀκουόντων
800 3240 855 3306 διὰ
882 3245 940 3325 τῆς
967 3241 1117 3327 γλώσσης
1146 3238 1261 3310 αὐτῶν

235 3336 485 3425 ἡτοιμασμένος,
508 3345 560 3406 καί
584 3338 667 3423 μετὰ
688 3339 873 3425 καυχήσεως
889 3341 964 3421 περὶ
983 3341 1041 3424 τῆς
1055 3333 1262 3421 ὑποθέσεως

198 3435 350 3503 25ἑκατὸν
371 3444 552 3521 μαρτυρίας
575 3443 687 3522 φέρειν
711 3433 729 3501 ό
751 3436 907 3522 γεννάδας
930 3436 1155 3522 ἐπηγγείλατο.
1203 3440 1262 3506 καὶ

236 3532 296 3619 γάρ
318 3537 384 3598 τῶν
407 3529 456 3600 άελ
481 3533 641 3613 πολλάκις
662 3535 748 3618 πρὸς
770 3529 868 3599 αὐτὸν
900 3528 1174 3616 άντηλαλλόντιιιν,
1215 3533 1262 3616 ὡς

235 3635 288 3697 καί
312 3630 345 3697 ἐν
367 3657 405 3716 τη
429 3631 514 3714 πρὸς
529 3633 706 3697 Βασίλειον
723 3633 865 3710 διαλέξει
881 3628 1029 3717 η’ίρομεν,
1055 3632 1088 3696 ἒν
1112 3627 1165 3709 οἷς
1189 3633 1263 3701 έκέ·

236 3732 355 3797 λευσαν
377 3727 598 3814 ταχυγράφοις
612 3729 760 3816 γράφειν,
782 3725 923 3816 Ἀνναίῳ
947 3728 1088 3814 διακόνῳ
1110 3733 1171 3794 τοῦ
1196 3739 1263 3816 βα-

236 3829 354 3905 σιλέως
374 3831 427 3891 καί
445 3826 663 3910 Καλλικράτει
686 3826 877 3912 ἕκσκέπτορι
890 3824 1058 3914 Ῥουφίνου
1074 3831 1133 3891 τοῦ
1151 3826 1264 3915 ἐπάρ-

197 3936 293 4009 ιοχου
320 3926 375 3991 καλ
394 3918 564 4010 Ὀλυμπίῳ
592 3927 645 3990 καὶ
673 3927 798 4011 Νικήτη
828 3929 880 3990 καί
911 3926 1077 4009 Βασιλείφ
1106 3948 1301 4011 μεμορα-ει

236 4025 321 4102 δίοις
342 4021 396 4088 καί
418 4017 556 4105 Βότυχεῖ
583 4021 636 4088 καλ
666 4022 841 4106 Θεοδοόλῳ
871 4028 1036 4105 νοταρίοις
1064 4024 1123 4085 τοῦ
1147 4027 1262 4092 Βασι-

235 4119 334 4199 λείου,
358 4123 411 4186 καὶ
435 4114 603 4207 ἀπεστάλη
628 4120 889 4205 ἐσφραγισμένος
910 4118 1011 4202 τόμος
1030 4114 1076 4197 εἷς
1092 4122 1139 4204 τῷ
1155 4127 1263 4205 βασι-

236 4214 286 4280 λεῖ
297 4222 527 4304 Κωνσταντίφ,
545 4212 592 4295 εἷς
607 4218 643 4284 δὲ
659 4217 783 4301 ἔμεινεν
801 4215 835 4282 ἰν
850 4219 889 4303 τῇ
905 4215 988 4283 κατὰ
1001 4217 1059 4284 τὸν
1073 4220 1262 4288 Βασίλειον
