2867 5084
211 979 253 1039 54
441 990 644 1040 flammo?
660 989 756 1039 xm
774 988 959 1038 Αιοεεειικ
977 988 1006 1034 ιι.

211 1138 427 1222 αίσχρότατσν
460 1140 495 1204 δὲ
525 1139 628 1204 πάλιν
656 1138 758 1204 τὸτὰ
785 1139 903 1222 γύναια
932 1126 1150 1219 ἀνδρίζεσθαι
1176 1132 1232 1199 καὶ

210 1240 268 1302 τοῦ
278 1231 412 1351 ’ἀνδρὸς
435 1241 547 1322 φέρειν
569 1235 607 1301 τὸ
631 1240 748 1323 σχῆμα.
785 1238 839 1302 καί
862 1238 937 1313 πῶς
959 1228 1031 1315 σύχὶ
1053 1227 1170 1319 ἇρετῆς
1194 1225 1231 1295 ὃν

211 1337 342 1447 πνεῦμα
376 1334 429 1398 καί
467 1338 565 1399 θεῖον
600 1329 812 1446 ὑβριζόμενον
848 1334 974 1414 μᾶλλον
1015 1324 1231 1415 εύρεθηῗσεται

212 1430 306 1514 παρὰ
327 1433 386 1495 τού
409 1430 639 1515 πλαστσυργσύ
662 1429 781 1496 τούτου
786 1430 918 1526 Μόνη,
942 1431 1015 1504 πῶς
1037 1428 1073 1491 δὲ
1088 1450 1120 1490 οι
1112 1426 1232 1491 (ἐκδα-

190 1532 321 1610 5ρίντες
344 1527 571 1610 σι’στρσῦνται,·
594 1528 666 1611 λέγε
679 1551 749 1647 μοι),
774 1515 800 1590 ῶ
817 1517 922 1604 οὗτος
955 1527 1029 1601 πῶς
1044 1525 1078 1588 δέ
1095 1520 1179 1607 μετὰ
1194 1521 1232 1585 τὸ

214 1628 449 1712 σταυρωθῆναι
472 1623 687 1710 ἐξεδάρησαν,·
714 1623 802 1689 εἰδὲ
824 1623 879 1688 καὶ
901 1620 1134 1703 ἐσταύρωνται,
1151 1622 1232 1734 Ιπῶς

214 1720 424 1805 ἐπιτρέχουσι
437 1726 476 1807 τῇ
489 1717 719 1807 όφαντουμένη
733 1719 887 1802 δυνάμει,
880 1726 954 1797 τίς
941 1720 1000 1784 δὲ
1013 1714 1162 1796 ἀνέξεται
1174 1719 1230 1781 τσῦ

212 1817 421 1904 βλασιγημσυ,
438 1821 497 1882 τοῦ
514 1812 584 1882 ἀπὸ
600 1812 782 1901 ἱδρῶτων’
764 1817 929 1900 αρχόντων
946 1811 1029 1903 ἡμᾶς
1044 1820 1255 1901 τρέφεσθαιι)

215 1910 404 1997 ὁριζομένου
432 1913 488 1980 καὶ
510 1908 580 1979 ἀπὸ
610 1914 781 1997 ἐκκρίσεως
809 1913 1024 1999 αἷσχρότητος
1051 1912 1108 1977 τὸν
1137 1908 1232 1977 ὑετὸν

177 2006 616 2095 1οημῖνκαταπέμπεσθαι,·
650 2011 761 2077 πόθεν
790 2012 825 2076 δὲ
849 2006 947 2087 αύτὸς
969 2009 1064 2092 πόμα
1086 2015 1178 2074 πίνει
1201 2008 1236 2086 ἐξ

215 2103 316 2173 ύετῶν
339 2101 518 2190 ἀρυόμενος
539 2106 623 2189 μετὰ
645 2112 710 2172 τῶν
727 2108 819 2174 ἰδίων
839 2103 939 2172 αὐτοῦ
954 2110 1138 2191 μαθητῶν,
1161 2109 1234 2181 πῶς

216 2204 250 2270 δὲ
274 2200 311 2268 σύ
335 2206 574 2288 καταγέλαστος
597 2205 647 2291 εἴη
670 2201 855 2290 ἡττώμενος
887 2208 925 2291 τῇ
948 2207 1014 2269 τῶν
1038 2207 1233 2284 σωματικῶν

213 2309 315 2388 χρείᾳ,
340 2302 481 2385 ἱδρῶτας
503 2308 628 2383 πίνων,
662 2306 715 2367 καί
739 2303 799 2386 γὰρ
823 2298 967 2386 ἁμαρτία
991 2302 1153 2385 διάφορος
1175 2301 1233 2382 μὲν

215 2395 364 2481 ὑπάρχει,
395 2394 431 2465 ού
455 2398 597 2485 τοσαύτη
621 2400 657 2465 δὲ
681 2400 774 2466 ἐ’σται
798 2396 815 2487 ἡ
839 2406 983 2483 τιμωριά
1004 2402 1050 2485 τῷ
1071 2393 1235 2474 ἀκουσίως

180 2491 437 2582 ιῡᾶμαρτόνσντι
460 2493 504 2574 ῶς
525 2499 572 2580 τῷ
594 2497 678 2579 μετὰ
693 2496 846 2575 ἑκουσίας
860 2497 989 2582 γνώμης
1005 2496 1042 2560 τὸ
1059 2494 1235 2580 ἁμάρτημα

216 2593 432 2659 ἐπιτελοῦντι.
468 2594 500 2657 οἱ
521 2595 581 2674 μὲν
602 2593 663 2677 γὰρ
688 2592 784 2659 δίλλσι
800 2594 989 2678 ἄνθρωποι,
1014 2593 1110 2658 εἶκαὶ
1130 2589 1272 2669 οἱῗτωςθι

217 2680 263 2771 ἦν,
288 2687 370 2772 ὅπερ
393 2689 436 2774 μη
460 2695 587 2772 γίνοιτο
610 2689 825 2774 (φαντάζεται
855 2690 916 2776 γὰρ
940 2685 958 2755 ό
981 2689 1126 2777 ἐμμανίγς
1148 2688 1237 2755 πλύ-

215 2800 298 2864 νσς),
333 2780 525 2868 ἀγνοοῦντες
554 2785 696 2867 ἱδρῶτας
724 2788 777 2852 καί
807 2787 966 2871 ἐκκρίσεις
995 2787 1146 2870 αἰσχρὰς,
1183 2782 1237 2852 ὅτι

215 2878 407 2966 ὑδρεύονται
437 2885 491 2947 καὶ
524 2887 697 2961 πίνουσιν,
733 2882 934 2998 σύγγνωστοι
967 2886 1092 2965 μᾶλλον
1126 2884 1237 2962 ἐλέους

177 2974 418 3092 κούπόρχουσιν
451 2975 560 3094 ἤπερ
567 2974 584 3041 ό
613 2978 699 3060 μετὰ
730 2983 789 3045 τοῦ
822 2981 1012 3059 συνειδότος
1041 2988 1238 3102 νενογμένος

214 3075 335 3161 μάτην,
369 3073 426 3140 διὰ
454 3075 511 3162 τὴν
540 3062 640 3159 ἧτταν
668 3079 726 3165 τῆς
755 3073 933 3157 ἀσθενείας
956 3073 1072 3193 αὐτοῦ,
1108 3078 1143 3144 ἐκ
1170 3082 1237 3143 τῶν

215 3167 315 3238 αύτσύ
337 3171 498 3254 πομάτων
519 3171 685 3255 χρώμενος
712 3177 767 3240 καὶ
796 3180 861 3242 τῶν
884 3173 993 3240 ἄλλων
1021 3178 1087 3241 τῶν
1116 3175 1151 3241 ἐκ
1179 3201 1238 3263 της

216 3270 335 3354 σαρκὸς
356 3268 513 3354 χρήσεων.

300 3375 350 3434 34.
382 3369 448 3432 Καί
472 3365 582 3431 πολλὰ
605 3365 694 3432 ἐστιν
717 3367 750 3434 ἐν
774 3362 825 3445 οἷς
840 3357 937 3447 οὗτος
952 3369 1095 3452 στόματι
1112 3371 1237 3456 ψεύδη·

176 3469 327 3551 ἳῦγσρίας
342 3463 419 3541 τσίς
440 3458 528 3549 αύτῳ
517 3460 789 3543 πεισθέντας
772 3466 931 3552 ηπόιτησε.
962 3477 1063 3532 ποῖον
1078 3466 1140 3550 γὰρ
1156 3462 1235 3551 παρ’

215 3556 304 3646 αύτῷ
328 3554 365 3625 σύ
389 3526 649 3643 καταγέλαστον,
671 3560 710 3626 τὸ
733 3558 892 3650 ηγεῖσθαι
914 3565 973 3648 μὲν
996 3563 1038 3629 τὰ
1060 3570 1238 3647 σπέρματα

214 3661 364 3745 βοτανῶν
386 3683 422 3723 τε
443 3656 499 3722 καὶ
519 3657 728 3776 γεννημάτων
756 3658 811 3725 καί
834 3656 984 3744 ὀσπρίων
1007 3660 1116 3742 ψυχὰς
1140 3655 1235 3739 εἶναι,

216 3753 261 3834 ῶς
282 3753 338 3821 καὶ
364 3754 537 3838 γελοῖον’
523 3754 774 3842 επιχειρήσσμεν
803 3758 908 3844 λέγειν
937 3755 1020 3823 κατά
1047 3758 1106 3845 την
1135 3753 1263 3830 αύτσύσ

215 3859 426 3937 μυθοποιίαν
448 3851 533 3935 πρὸς
556 3852 683 3935 ἐλεγχσν
706 3849 823 3933 αὐτοῦ,
859 3851 912 3921 ὅτι
941 3855 970 3921 εί
994 3858 1095 3939 ψυχαί
1119 3855 1237 3939 τυγχά-

177 3961 333 4017 3ονονσαι
361 3947 470 4015 κόκκοι
500 3953 607 4033 φακοῦ
635 3953 688 4015 καί
712 3950 878 4037 φασιόλου
907 3955 960 4018 καὶ
984 3952 1160 4036 ἐρεβίνθου
1182 3952 1238 4018 καί

215 4052 281 4114 τῶν
303 4044 421 4124 ἄλλων,
446 4043 533 4130 ψυχὴ
559 4047 594 4110 δὲ
609 4049 662 4112 καί
677 4048 799 4132 ταύρου
816 4045 833 4137 ἡ
851 4046 942 4135 αὐτη,
967 4049 1135 4116 ἐπαινεταὶ
1153 4052 1239 4133 μᾶλ-

216 4145 273 4209 λον
296 4144 328 4210 σί
351 4144 617 4230 κρεωφαγοῦντες
645 4144 728 4211 κατὰ
755 4145 812 4211 τὸν
842 4143 949 4214 αὐτῶν
976 4147 1072 4233 λόγον
1094 4145 1181 4234 ἥπερ
1205 4147 1238 4212 σί

215 4242 275 4318 τὰς
298 4243 469 4318 πολιτείας
491 4239 711 4318 ἐξασκοῦντες.
756 4241 845 4311 δέδιε
865 4243 926 4329 γὰρ
949 4247 1032 4312 κατὰ
1054 4245 1112 4330 τὴν
1135 4242 1237 4311 αύτού

98 4544 201 4676 ἱ
