2867 5084
468 983 560 1037 Lm.
581 987 832 1037 ουτοιιιιινοι.
1098 975 1158 1037 265

140 1138 288 1224 συνόδῳ,
312 1140 365 1203 καί
389 1135 488 1215 άλλος
508 1136 610 1221 τόμος
631 1136 714 1222 μετὰ
735 1141 802 1203 τῶν
821 1138 979 1226 κομήτων,
1004 1133 1161 1218 ὡσαύτως

139 1236 413 1323 ἐσφραγισμένος,
429 1231 473 1315 ιός
485 1236 525 1301 τά
537 1240 595 1323 τῆς
607 1232 706 1301 αὐτοῦ
724 1231 883 1315 ύπσνοίας
898 1233 1158 1323 ὑποβεβλημένα.

227 1341 256 1400 2.
299 1335 344 1398 Εί
370 1358 454 1400 ποτε
476 1333 536 1419 γάρ
565 1330 583 1397 5
608 1334 785 1412 Βασίλειος
812 1328 977 1420 ἠρώτησεν
1005 1331 1058 1400 ότι
1086 1337 1160 1412 πῶς

138 1432 174 1497 αἱ
199 1437 296 1496 θεῖαι
317 1435 440 1518 γραφαί
465 1431 659 1497 διδάσκουσι
682 1436 757 1514 περὶ
781 1437 839 1496 τοῦ
861 1439 973 1514 κυρίου
995 1436 1053 1497 τοῦ
1074 1435 1158 1498 θεοῦ

138 1529 240 1612 λόγου
264 1528 331 1613 πρὸ
353 1530 482 1595 αιίύνων
506 1525 590 1596 εἶναι
612 1529 668 1594 τὸν
691 1532 849 1613 μονογενῆ
878 1533 931 1594 καὶ
965 1529 1023 1594 σὺν
1046 1533 1182 1613 numm

109 1621 157 1691 85
175 1626 346 1704 Φωτεινὸς
369 1630 427 1710 μὲν
449 1627 506 1691 τὸν
530 1628 625 1710 λόγον
649 1627 785 1709 ἐδέχετο,
809 1625 850 1691 τά
872 1628 931 1708 μὲν
948 1627 994 1703 είς
1011 1626 1158 1709 Χριστὸν

136 1724 198 1811 τὴν
222 1726 384 1806 διαίρεσιν
407 1724 627 1808 προσάπτων,
661 1725 703 1789 τὰ
733 1726 769 1789 δὲ
793 1724 839 1801 είς
868 1723 926 1789 τὸν
954 1724 1051 1807 λόγον
1073 1719 1158 1790 άνω-

135 1822 229 1938 τάτμ
256 1817 516 1943 άναλογούμενα.
567 1821 605 1886 τὸ
633 1822 693 1905 γὰρ
729 1822 941 1906 ’ποιήσωμεν
975 1820 1158 1903 ἄνθρωπον

135 1914 207 1985 κατ’
234 1919 344 1986 εικόνα
365 1915 523 2036 ἡμετέραν
545 1923 599 1984 καὶ
621 1915 696 1984 καί)
716 1915 891 2036 όμοίιησιν”
914 1945 960 2001 την
944 1918 1066 2005 ’γλόγιι
1083 1919 1156 1986 ἔαυ-

136 2020 216 2094 τοῦ,
240 2020 357 2102 φησιν,
388 2013 537 2101 όπατίγρ
561 2018 676 2134 είρηκε.
722 2024 755 2082 τί
784 2019 859 2097 ού,·ν
896 1945 1068 2101 ὁλύγος’
1055 2043 1088 2082 εν
1110 2041 1156 2101 τω
1169 2036 1195 2085 1⁰

136 2118 253 2196 πατρὶ,
279 2119 388 2200 φησίν,
413 2141 460 2200 ην,
485 2109 552 2178 ἀλλ’
579 2109 635 2178 ούκ
658 2117 696 2199 ην
720 2115 799 2192 υιός.
830 2140 881 2179 και
903 2115 1157 2198 “ἕγλρεξεκύριος

137 2210 235 2296 παρά
258 2217 388 2295 κυρίου,’
392 2211 454 2277 ’ἐν
478 2207 631 2293 πατρί’
604 2238 649 2276 ων
673 2206 690 2275 5
714 2211 817 2296 λόγος.
849 2214 900 2276 καὶ
926 2206 1053 2277 ·”είδον
1076 2210 1159 2296 φησί

138 2311 396 2393 “κατερχόμενον
419 2308 531 2375 ἐπάνω
547 2312 612 2374 τῶν
629 2311 773 2394 νεφελῶν
790 2305 834 2386 ιός
852 2309 920 2372 υἱόν
937 2303 1120 2390 άνίίριύπου
1131 2310 1155 2342 ·”

136 2411 248 2485 τοῦτο,
273 2414 364 2493 φησί,
388 2408 712 2490 προκάταγγελτικιῦς
736 2407 850 2490 ἔλεγεν,
875 2401 932 2486 ούχ
951 2401 995 2483 ὡς
1011 2407 1068 2469 τοῦ
1083 2405 1156 2469 υίοῦ

137 2501 360 2589 ύπάρχοντος,
395 2499 479 2571 άλλὰ
502 2501 542 2568 δι’
569 2502 586 2567 5
610 2504 740 2585 ἔμελλεν
772 2505 841 2580 υίὸς
869 2504 1047 2568 καλεῖσθαι
1074 2499 1157 2585 μετά
1169 2524 1194 2573 15

108 2603 205 2689 ετὴν·
220 2609 367 2686 Μαρίαν,
391 2605 443 2667 καί
468 2596 539 2667 άντὶ
563 2605 620 2686 τῆς
643 2601 762 2685 σαρκὸς
783 2597 918 2678 ἀνιέναι,
946 2603 1115 2685 γεννηθεὶς
1138 2595 1155 2662 5

136 2700 287 2785 Χριστὸς
320 2702 353 2766 ἐκ
387 2699 572 2781 πνεύματος
601 2696 694 2784 άγίου
724 2702 776 2765 καὶ
807 2695 876 2789 άπὸ
906 2704 1042 2781 Μαρίοις
1072 2721 1156 2779 προ-

135 2803 334 2885 χρηστικιῦς,
359 2801 456 2885 φησὶ,
480 2797 521 2861 τὰ
550 2798 661 2862 πάντα
684 2793 883 2883 ἀναφέρεται
907 2796 953 2873 είς
976 2790 1074 2860 αὐτὸν
1098 2789 1154 2860 ἀπ’

138 2893 247 2983 ἀρχῆς.
278 2895 373 2962 οίίπω
397 2898 432 2961 δὲ
454 2885 508 2981 ἦν,
539 2893 635 2979 λόγος
658 2896 693 2960 δὲ
715 2885 769 2981 ἦν,
804 2896 960 2976 καθάπερ
984 2893 1017 2958 ἐν
1040 2887 1155 2974 ε’μοὶδ

137 2994 245 3077 λόγος.
280 2992 341 3081 ἤδη
365 2995 400 3058 δὲ
425 2988 519 3058 εἶπον
544 2988 595 3056 ότι
619 2987 687 3057 άπὸ
710 2999 829 3075 μέρους
851 2992 987 3056 Παύλου
1009 2993 1067 3055 τοῦ
1090 2996 1195 3059 >ia-20

136 3098 309 3176 μοσατίως
332 3092 411 3173 ἔχων
434 3089 475 3155 τὰ
498 3085 599 3171 ὅμοια
617 3094 674 3176 της
691 3090 827 3168 ἐννοίας,
852 3091 945 3171 (ε’τερα
962 3089 997 3152 δὲ
1013 3089 1061 3153 ἔτι
1077 3082 1153 3169 παρ’

138 3191 262 3257 ἐκεῖνον
284 3186 516 3273 ὑπερβεβηκώς
537 3190 576 3272 τῇ
601 3186 719 3273 ἐννοίᾳ.

226 3295 253 3354 3.
284 3291 348 3352 Καὶ
374 3282 471 3363 αὐτὸς
494 3286 529 3349 δὲ
553 3273 649 3360 οὗτος
672 3279 941 3368 άνατραπησεται
958 3283 1004 3358 είς
1020 3280 1156 3362 ίσχάτην

136 3384 248 3454 ἐλθὼν
277 3380 494 3470 άρνησιθείάν
516 3384 568 3446 καί
594 3377 770 3463 ἀλλοτρίαν
799 3377 961 3445 ὑπόνοιαν
994 3379 1076 3464 ζωῆς
1105 3377 1156 3442 at-

136 3490 239 3550 ωνίου
263 3482 296 3549 ἐν
319 3480 455 3548 άπασιν.
498 3478 527 3545 εί
548 3478 609 3563 γάρ
632 3479 829 3564 πρόσφατος
859 3473 876 3542 5
899 3476 969 3555 υίὸς
992 3480 1048 3541 τοῦ
1072 3478 1194 3546 θεούεε

104 3581 223 3657 numo}
244 3579 301 3667 την
323 3578 478 3665 θεότητα,
510 3573 575 3660 άρα
598 3572 615 3640 5
638 3577 749 3659 Διηλλδ
772 3574 943 3658 πρωτεύει,
972 3575 1097 3655 μᾶλλον
1120 3575 1156 3638 δὲ

133 3681 191 3746 καί
225 3678 258 3744 ἕν
275 3682 500 3797 προκριτέοις
533 3669 674 3756 ύπάρχει
707 3676 764 3738 τοῦ
794 3668 893 3738 αὐτὸν
922 3671 1154 3755 πεποιηκότος.

97 3822 102 3829 -
133 3773 225 3845 οὕτω
247 3775 307 3861 γάρ
336 3801 388 3841 και
413 3768 511 3850 αὐτὸς
534 3773 654 3836 διενοεί
641 3781 709 3848 1,το
739 3772 864 3852 μᾶλλον
892 3772 946 3835 καί
974 3767 1155 3882 παρελθων

131 3875 195 3962 τὴν
217 3880 317 3942 θείαν
339 3871 478 3989 γραφὴν,
508 3867 590 3935 κατὰ
618 3894 676 3953 την
705 3863 805 3933 αύτοῦ
828 3865 1122 3952 πεπλανημένην”
1105 3890 1156 3930 εν-

132 3997 231 4042 νοιαν
254 3971 390 4059 φάσκων
413 3965 466 4033 ότι
487 3961 580 4031 καί’
565 3989 582 4029 ο
608 3960 844 4042 άπόστολος’
820 3966 964 4079 5055,
968 3959 1193 4044 “όπρο”ιτος30

133 4067 378 4155 ανθρωποςίκ
399 4070 457 4153 γῆς
477 4061 596 4147 χοϊκός,
620 4089 672 4128 και
697 4058 715 4126 5
737 4056 925 4144 δεύτερος’
908 4055 964 4125 απ’
988 4056 1155 4141 ούρανου.”

132 4164 239 4248 εὗθύς
261 4169 297 4235 δὲ
320 4163 516 4233 ἀντιπίπτει
539 4157 627 4247 αύτῷ
657 4156 674 4224 5
698 4160 794 4244 λόγος
816 4161 874 4244 τῆς
896 4152 1071 4242 ἀληθείας,
1101 4157 1154 4220 καὶ

131 4269 258 4354 ἐλέγχει
286 4257 388 4330 αὐτοῦ
416 4259 474 4347 τὴν
503 4260 726 4343 ίσκστωμένην
756 4255 915 4323 διάνοιαν.
972 4250 1155 4336 άνίίρωπσν
