2867 5084
232 936 295 998 256
458 946 663 996 κατοίκισε
680 945 775 995 ΚΑΤΑ
793 945 981 995 mmm
996 947 1025 994 ε.

231 1098 286 1164 ἵνα
308 1095 352 1183 μῆ
374 1085 395 1183 ᾖ
420 1103 584 1179 σχίσματα
607 1096 690 1181 μηδὲ
713 1097 901 1179 διαιρέσεις.
934 1083 1029 1161 οῦτοι
1052 1094 1089 1161 δέ
1110 1094 1156 1181 μῆ
1179 1092 1251 1180 νοῆ-

232 1219 347 1272 σαντες
374 1192 432 1259 τόν
461 1196 537 1258 νοῦν
566 1197 632 1259 τῶν
663 1188 877 1270 ἀποστόλων,
907 1191 963 1258 καὶ
990 1194 1049 1257 τοῦ
1073 1193 1175 1278 λόγου
1197 1193 1250 1258 τοῦ

233 1292 457 1378 ἐμφερομένου
479 1293 538 1356 τοῦ
563 1289 595 1356 ἐν
618 1293 658 1375 τῇ
682 1289 840 1368 διατάξει,
865 1289 1022 1372 ἐνόμισαν
1042 1289 1088 1375 μή
1105 1314 1174 1407 πρυ
1191 1287 1251 1373 ἀρα

232 1387 316 1471 μετὰ
342 1390 408 1453 τῶν
428 1382 547 1453 ’ίουδαί
535 1393 594 1453 ίων
620 1385 679 1472 χρῆ
708 1386 747 1452 τὸ
770 1386 891 1468 Πάσχα
914 1383 1141 1453 ἐπιτελεῖν(
1125 1383 1198 1470 άμα
1219 1386 1251 1452 δέ

209 1484 286 1550 ὁκαὶ
313 1486 547 1552 πεντεκαίδεκα
579 1483 638 1550 ἐπί
626 1490 762 1549 ίσκοποι
794 1483 965 1604 γεγόνασιν
998 1484 1032 1550 ἐκ
1059 1486 1250 1602 περιτομῆς,

231 1585 284 1648 καὶ
308 1583 400 1667 ἐχρῆν
423 1583 498 1648 τότε
519 1583 584 1646 τῶν
608 1580 802 1646 ἐπισκόπων
830 1582 864 1647 ἐκ
887 1583 1069 1666 περιτομῆς
1092 1605 1200 1647 οντων
1222 1580 1251 1648 ἐν

229 1676 436 1765 Ἰερουσαλὴμ
459 1683 736 1744 κατασταθέντων
763 1677 819 1743 τὸν
843 1677 953 1744 πάντα
976 1677 1100 1760 κόσμον
1123 1677 1251 1756 τούτοις

233 1781 442 1842 συνέπεσθαι
462 1777 517 1839 καὶ
538 1768 605 1856 μετ’
632 1769 740 1840 αὐτῶν
763 1774 937 1853 ἐπιτελεῖν,
961 1775 1017 1840 ἵνα
1038 1782 1101 1857 μία
1122 1801 1176 1854 τις
1203 1780 1269 1860 γάί

233 1898 327 1957 νηται
358 1878 535 1958 συμφωνία
563 1869 618 1936 καί
646 1878 708 1954 μία
731 1867 905 1957 ὁμολογία,
938 1879 1000 1955 μία
1023 1871 1119 1958 ἑορτὴ
1145 1872 1251 1940 ἐπιτε-

196 1971 381 2054 ιολουμένη.
428 1967 481 2033 διὸ
511 1967 643 2033 ἐκείνων
670 1964 689 2052 5
720 1968 893 2051 ἐπιμέλεια
920 1968 978 2034 τὸν
1008 1972 1085 2035 νοῦν
1108 1972 1177 2036 τῶν
1199 1965 1250 2035 άν-

232 2065 383 2150 ίέρτόπων
406 2064 592 2149 συνάγουσα
617 2064 663 2142 εἰς
686 2066 803 2132 ἕνωσιν
819 2069 877 2150 τῆς
892 2066 1072 2152 ἐκκλησίας,
1096 2066 1142 2152 μὴ
1159 2068 1249 2150 δονη-

232 2171 336 2230 θεῖσα
363 2162 420 2229 τὸν
448 2165 608 2228 τοσοῦτον
639 2163 755 2246 χρόνον
779 2162 1052 2249 ἐπιτελεσθῆναι,
1084 2158 1247 2250 εύδοκῆσει

232 2263 315 2327 θεοῦ
339 2259 398 2326 ἐπὶ
420 2264 672 2325 Κωνσταντίνου
696 2260 821 2343 ἐγένετο
846 2256 1003 2343 ὁμονοίας
1025 2261 1128 2327 ἕνεκα.
1163 2257 1248 2344 παρὰ

233 2369 305 2435 τοῖς
333 2353 536 2435 ἀποστόλοις
565 2357 601 2422 δέ
630 2355 668 2421 τό
694 2357 792 2442 ῥητὸν
816 2354 857 2422 δι’
883 2353 1040 2439 ὁμόνοιαν
1064 2355 1245 2443 ἐμφέρεται,

198 2470 225 2518 15
235 2451 279 2533 τός
294 2455 556 2539 ἐπιμαρτυροῦσι
573 2454 720 2535 λέγοντες
736 2450 788 2519 ότι
803 2450 862 2520 κάν
876 2479 912 2521 τε
926 2455 1140 2539 πλανηθῶσι,
1154 2454 1276 2540 μηδέιδθ

234 2549 311 2636 ύμῖν
333 2553 467 2633 μελέτω.
499 2550 534 2627 ἐξ
556 2546 663 2614 αύττῦν
687 2551 723 2615 δέ
744 2554 810 2617 τιῦν
833 2551 937 2618 ἐκεῖσε
953 2551 1132 2635 εἰρημένων
1148 2551 1244 2637 ῥητῶν

234 2645 252 2734 5
278 2644 450 2723 ἀντίθεσις
473 2644 672 2731 ὀφθήσεται.
716 2648 883 2733 φάσκουσι
904 2647 965 2732 γὰρ
987 2648 1047 2733 τῆν
1070 2642 1244 2733 ἀγρυπνίαν

236 2750 358 2830 φέρειν,
381 2742 590 2825 μεσαζόντων
613 2745 678 2805 τῶν
696 2744 850 2826 Αζόμων.
882 2740 919 2809 ού
944 2745 1082 2810 δύναται
1105 2746 1142 2811 δέ
1156 2746 1243 2810 τοῦτο

236 2840 380 2905 πάντοτε
401 2843 559 2923 γενέσθαι
582 2836 615 2902 ἐν
637 2842 676 2924 τῇ
701 2840 805 2926 φῆφῳ
828 2845 867 2927 τῇ
891 2841 1149 2927 ἐκκλησιαστικῆ.

197 2949 227 2997 20
322 2942 370 3000 11.
399 2930 447 3000 Ἐκ
476 2937 576 3019 τριῶν
605 2933 666 3018 γὰρ
697 2943 889 3021 συνέστηκεν
913 2933 930 3002 ό
953 2941 1012 3002 τοῦ
1034 2937 1158 3020 Πάσχα
1180 2937 1245 3003 σύν·

237 3035 371 3153 δερμος,
402 3033 436 3098 ἐκ
463 3058 499 3099 τε
526 3035 585 3097 τοῦ
614 3028 750 3117 ῆλιακοῦ
781 3033 904 3117 δρόμου
928 3035 984 3101 διὰ
1017 3034 1075 3121 τὴν
1104 3033 1246 3151 κυριακῆν

236 3134 290 3196 καὶ
311 3129 403 3214 τὸνι
390 3133 477 3217 μῆνα
499 3131 534 3195 ἐκ
556 3155 591 3196 τε
606 3153 664 3194 του
649 3132 872 3215 σεληνιακοῦ
890 3131 1013 3215 δρόμου
1037 3131 1095 3198 διὰ
1121 3131 1160 3198 τὸ
1176 3127 1248 3199 κατὰ

236 3229 292 3293 τόν
316 3228 426 3312 νόμον,
451 3223 544 3305 όπως
567 3225 662 3291 ἐν
623 3251 662 3328 τη
685 3229 1020 3346 τεσραρεοκαιδεκάτη
1043 3254 1103 3346 της
1121 3229 1249 3316 σελήνης

235 3329 322 3411 τυόῆ
345 3325 383 3390 τό
406 3324 535 3406 Παοχα,
560 3348 605 3400 ως
627 3317 760 3390 εἶπεν(
745 3349 762 3388 ο
785 3323 893 3406 νόμος.
937 3322 1012 3392 οῦτε
1034 3328 1091 3391 οῦν
1116 3325 1271 3395 δύναταιε

200 3370 398 3506 νκάχίίῆναι,
434 3420 489 3487 ἐὰν
517 3419 561 3506 μῆ
590 3415 717 3507 ῦπερβῆ
748 3422 879 3507 ίσημερί
881 3448 917 3500 α,
953 3419 1036 3505 ὅπερ
1065 3422 1160 3507 παρὰ
1187 3432 1254 3502 τοῖς

235 3513 404 3594 Ἰουδαίοις
427 3513 464 3582 οῦ
488 3517 711 3604 φυλάσσεται,
742 3516 818 3585 οῦτε
841 3513 956 3604 ἀκριβῆ
979 3521 1121 3586 θέλουσι
1144 3519 1257 3587 τοιαύ-

237 3641 294 3701 την
323 3614 487 3681 ἐπιτελεῖν
516 3621 754 3728 πραγματείαν.
801 3618 935 3682 διέπεσε
957 3614 1017 3701 γάρ
1040 3612 1119 3700 παρ’
1145 3613 1258 3697 αύτολς

237 3715 290 3778 καὶ
319 3706 488 3798 ῆπάτηται
516 3709 557 3775 τά
587 3711 713 3791 πάντα,
741 3713 880 3799 πλῆν’
851 3739 879 3779 ει
901 3712 956 3779 καί
978 3713 1142 3800 τοσαύτης
1164 3714 1261 3802 ζητῆ-

239 3834 322 3924 σεως
344 3803 485 3927 ῦπάρχει
506 3802 525 3893 5
548 3807 685 3893 τοιαύτη
709 3803 873 3894 ἀκρίβεια,
904 3804 942 3875 ού
966 3808 1076 3876 διὰ
1042 3836 1101 3896 την
1126 3811 1261 3929 ζῆτησιν

200 3907 372 4022 έοταύτην
379 3909 433 3972 καὶ
448 3904 506 3989 τὴν
522 3897 689 3988 ἀκρίβειαν
704 3917 777 3983 τοῖς
792 3902 1151 3992 ἀποστόλοις”ειρηται,
1177 3903 1264 3977 ἀλλὰ

239 3998 285 4067 δι
312 4000 468 4086 όμόνοιαν
498 4004 551 4068 καί
580 4000 664 4083 μετὰ
689 4005 755 4066 τῶν
778 4001 907 4084 ἐχθρῶν
929 4006 987 4068 τοῦ
1010 4007 1162 4087 Χριστοῦ
1187 4006 1265 4075 ἐπι·

237 4100 343 4164 τελεῖν
367 4099 398 4165 oi
421 4095 608 4167 ἀπόστολοι
631 4097 848 4182 προσέταξαν,
873 4089 972 4176 ὡς
933 4123 1026 4165 ουτοι
1041 4101 1265 4186 διισχυρίζου-

238 4216 302 4268 ται,
326 4195 424 4281 πόσῳ
445 4221 482 4280 γε
502 4196 629 4279 μᾶλλον
652 4187 699 4258 δι’
726 4186 883 4268 ὁμόνοιαν
904 4195 988 4277 μετὰ
1009 4200 1067 4280 τῆς
1088 4196 1266 4285 ἐκκλησίας
