2867 5084
442 978 548 1030 mn.
568 981 857 1031 μινπεκκιινσι.
1118 969 1176 1030 271

133 1128 220 1216 ὑπὲρ
244 1134 302 1196 τοῦ
326 1124 584 1217 ἀπαντήσαντας
618 1127 737 1209 αἰτοῦς
768 1127 818 1197 ἐπ’
844 1127 1047 1218 ἀμφοτέροις
1069 1133 1157 1218 ἔλεγ-

130 1234 260 1315 χθῆναι
292 1223 348 1293 ὑπ’
374 1229 470 1310 ε’μοῦ,
508 1226 560 1295 ὅτι
582 1255 617 1296 τε
639 1234 692 1295 καί
723 1227 744 1294 ά
771 1230 954 1316 γεγράφασι
983 1225 1050 1296 κατ’
1076 1231 1155 1313 ἐμοῦ

133 1329 244 1412 ψευδῆ
269 1324 349 1391 ὄντα
376 1327 526 1411 τυγχάνει
554 1331 607 1392 καὶ
638 1323 690 1392 ὅτι
719 1327 768 1392 ἔτι
795 1331 849 1392 καὶ
878 1332 933 1392 νῦν
963 1328 1158 1412 ἐπιμένουσι

133 1430 173 1512 τῇ
200 1425 325 1491 ἑαυτῶν
349 1430 495 1511 προτέρᾳ
517 1424 641 1511 πλάνη,
665 1428 717 1490 καί
737 1424 829 1490 δεινά
850 1425 933 1490 κατά
954 1451 990 1491 τε
1010 1430 1076 1492 τῶν
1098 1429 1156 1492 τοῦ

136 1527 221 1590 θεοῦ
246 1523 421 1606 ἐκκλησιῶν
444 1525 496 1587 καὶ
521 1518 611 1606 ἡμῶν
633 1527 698 1587 τῶν
727 1521 948 1605 προεστώτων
977 1517 1084 1589 αὐτῶν
1106 1536 1184 1590 τε-5

133 1621 348 1707 τολμηκασιν.
386 1619 460 1686 ἒπελ
482 1627 591 1685 τοίνυν
615 1615 806 1706 ἀπαντῆσαι
835 1614 891 1685 οῦκ
912 1614 1156 1707 ἠβουλήθησαν,

136 1715 401 1794 ἀποστείλαντος
440 1740 500 1782 σου
530 1725 773 1802 πρεσβυτέρους
805 1717 890 1801 πρὸς
924 1712 1058 1797 αὐτοὺς,
1103 1721 1156 1784 καλ

133 1821 244 1883 ταῦτα
267 1816 345 1898 ἐμοῦ
369 1815 518 1880 ἐνιαυτὸν
540 1818 592 1880 καὶ
616 1826 704 1899 τρεῖς
721 1812 817 1894 ὅλους
831 1819 936 1901 μῆνας
956 1815 989 1882 ἒν
1005 1818 1044 1902 τῇ
1057 1811 1157 1903 Ῥώμη

135 1913 378 2000 πεποιηκότος,
414 1909 589 1996 ἀναγκαῖον
621 1910 804 1999 ἡγησάμην,
844 1915 971 1997 μέλλων
1004 1914 1157 1981 ἐντεῦθεν
1248 1918 1253 1929 ’

108 2014 272 2093 Βέξιὲναι,
298 2011 459 2095 ίγγραφόν
483 2034 537 2075 σοι
559 2010 617 2096 την
641 2012 782 2093 ἐμαυτοῦ
806 2018 921 2077 πίστιν
942 2012 1025 2094 μετὰ
1048 2012 1158 2098 πάσης
1170 2027 1198 2078 10

138 2106 303 2196 ἀληθείας
324 2111 363 2193 τῇ
388 2109 528 2190 ἐμαυτοῦ
548 2111 631 2191 χειρί
655 2109 787 2192 γράψας
810 2109 992 2188 ἐπιδοῦναι,
1017 2108 1055 2195 ἣν
1079 2110 1157 2193 ίμα-

137 2216 207 2274 θον
231 2207 265 2273 ίκ
286 2231 322 2271 τε
343 2208 409 2271 τῶν
431 2211 534 2271 θείων
557 2209 692 2292 γραφῶν
717 2206 904 2292 ἐδιδάχθην,
937 2210 1078 2273 καὶτῶν
1102 2233 1160 2273 κα-

137 2309 206 2383 κῶς
228 2298 283 2368 ὕπ’
309 2299 416 2368 αῦτῶν
439 2305 619 2387 λεγομένων
644 2299 834 2420 ῦπομνησαί
857 2329 902 2382 σε,
927 2305 982 2370 ἵνα
1003 2308 1088 2390 γνῷς
1110 2300 1160 2383 οἷς

137 2403 303 2488 χρῶιιενοι
325 2400 411 2484 πρὸς
434 2397 563 2486 άπάτην
587 2405 652 2466 τῶν
675 2396 860 2467 άκσυόντων
877 2401 1041 2486 λόγοις
1008 2429 1065 2487 την
1082 2397 1161 2488 άλη-

138 2507 241 2568 θειαν
263 2498 419 2581 κρύπτειν
441 2499 626 2582 βούλονται.
659 2501 742 2584 φασὶ
766 2498 825 2584 γάρ
848 2526 891 2585 μη
880 2499 996 2565 ίδισν
1012 2526 1066 2565 και
1056 2495 1160 2622 άλη·
1174 2519 1200 2568 15

138 2596 241 2666 θινὸν
269 2596 365 2680 λόγον
395 2604 479 2662 εἶναι
507 2598 604 2660 τοῦ
595 2595 862 2681 παντοκράτορος
892 2601 975 2664 θεοῦ
1003 2596 1060 2662 τὸν
1089 2597 1160 2662 υίὸν

94 2729 106 2749 ·
139 2695 199 2762 τὸν
221 2718 332 2777 κυρισν
362 2689 452 2780 ημῶν
480 2690 601 2779 Ἰησοῦν
624 2694 787 2778 Χριστὸν,
822 2690 931 2759 άλλΗ
921 2697 1031 2779 ε’τερον
1061 2689 1160 2761 αι’·τοῦ

142 2794 240 2877 λόγον
269 2786 352 2857 εἶναι
379 2791 434 2856 καὶ
464 2743 576 2875 ἑτίραν
611 2799 734 2877 σοφίαν
768 2795 820 2857 καὶ
852 2793 998 2876 δύναμιν.
1043 2797 1160 2858 τοῦτον

142 2890 315 2975 γενόμενον
339 2883 392 2952 ὑπ’
418 2884 518 2954 αὐτοῦ
542 2884 742 2972 ὠνομάσθαι
765 2891 861 2975 λόγον
884 2895 937 2956 καὶ
961 2898 1084 2979 σοφίαν
1106 2894 1159 2956 καὶ

114 2989 293 3068 ΰδῦναμιν,
317 2989 371 3050 καί
396 2985 511 3051 διὰτὸ
534 2983 639 3064 οὕτως
661 2982 780 3065 αῦτοῦς
803 2999 936 3073 φρονεῖν
953 2987 1053 3074 άλλην
1077 2987 1201 3059 ὑπό-νο

146 3108 262 3150 στασιν
284 3086 467 3149 διεστῶσαν
490 3086 547 3146 τοῦ
571 3084 698 3167 πατρὸς
722 3080 806 3150 εἷναί
829 3109 940 3171 φασιν.
977 3087 1026 3152 ἔτι
1047 3093 1162 3169 μέντοι

145 3184 201 3247 καί
225 3180 448 3265 προῦπάργειν
470 3183 528 3244 τοῦ
552 3181 624 3245 υἱοῦ
646 3181 703 3246 τὸν
727 3189 856 3264 πατίρα
882 3178 922 3247 δι’
949 3172 993 3247 ῶν
1016 3183 1163 3268 γράφου-

144 3303 200 3347 σιν
223 3274 496 3364 ἀποφαίνονται
493 3303 535 3362 ιιη
559 3272 643 3343 εἶναι
667 3305 706 3343 αι
710 3303 765 3343 τον
796 3275 986 3364 άληθῶς(
954 3278 1025 3344 υιὸν
1048 3279 1081 3344 ἐκ
1103 3282 1161 3343 τοῦ

142 3380 244 3445 θεοῦ·
278 3370 416 3442 ἀλλὰ
382 3403 441 3441 καν
465 3332 639 3496 λέγίυσιν’
626 3400 658 3440 εκ
681 3379 739 3439 τοῦ
763 3380 855 3493 θεοῦ,
886 3372 991 3454 οὕτως
1013 3377 1162 3462 λέγουσιν

143 3471 190 3554 ῶς
212 3473 294 3540 κατὰ
317 3472 435 3538 πάντα.
492 3473 541 3538 ἔτι
562 3471 624 3555 μὴν
647 3498 699 3537 και
727 3469 778 3537 ὅτι
803 3500 838 3558 ην
861 3499 945 3540 ποτε
968 3471 1022 3541 ὅτε
1045 3470 1103 3541 οῦκ
1125 3477 1203 3561 ἠνλδ

141 3576 248 3658 λέγειν
276 3574 439 3653 τσλιιῶσι,
473 3573 526 3635 καὶ
556 3577 676 3651 κτίσμα
705 3565 804 3634 αὐτὸν
833 3575 885 3637 καὶ
909 3579 1039 3656 ποίημα
1068 3568 1161 3650 εἶναι,

142 3671 345 3755 διορίζοντες
368 3662 465 3733 αῦτδν
499 3662 568 3732 άπὸ
601 3671 659 3732 τοῦ
689 3668 824 3752 πατρὸς.
870 3669 946 3747 τοὺς
976 3660 1032 3735 οδν
1060 3673 1163 3735 ταῦτα

139 3771 299 3854 λέγοντας
322 3762 514 3848 άλλοτρίους
536 3769 594 3852 τῆς
616 3767 796 3850 καθολικῇς
818 3766 987 3853 ε’κκλησίας
1003 3761 1087 3833 εἶναι
1103 3792 1164 3832 πε-

109 3873 335 3948 υπίστευμαι.
396 3863 544 3929 πιστεύω
579 3864 615 3928 δὲ
649 3863 811 3946 ἑπόμενος
838 3875 911 3941 ταῖς
945 3870 1057 3941 θείαις
1086 3888 1164 3947 γρα-

140 3973 226 4051 φαῖς
249 3959 302 4028 ὅτι
326 3956 372 4040 εἷς
394 3960 475 4038 θεὸς
503 3959 557 4026 καὶ
586 3957 602 4023 ὁ
626 3961 744 4026 τοῦτου
767 3961 942 4047 μονογενὴς
964 3961 1035 4037 υίὸς
1057 3960 1204 4044 λόγος,3ο

140 4058 160 4127 ὃ
192 4057 243 4127 ἀεὶ
275 4058 490 4142 συνυπάρχων
518 4061 565 4144 τῷ
589 4063 690 4141 πατρὶ
725 4061 776 4124 καὶ
809 4057 1033 4140 μηδεπώποτε
1066 4053 1164 4143 ἀρχὴν

138 4161 200 4225 τοῦ
226 4152 312 4224 εἶναι
335 4155 491 4242 ἐσχηκώς,
523 4150 659 4241 άληθῶς
682 4155 715 4221 ἐκ
739 4157 796 4219 τοῦ
820 4159 902 4220 θεοῦ
926 4150 1091 4237 ὑπάρχων,
1127 4150 1163 4222 οῦ

139 4257 304 4334 κτισθελς,
329 4251 367 4320 οῦ
389 4254 558 4339 ποιηθεὶς,
583 4247 667 4318 ἀλλὰ
689 4248 740 4319 ἀεὶ
765 4247 819 4331 ῶν,
844 4246 894 4319 dei
916 4253 1164 4338 συμβασιλεῦων

1144 4448 1288 4658 Ι
