2867 5084
137 940 179 1006 26
360 953 562 1004 επτσουτου
576 954 672 1006 κατι
689 955 874 1006 mmm
890 958 920 1005 υ.

137 1102 358 1189 λυγιζόμενος,
393 1102 633 1191 πληροφορίας
654 1107 713 1192 τῆς
748 1105 865 1173 ἑαυτοῦ
905 1105 1055 1184 διανοίας
1088 1105 1150 1189 χά-

137 1225 199 1286 ριν,
223 1197 312 1285 ὅμως
334 1200 390 1266 διά
410 1203 469 1288 τῆς
490 1200 668 1290 ἐπιστολῆς
689 1203 870 1287 λαβόμενος
891 1202 948 1288 τὴν
975 1202 1149 1290 πρόφασιν

137 1298 303 1382 δρομαίως
329 1287 499 1384 ἧκε’πρδς
526 1298 583 1365 τὸν
605 1298 811 1386 Μάρκελλον.
842 1297 876 1364 ’ὁ
905 1302 941 1366 δὲ
964 1300 1177 1379 ἕπὶσκοπσςα

132 1389 317 1480 Ἀρχέλαος,
347 1395 427 1478 ἔχων
450 1396 483 1462 ἐν
506 1396 611 1482 ἑαυτῷ
638 1397 809 1480 μετὰτῶν
830 1397 935 1484 λόγων
956 1400 1009 1463 καὶ
1032 1398 1071 1464 τὸ
1094 1399 1151 1481 ζη-

112 1491 273 1559 ολωτικδν
294 1495 351 1579 τῆς
373 1499 526 1572 πίστεως,
551 1493 740 1580 ἐβουλεύετο
763 1495 792 1561 εἰ
813 1483 852 1582 ἧν
876 1494 1014 1560 δυνατὸν
1037 1494 1073 1574 ἒξ
1090 1489 1149 1561 αὖ·

135 1593 194 1678 τῆς
220 1590 276 1657 τὸν
304 1587 423 1675 άνδρα,
454 1587 567 1677 ὥσπερ
590 1590 755 1676 πάρδαλιν
779 1586 799 1678 ἢ
822 1590 918 1657 λάκον
939 1589 961 1676 ἥ
982 1617 1015 1656 τι
1037 1593 1148 1674 ἕτερον

134 1691 201 1755 τῶν
221 1693 349 1775 θηρίων
373 1683 541 1774 άγρεάσας,
563 1688 702 1774 θανάτῳ
720 1690 939 1771 παραδοῦναι,
963 1688 1076 1775 ἵναμὴ
1092 1690 1150 1754 λυ-

134 1789 248 1872 μανθῇ
268 1783 310 1852 τά
331 1791 516 1870 θρέμματα,
539 1786 691 1853 τοιούτου
713 1785 819 1870 θηρὸς
841 1785 953 1873 ἐφόδῳ
973 1786 1032 1874 τὴν
1059 1787 1150 1854 εἵσο-

136 1882 193 1948 δον
215 1885 391 1948 κατανοῶν.
422 1881 441 1947 δ
464 1884 500 1950 δὲ
509 1883 706 1968 Μάρκελλος
726 1887 765 1969 τῇ
787 1888 1002 1970 μακροθυμίᾳ
1022 1884 1149 1967 μᾶλλον

98 1973 228 2066 ιυήξίου
248 1981 302 2044 καὶ
326 1974 521 2059 ἀνεξικάκως
541 1979 598 2046 τδν
622 1979 707 2065 πρὸς
730 1976 828 2046 αὐτὸν
844 1980 996 2065 διάλογον
1013 1975 1069 2046 ἀπ’
1088 1977 1149 2046 αὖ·

134 2079 194 2143 τοῦ
213 2081 379 2161 γενέσθαι.
411 2074 429 2143 ὁ
451 2079 488 2144 δὲ
509 2077 570 2165 ἤδη
585 2077 787 2164 μεμαθηκώς
800 2081 859 2164 τῆς
872 2080 931 2143 τοῦ
947 2077 1049 2163 Μάνη
1065 2076 1149 2162 γνώ-

133 2199 197 2260 μης
217 2174 274 2262 τὴν
297 2178 410 2242 πᾶσαν
425 2170 607 2243 ὑπόθεσιν·
631 2175 808 2263 διηγήσατο
823 2174 884 2260 γάρ
899 2170 1013 2254 αὐτοῖς
1029 2169 1047 2239 ὁ
1063 2173 1148 2260 Τάρ-

133 2279 210 2358 βων,
234 2267 323 2360 αὐτῷ
345 2276 455 2340 τεκαὶ
478 2275 673 2361 Μαρκέλλῳ,
695 2273 755 2360 τὴν
775 2275 834 2360 τῆς
856 2273 1012 2358 αἱρέσεως
1034 2275 1175 2338 πάσανῦ

133 2378 350 2459 κενοφωνίαν,
385 2367 430 2451 ιδς
463 2368 481 2438 δ
513 2375 572 2457 μὲν
601 2372 723 2457 Μάνης
751 2370 809 2437 δάο
839 2365 939 2454 άρχάς
967 2369 1148 2455 εἰσηγεῖται

97 2482 126 2534 1ο
134 2463 293 2554 άνάρχους
320 2464 374 2536 άεὶ
396 2467 496 2547 υάσας
517 2476 569 2537 καλ
592 2472 759 2555 μηδέποτε
782 2467 1019 2546 διαλειπούσας
1039 2467 1078 2532 τὸ
1101 2461 1148 2533 ελ-

133 2591 188 2631 ναι
210 2562 433 2648 ἀντικειμένας
454 2567 539 2649 πρὸς
561 2562 712 2653 ἀλλήλας,
735 2570 789 2632 καὶ
811 2569 850 2652 τῇ
872 2568 932 2648 μὲν
953 2569 1015 2652 μιᾷ
1041 2561 1148 2657 ὄνομα

132 2669 250 2748 τίθησι
270 2661 309 2726 τὸ
331 2666 404 2749 φῶς
424 2665 477 2728 καλ
501 2657 639 2747 άγαθὸυ,
662 2666 701 2749 τῇ
725 2664 761 2728 δὲ
776 2662 870 2750 ἑτέρα
886 2660 1002 2740 σκότος
1018 2662 1073 2728 καὶ
1088 2688 1147 2727 κα-

131 2766 220 2838 κίαν,
244 2758 289 2838 ὠς
310 2754 395 2825 εἶναι
415 2759 497 2827 θεὸν
520 2762 573 2826 καὶ
597 2759 761 2844 διάβολον.
804 2762 888 2829 ποτὲ
910 2762 1021 2827 δὲκαὶ
1045 2759 1147 2838 θεοὺς

131 2855 208 2936 τοὺς
235 2851 443 2942 ἀμφοτέρους
469 2859 576 2937 καλεῖ,
606 2855 688 2923 θεὸν
711 2852 839 2942 ἀγαθὸν
862 2861 915 2924 καὶ
938 2857 1020 2924 θεὸν
1042 2882 1148 2941 πονη-

93 2953 199 3039 τυρόν.
245 2948 334 3020 εἶναι’
357 2955 393 3021 δὲ
422 2953 456 3020 έκ
483 2957 548 3020 τῶν
571 2955 629 3021 δύο
652 2950 759 3039 ἀρχῶν
780 2955 822 3022 τὰ
843 2953 954 3021 πάντα
975 2958 1028 3021 καὶ
1053 2979 1147 3022 συνε-

133 3052 259 3119 στάναι.
290 3055 342 3117 καλ
358 3051 416 3137 τὴν
430 3052 490 3135 μὲν
504 3058 582 3135 μίαν
599 3047 698 3139 ἀρχὴν
712 3053 754 3119 τὰ
770 3048 883 3138 άγαθά
898 3052 1008 3119 πάντα
1024 3063 1145 3132 ποιεῖν,

130 3149 189 3237 τὴν
211 3150 247 3216 δὲ
270 3149 383 3233 ἑτέραν
406 3145 529 3232 ὁμοίως
550 3148 591 3216 τά
613 3151 734 3238 φαῦλα.
765 3152 847 3232 ἔχειν
871 3151 906 3216 δὲ
922 3150 955 3217 ἐν
970 3153 1017 3237 τῷ
1032 3149 1145 3236 κόσμῳ

130 3251 196 3330 τῶν
226 3246 284 3312 δύο
311 3246 435 3314 τούτων
464 3240 569 3331 άρχῶν
597 3247 656 3326 τάς
682 3245 892 3327 ὑποστάσεις,
916 3251 968 3314 καὶ
997 3248 1055 3335 τὴν
1085 3250 1172 3332 μὲνῠ

131 3350 211 3427 μίαν
232 3339 331 3430 ἀρχὴν
353 3350 571 3431 πεποιηκέναι
592 3345 630 3410 τὸ
652 3349 763 3430 σῶμα,
792 3346 850 3434 τὴν
873 3348 908 3413 δὲ
931 3344 1038 3432 ψυχὴν
1061 3341 1147 3412 εἶναι

93 3444 191 3528 ἵντῆς
218 3441 345 3525 ἑτέρας,
375 3437 474 3529 αάτὲγν
504 3443 539 3508 δὲ
562 3437 724 3530 εἶναιτὴν
747 3443 854 3528 ψυχὴν
875 3443 933 3531 τὴν
955 3443 989 3509 ἒν
1012 3438 1147 3527 άνθρώ-

133 3564 212 3617 ποις
239 3545 294 3605 καὶ
323 3539 356 3605 ἒν
386 3542 486 3606 παντλ
510 3539 596 3626 ζώφ,
625 3541 679 3607 καί
700 3545 842 3627 πετεινιῇ
864 3543 918 3607 καλ
941 3542 1069 3627 ἑρπετῷ
1091 3544 1147 3607 καὶ

132 3636 304 3722 κνωδάλιμ·
334 3631 372 3701 οδ
394 3637 511 3720 μόνον,
537 3633 621 3703 ἀλλὰ
641 3639 751 3704 καλέ’ν
773 3649 843 3716 τοῖς
866 3650 985 3725 φυτοῖς
1006 3637 1065 3715 τὴν
1087 3642 1146 3724 τῆς

106 3737 216 3822 4ζωῆς
244 3732 365 3817 ἰκμάδα
391 3741 518 3822 κίνησιν
547 3730 633 3802 εἶναι
659 3739 766 3822 ψυχῆς
789 3734 941 3823 φάσκων,
971 3734 1010 3822 ἣν
1033 3739 1087 3801 καὶ
1111 3736 1145 3803 ἓν

131 3843 204 3912 τοῖς
226 3827 423 3915 ἀνθρώποις
444 3828 655 3918 ὑπάρχουσαν
677 3835 771 3919 λέγει.

93 3949 125 4000 νυ
217 3935 246 3997 9.
270 3927 376 3996 ”Azao
398 3931 434 3996 δὲ
458 3926 521 3996 ὅσα
541 3934 744 4013 μυθοποιιῦν
766 3932 819 3997 καὶ
836 3931 1001 3997 διδάσκων
1015 3930 1146 4016 φάσκει,

132 4026 189 4092 τὸν
212 4027 372 4095 ἐσθίοντα
393 4025 515 4110 σάρκας
530 4028 636 4115 ψυχήν
651 4051 753 4115 φησιν
767 4028 895 4095 ἐσθίειν
909 4029 966 4094 τὸν
982 4031 1146 4107 τοιοῦτον,

133 4125 187 4188 καὶ
209 4120 294 4192 εἶναι
314 4119 414 4193 αὗτὸν
436 4124 547 4207 ἔνοχον
567 4129 626 4192 τοῦ
648 4127 701 4191 καὶ
724 4121 823 4191 αὐτὸν
844 4125 995 4192 τοιοῦτόν
1010 4151 1044 4191 τι
1057 4132 1147 4210 γενέ·
1182 4127 1187 4136 ’

134 4225 234 4304 σθαι,
264 4218 310 4302 ὡς
335 4223 367 4290 εἰ
388 4222 489 4311 ἔφαγε
507 4233 636 4312 χοῖρον,
663 4232 778 4310 χοῖρον
799 4212 901 4302 αὖθις
920 4228 1094 4310 γενέσθαι,
1123 4217 1197 4312 ἢθκο

98 4524 263 4654 Ε
