2867 5084
155 977 197 1041 36
378 985 947 1038 εσιοιυιοειιυιιιεεκιιυιιε.

152 1143 206 1208 καί
235 1135 404 1226 ἇχαθότης
430 1139 552 1218 ἔνεστι,
583 1138 717 1206 διέπεσε
739 1135 950 1219 πανταχόθεν
973 1131 992 1201 δ
1014 1135 1093 1219 περί
1114 1159 1176 1200 κα-

152 1244 226 1318 κίας
253 1233 353 1303 αὐτοῦ
382 1234 494 1321 λόγος,
524 1234 581 1303 διὰ
606 1236 646 1302 τὸ
672 1234 901 1303 ἐπικοινωνεῖν
929 1232 1073 1318 θάτερον
1105 1235 1174 1298 τῶν

154 1330 208 1403 ὑπ’
233 1330 334 1401 αὐτοῦ
364 1335 545 1420 λεγομένων
573 1339 723 1420 θατέρῳ,
755 1329 800 1412 ῶς
827 1332 935 1399 είπεῖν
960 1336 1038 1415 περί
1060 1326 1175 1415 ὄφεων

153 1436 207 1500 καί
234 1436 301 1498 τῶν
329 1429 438 1498 ἄλλων
466 1431 613 1516 έρπετῶν
637 1429 787 1515 ἰοβόλων.
832 1427 897 1496 ὅσα
917 1429 979 1515 γάρ
1002 1428 1092 1495 ἐστιν
1110 1427 1175 1494 ἐπὶ

130 1531 192 1597 ιτό
212 1529 371 1616 χρήσιμον
393 1534 683 1612 κατεσκευασμένα,
706 1522 784 1611 παρ’
809 1523 898 1614 αὐτῷ
921 1528 957 1593 δὲ
971 1529 1018 1613 τῷ
1034 1521 1177 1609 όνόματι

154 1628 357 1713 κακιζόμενα,
381 1626 415 1695 ἐν
437 1622 552 1705 αὐτοῖς
573 1625 628 1693 καὶ
650 1625 688 1691 τό
711 1621 887 1693 ἀντίθετον
909 1627 967 1710 τῆς
988 1629 1103 1702 κακίας
1120 1618 1176 1689 εδ-

154 1734 311 1812 ρίσκεται,
335 1721 380 1804 ῶς
402 1725 510 1792 εἰπεῖν
532 1726 609 1809 περί
633 1721 743 1810 ὄφεως
764 1727 817 1790 καί
834 1727 901 1790 τῶν
916 1720 1034 1789 ἄλλων.
1076 1720 1112 1800 ἐξ
1125 1709 1173 1786 ῶν

155 1824 217 1910 γὰρ
246 1823 295 1902 ίὸς
323 1821 370 1900 είς
396 1821 562 1901 θάνατον,
592 1821 626 1888 ἓν
654 1816 769 1901 αὐτοῖς
799 1825 855 1888 καὶ
882 1817 1054 1898 άντίδοτος
1086 1819 1201 1904 πρόςο

156 1917 329 1989 ἀντίδοτον
343 1918 494 1985 θανάτου
516 1921 569 1984 καί
585 1919 758 1997 κακώσεως
771 1921 999 2003 κακιζομένων.
1027 1922 1081 1984 καί
1096 1913 1176 2004 ἡμέ-

119 2036 199 2104 moa
220 2020 280 2103 μέν
304 2016 350 2095 είς
373 2016 527 2103 ἐργασίαν
555 2010 768 2101 ἀνθρώποις,
799 2013 844 2096 ῶς
864 2022 920 2083 καὶ
941 2016 989 2096 είς
1009 2016 1048 2082 τό
1070 2022 1181 2102 φωτί-

158 2120 277 2201 ζεσθαί
299 2112 412 2183 τεκαὶ
435 2109 531 2200 ὁρᾶν·
554 2107 639 2181 ἀλλὰ
660 2113 715 2181 καὶ
736 2109 756 2201 ἦ
779 2114 837 2194 νὺξ
859 2111 876 2201 ἡ
899 2110 977 2198 παρ’
996 2110 1084 2199 αὐτῷ
1102 2107 1179 2178 όνό-

156 2242 237 2302 ματι
258 2213 449 2297 κακιζομένη
473 2207 660 2291 ἇνάπαυσίς
681 2237 734 2290 τις
755 2207 938 2297 εὑρίσκεται
961 2212 995 2278 έκ
1017 2214 1101 2279 θεοῦ
1121 2206 1180 2279 άν-

157 2313 315 2400 θριόποις
335 2321 495 2396 γεγονυῖα.
526 2320 580 2377 καί
603 2306 709 2390 οὕτως
724 2309 763 2376 τὸ
779 2306 855 2377 καθ’
873 2314 907 2377 ἓν
922 2305 1054 2395 άχαθόν
1068 2306 1181 2395 όπάρ-

157 2436 215 2495 χον
244 2407 441 2495 εὗρίσκεται,
474 2411 528 2474 καὶ
561 2408 605 2496 μὴ
640 2407 819 2493 δυνάμενον
848 2404 918 2475 άπὸ
946 2411 1013 2473 τῶν
1042 2409 1076 2475 ἐν
1098 2404 1178 2495 ἡμῖν

121 2525 149 2575 1⁶
159 2506 400 2594 ἁμαρτημάτων
422 2505 461 2570 τὸ
485 2503 590 2590 ὄνομα
612 2506 704 2588 ἔχειν,
728 2502 749 2593 ἢ
770 2506 809 2571 τὸ
832 2506 906 2572 ἴσον
929 2509 987 2571 τοῦ
1005 2510 1105 2572 κακοῦ
1119 2507 1180 2594 τὴν

115 2620 117 2624 ’
160 2604 349 2690 ὁμωνυμίαν
373 2598 531 2686 εὑρίσκον.

247 2707 295 2770 18.
323 2698 442 2766 Πάντα
462 2699 523 2783 γὰρ
545 2697 629 2764 καλὰ
650 2702 702 2765 καί
726 2694 815 2783 ἡδέα,
839 2703 892 2767 καὶ
916 2696 1011 2768 οὐδέν
1028 2696 1181 2788 άπόβλη·

158 2825 233 2880 τον,
256 2802 302 2884 τῷ
321 2799 375 2862 καὶ
392 2797 480 2876 ἰδοὺ,
504 2798 602 2884 φησί,
626 2794 737 2861 πάντα
751 2798 835 2863 καλὰ
849 2800 939 2865 λίαν·
962 2803 1016 2865 καί
1032 2795 1181 2885 οὐδαμοῦ

159 2904 274 2976 κακίας
296 2895 365 2961 έστί
388 2895 470 2980 ῥίζα.
500 2892 620 2959 τούτου
636 2892 697 2979 γάρ
711 2894 806 2979 χάριν
820 2899 874 2962 καί
891 2892 909 2962 ό
924 2898 1006 2976 θεὸς
1022 2897 1057 2976 ίξ
1070 2894 1230 2984 ὕπαρ-634

121 2999 217 3082 κοχῆς
248 2994 364 3074 κτίζων
396 2991 454 3057 τόν
486 2990 598 3058 πάντα
629 2990 752 3075 κόσμον
782 2996 822 3080 τῇ
852 2989 953 3060 αὐτοῦ
983 2989 1179 3083 όιγαθότητι,

161 3088 237 3160 καθ’
262 3091 398 3159 ἕκαστον
420 3092 487 3155 τῶν
511 3089 699 3173 κτισμάτων
720 3089 759 3155 τὸ
781 3090 881 3158 καλὸν
903 3092 1054 3181 ἐπέφερε,
1079 3095 1181 3180 λέγων

162 3194 235 3258 ’καί
265 3184 350 3258 είδεν
380 3184 398 3252 ό
426 3187 508 3266 θεὸς
537 3183 590 3254 ότι
612 3187 738 3268 καλόν,”
762 3184 856 3267 ὅπως
876 3192 923 3275 τῷ
946 3192 1035 3277 καλῶ
1057 3217 1182 3277 μαρτυ-

160 3290 243 3376 ρήσῃ
272 3291 326 3354 καὶ
355 3280 451 3372 ἀνέλῃ
479 3283 537 3372 τὴν
566 3288 632 3350 τῶν
662 3286 849 3370 ἐπιβούλων
877 3291 936 3373 τῆς
963 3283 1182 3374 ἀνθρωπείας

162 3386 294 3475 φάσεως
316 3383 497 3471 δεινότητα,
520 3386 587 3450 τῶν
605 3383 661 3451 διὰ
675 3383 795 3467 μύθων
810 3389 965 3471 πονηρῶν
982 3386 1183 3474 έπινοησάν-

122 3499 227 3552 πτων
250 3480 415 3570 ἀφανίσαι
430 3481 464 3547 έκ
479 3483 546 3547 τῶν
561 3476 753 3566 ἀνθρώπων
767 3481 825 3568 τὴν
841 3477 1012 3571 ἀλήθειαν.
1044 3483 1183 3572 έπσίησε

161 3581 223 3669 γὰρ
245 3579 303 3646 τὸν
304 3573 464 3695 ,οὐρανὸν
485 3576 542 3644 καί
563 3577 621 3666 τὴν
642 3583 701 3665 γῆν
726 3605 779 3646 και
802 3580 842 3646 τὸ
864 3584 939 3668 φῶς
958 3584 1012 3647 καὶ
1035 3581 1077 3648 τὰ
1093 3581 1182 3669 έντῇ

161 3684 201 3768 γῇ
224 3678 320 3797 λη’
279 3703 319 3764 τη
342 3675 458 3797 πρώτῃ
479 3671 633 3794 ἡμέρᾳ·
637 3691 701 3743 *και
692 3671 793 3758 εἶδε,
815 3681 869 3745 καί
886 3678 958 3746 ίδοδ
973 3679 1104 3760 καλόν,”
1119 3704 1184 3768 φη-

162 3782 216 3844 σίν
236 3771 256 3864 ἡ
279 3773 398 3892 γραφη.
429 3770 494 3858 άρα
515 3772 577 3859 γὰρ
600 3767 657 3840 οόκ
678 3771 794 3862 ᾔδει“’
774 3799 828 3842 οτι
848 3775 947 3843 καλὸν
968 3775 1107 3864 ι”μελλεν
1129 3777 1183 3862 έρ-

162 3875 339 3961 χάζεσθαι,
371 3867 423 3938 ότι
450 3871 534 3955 μετὰ
559 3870 599 3937 τὸ
626 3878 784 3957 γενέσθαι
813 3876 933 3960 λέγει’
936 3875 1020 3941 ίδοὺ
1042 3877 1209 3962 καλόν,·”ιι

123 3976 216 4042 maz
240 3966 327 4037 οότω
347 3971 492 4055 καθεξῆς
513 3969 570 4036 έπί
592 3975 664 4048 τοῖς
684 3966 813 4048 όδασιν,
837 3971 894 4038 έπί
916 3975 975 4059 τῆς
997 3974 1180 4063 θαλάσσης,

164 4070 220 4137 bai
241 4071 309 4135 τῶν
329 4065 579 4153 βλαστημάτων,
603 4066 659 4135 ἐπὶ
676 4071 744 4133 τῶν
759 4068 872 4149 ξύλων,
897 4069 953 4137 ἐπὶ
968 4074 1035 4137 τῶν
1051 4073 1186 4162 φωστή-

165 4192 232 4250 ρων
254 4165 288 4233 ίν
311 4160 449 4251 οὐρανῷ,
473 4165 532 4232 έπί
553 4169 619 4232 τῶν
639 4168 780 4252 κτηνῶν,
804 4165 862 4232 ἐπὶ
884 4171 950 4234 τῶν
972 4173 1108 4256 πτηνῶν
1129 4170 1184 4238 καί

165 4265 312 4349 ίρπττῶν
333 4267 387 4330 καί
409 4262 544 4346 ίχθόων.
574 4259 651 4330 καθ’
669 4264 806 4331 ἕκαστον
826 4263 888 4348 γὰρ
904 4267 1016 4352 έλυχυ
1019 4271 1081 4334 ’καί
1098 4263 1184 4336 εἶδεν
