2867 5084
495 931 599 985 hm
617 935 879 994 numum.
1127 928 1187 989 551

172 1106 243 1167 της,
277 1084 329 1149 καί
352 1079 413 1169 ἤδη
438 1083 473 1149 δὲ
494 1088 560 1150 τῶν
582 1085 649 1169 πρὸ
670 1089 737 1152 τῶν
760 1088 916 1171 αἱρέσεων
938 1086 972 1155 ἐν
994 1092 1035 1175 τῇ
1055 1085 1192 1178 ἐνδημίηι

140 1183 325 1262 ηΧριστοῦ
348 1174 505 1247 ἀνωτάτω
527 1177 605 1267 ἡμῖν
629 1178 909 1271 ὑπομνησθείσης,
934 1189 989 1252 νῦν
1006 1187 1042 1253 δὲ
1057 1187 1191 1272 πρώτην

174 1265 277 1343 οὖσαν
299 1281 352 1343 καί
376 1282 513 1363 Χριστῷ
549 1287 753 1366 συνημμένην
775 1276 869 1366 άγίαν
891 1282 1020 1369 νάμφην
1042 1277 1113 1350 άπὸ
1134 1286 1192 1369 τῆς

174 1374 333 1457 ἒνσάρκου
362 1369 463 1441 αὐτοῦ
491 1384 679 1463 παρουσίας
708 1381 772 1460 [καί
800 1377 838 1443 τὸ
860 1383 918 1467 τῆς
939 1374 1040 1446 αότοῦ
1063 1404 1192 1464 παρου-

172 1476 272 1553 σίας],
295 1468 367 1557 ἥτις
390 1472 460 1538 ἐστὶ
484 1472 542 1539 σὺν
564 1477 611 1560 τῷ
631 1469 738 1558 Ἀδάμ
761 1477 976 1561 πεπλασμένη
998 1482 1051 1542 καί
1070 1477 1104 1544 έν
1119 1488 1214 1556 votes

172 1567 244 1652 πρὸ
264 1572 323 1634 τοῦ
343 1565 492 1654 Ἁβραάμ
516 1571 736 1656 πατριάρχαις
763 1579 991 1661 κεκηρυγμένη,
1025 1577 1078 1641 καί
1107 1573 1192 1658 μετὰ

120 1700 122 1704 ·
172 1671 234 1733 τοῦ
254 1664 403 1752 Ἀβραάμ
427 1675 682 1757 πεπιστευμένη,
711 1673 765 1736 καί
789 1670 846 1738 διά
867 1676 1042 1751 Μωυσέως
1064 1666 1193 1738 ἀποκα-

173 1767 355 1851 λυφθεῖσα,
379 1768 432 1832 καί
455 1760 623 1854 ένἩσαίᾳ
644 1775 925 1857 προφητευομένη,
949 1769 982 1836 έν
994 1772 1133 1856 Χριστῷ
1155 1769 1192 1838 δὲ

172 1857 412 1943 ἀναδειχθεῖσα
433 1862 487 1928 καί
510 1862 568 1941 σὺν
590 1868 729 1950 Χριστῷ
756 1862 965 1951 ὑπάρχουσα,
1003 1867 1037 1934 ἐν
1065 1862 1190 1956 όστέρρι

174 1961 213 2025 δέ
235 1954 288 2045 ὑφ’
312 1953 404 2046 ἡμῶν
427 1959 696 2047 ἐγκωμιαζομίνη.
736 1965 787 2030 δεῖ
801 1964 861 2049 γὰρ
879 1963 937 2031 τὸν
952 1959 1191 2050 ἀγωνιζόμενον
1202 1981 1230 2031 10

174 2059 310 2139 πρῶτον
332 2056 530 2124 ἐνίστασθαι
563 2063 609 2144 τῷ
633 2054 734 2144 άγιῖινι
762 2057 809 2146 τῷ
831 2087 867 2128 τε
888 2061 1022 2148 καμάτῳ
1044 2067 1096 2128 καί
1119 2072 1192 2142 τοῖς

139 2151 289 2234 αάλλοις
309 2158 368 2221 τοῦ
391 2149 515 2240 άγῶνος
537 2159 776 2240 παλαίσμασιν,
804 2158 860 2224 ἵνα
880 2155 1017 2242 ὕστερον
1037 2159 1094 2225 τὸν
1118 2165 1192 2226 στέ-

174 2275 283 2339 φανον
309 2253 528 2337 κομισάμενος
554 2253 638 2337 μετὰ
665 2257 724 2320 τοῦ
748 2254 912 2341 στεφάνου
941 2254 975 2321 ε’ν
998 2250 1192 2340 ἀγαλλιάσει

173 2350 352 2435 διατελοίη,
376 2346 415 2416 οὗ
437 2354 496 2416 τοῦ
519 2351 684 2438 στεφάνου
706 2347 849 2418 ὑστάτου
873 2349 976 2431 ὄντος,
1001 2348 1085 2420 ἀλλὰ
1106 2375 1191 2439 προ-

170 2453 323 2531 κειμένου
343 2450 404 2531 μὲν
425 2451 482 2534 τῆς
504 2447 621 2534 πάλης,
650 2445 787 2531 ὕστερον
810 2449 846 2515 δὲ
869 2450 1042 2533 διδομένου
1065 2450 1112 2529 είς
1131 2475 1191 2532 χα-
1202 2464 1230 2516 15

170 2544 236 2628 ράν
257 2546 311 2611 καί
334 2546 381 2623 είς
403 2541 597 2631 άγαλλίασιν
623 2548 670 2631 τῷ
698 2545 879 2632 κεκμηκόσι.
916 2550 1021 2613 ταῦτα
1049 2549 1084 2614 δὲ
1112 2549 1190 2633 περὶ

169 2642 300 2708 τούτων
323 2642 485 2729 εἰρηκότες
506 2643 562 2709 ἐπὶ
585 2642 662 2722 τοὺς
683 2634 942 2731 προειρημένους
968 2646 1191 2728 παρέλθωμεν

172 2739 301 2825 λόγους,
325 2742 432 2820 δεῖξαι
453 2745 527 2819 πῶς
550 2737 749 2828 ὀγδοήκοντα
762 2748 822 2825 μέν
838 2742 903 2809 εἰσι
918 2743 1094 2821 παλλακαὶ,
1118 2741 1192 2829 έξη·
1273 2742 1277 2749 ’

170 2862 274 2904 κοντα
296 2840 333 2904 δέ
353 2840 563 2922 βασίλισσαι,
596 2842 669 2917 πῶς
695 2846 758 2923 μία
786 2835 804 2926 ἡ
827 2846 999 2924 παρθένος
1026 2839 1081 2907 καί
1110 2837 1189 2928 άγνη

170 2939 229 3001 καί
258 2935 367 3022 νόμηη
397 2932 479 3019 ὁμοῦ
508 2938 560 3002 καί
583 2936 763 3022 περιστερὰ
791 2940 844 3004 καί
873 2934 994 3021 άμνὰς,
1027 2937 1128 3017 πόλις
1155 2938 1230 3008 δέου

171 3029 254 3116 ἁγία
273 3036 356 3100 θεοῦ
378 3036 433 3099 καί
455 3039 578 3112 πίστις,
603 3036 675 3100 ’καί
692 3034 861 3118 ἑδραίωμα
881 3039 939 3119 της
954 3029 1115 3122 άληθείας
1136 3037 1191 3102 καί

174 3135 282 3213 πέτρα
304 3130 428 3214 στερεά,
452 3124 503 3216 ἐφ’
527 3120 566 3216 ἧς
587 3127 825 3197 πόλαιἍιδαυ
848 3126 887 3195 οό
913 3132 1191 3214 κατισχύσουσιν.”

136 3257 160 3306 χ)
174 3223 261 3309 ὁμοῦ
280 3227 341 3314 γάρ
365 3228 398 3295 ἐν
420 3231 507 3294 πᾶσι
528 3225 611 3293 θεὸν
633 3226 887 3310 ἐπικαλούμενοι
917 3231 972 3293 καί
994 3226 1191 3294 ἐπικαλεσά-

171 3347 270 3408 μενοι
291 3325 443 3409 ίτόχομεν
465 3329 523 3411 τῆς
545 3323 741 3409 ἐπαγγελίας
763 3324 938 3407 πληρῶσαι
965 3323 1023 3410 την
1048 3320 1191 3407 ὑπόσχε-

170 3445 239 3502 σιν,
272 3422 331 3509 τίην
353 3421 435 3490 κατὰ
458 3423 615 3506 αἱρέσεων
637 3424 756 3487 πασῶν
778 3446 874 3508 φημι,
901 3411 990 3509 ᾗτινι
1014 3421 1231 3509 έπαγγελίριε

171 3520 231 3586 καί
253 3516 327 3603 άχρι
349 3524 407 3607 τῆς
427 3522 493 3586 τῶν
515 3521 768 3585 Μασσαλιανῶν
798 3518 995 3605 ἐφθάσαμεν
1024 3520 1189 3603 αἱρέσεως.

169 3620 229 3684 καί
252 3614 349 3704 αὐτὴν
372 3619 408 3684 δὲ
422 3615 734 3703 καταπεπατηκότες
755 3620 802 3702 τῷ
820 3613 1007 3704 ὑποδήματι
1022 3619 1081 3683 τοῦ
1096 3611 1191 3701 εὐαγ-

170 3715 294 3802 γελίου,
318 3712 431 3798 ὥσπερ
452 3715 673 3798 χαμαιλέοντα
691 3714 875 3794 πολύπουν,
900 3711 1003 3802 ἀειδῆ,
1027 3711 1190 3802 άμορφον,

172 3813 358 3905 δυσρδμίαν
371 3819 546 3890 πνέουσαν,
571 3811 604 3879 ἒν
619 3815 706 3878 πᾶσι
722 3815 793 3897 θεῷ
810 3807 1100 3899 εόχαριστήσωμεν,
1124 3835 1192 3877 πα·

169 3915 255 3993 τέρα
281 3910 315 3976 έν
342 3910 414 3996 υίῷ,
444 3908 515 3975 υἱόν
537 3908 572 3976 έν
599 3911 711 3992 πατρί,
743 3909 800 3975 σὺν
829 3905 911 3996 ἁγίῳ
940 3909 1112 3993 πνεύματι,
1142 3907 1227 3988 slew

168 4005 253 4084 τοὺς
274 4008 397 4086 αἰῶνας
417 4009 483 4074 τῶν
505 4005 644 4072 αίιόνων.
689 3999 784 4091 ἀμην.
