2867 5084
262 925 324 986 420
491 935 694 984 σιτιψιαισν
710 933 806 984 ΚΑΤΑ
825 934 1012 983 mamm
1028 935 1057 981 ν.

261 1090 342 1176 περὶ
362 1089 446 1159 θεοῦ
470 1088 573 1171 λέγειν
597 1083 618 1151 ά
640 1080 805 1169 βούλεται.
845 1079 928 1149 ἀλλὰ
950 1081 1005 1148 καὶ
1026 1077 1127 1169 ἡμᾶς,
1163 1088 1286 1167 καίπερ

262 1188 372 1256 πολλὰ
395 1187 471 1270 περὶ
495 1186 692 1276 στερητικιῖιν
716 1184 959 1262 διαλεχθέντας,
985 1174 1158 1263 ἀναγκάζει
1181 1178 1286 1244 πάλιν

261 1296 334 1364 τοῖς
357 1281 469 1360 αὐτοῖς
493 1282 641 1364 ἐμμένειν
669 1282 724 1346 καὶ
753 1280 786 1345 έν
809 1288 883 1355 ταῖς
912 1277 997 1360 πρὸς
1020 1272 1119 1343 αὐτὸν
1143 1271 1333 1362 ἀνατρο-οει

262 1392 345 1460 παῖς
367 1386 637 1464 κατατρίβεσθαι.
676 1379 729 1441 καὶ
753 1366 791 1461 ἦν
813 1378 872 1457 μὲν
896 1375 986 1460 ἱκανὴ
1019 1370 1038 1459 ἡ
1069 1373 1136 1456 πρὸ
1166 1375 1287 1462 ταύτης

240 1473 433 1564 δάνατροπη
458 1479 628 1561 δυναμένη,
665 1473 721 1538 διὰ
746 1473 784 1547 τὸ
808 1468 998 1555 δμόρροπον
1025 1476 1078 1538 καὶ
1110 1469 1286 1558 ὁμώνυμον

262 1580 321 1643 τοῦ
345 1576 593 1660 σολλογιστικού
617 1566 716 1636 αύτσύ
741 1569 854 1655 λύγον,
893 1569 975 1634 κατὰ
997 1575 1062 1636 τῶν
1086 1566 1286 1657 ἀμφοτέρων

263 1679 438 1761 φέρεσθαι.
470 1666 537 1737 ἀλλ’
558 1670 630 1735 ἐπεὶ
656 1670 707 1734 δεῖ
721 1667 803 1753 μήτε
818 1667 927 1731 ἵππον
947 1669 1190 1753 σιδηρύστομον
1206 1663 1287 1750 ἀχα-

263 1770 401 1836 λένωτον
425 1769 496 1846 ε’ἇν,
527 1765 585 1832 κάν
607 1792 643 1831 τε
665 1764 748 1829 κατά
770 1763 951 1848 βαράθρων
981 1771 1136 1850 φέρηται,
1168 1764 1228 1831 κάν
1253 1791 1288 1832 τε

263 1861 333 1934 άπὸ
357 1869 413 1930 τοῦ
438 1860 626 1951 δρμηματσς
649 1860 708 1948 ι’,ἷδη
733 1856 947 1947 ἀνεκρούσθη,
979 1859 1054 1928 σδτε
1083 1859 1178 1948 ἀνδρὶ
1204 1862 1289 1928 κατά

227 1965 321 2048 ιῡτῆς
343 1970 489 2038 πίστεως
510 1960 551 2026 τά
574 1956 657 2024 αύτά
680 1961 807 2043 λέγοντι
830 1970 1016 2042 συγχωρεῖν,
1052 1966 1104 2026 καὶ
1132 1958 1178 2045 μη
1202 1958 1289 2044 ντρδς

264 2055 364 2127 αύτδν
387 2061 508 2145 λέγειν,
533 2047 634 2133 αὖθις
657 2055 792 2139 ἐροῦμεν
822 2050 889 2133 ὅτι,
921 2057 950 2121 εἰ
976 2059 1036 2140 μὲν
1060 2058 1095 2123 αἱ
1118 2056 1289 2144 στερήσεις

265 2156 362 2236 δξειύν
391 2156 475 2223 εἰσιν
504 2151 711 2241 ἀφαιρέσεις,
751 2151 789 2217 τὸ
812 2151 867 2216 έπὶ
897 2157 980 2219 θεοῦ
1009 2150 1184 2238 ἀγέννητον
1215 2152 1289 2240 ἤτοι

265 2259 416 2339 στέρησίς
439 2253 527 2319 ἐστιν
551 2253 656 2330 ἕξεως,
681 2245 700 2336 ἢ
724 2251 789 2328 ἕξις
813 2249 1004 2334 στερήσεως,
1042 2254 1094 2316 καὶ
1119 2251 1234 2329 πάλιν,
1260 2252 1312 2323 εἰσ

263 2352 323 2436 μὲν
347 2356 498 2436 στέρησίς
520 2350 608 2416 ἐστιν
632 2349 738 2426 ἕξεως,
774 2350 848 2423 πῶς
877 2341 916 2412 ἀν
944 2346 982 2412 τδ
1010 2347 1054 2434 μη
1084 2348 1213 2432 προσὸν
1245 2345 1289 2428 ὡς

228 2447 391 2533 ιῡπροσὸν
414 2451 460 2533 τῷ
485 2450 555 2532 θεηῖ
579 2443 931 2530 σοναριθμηθύσεται,

352 2552 380 2612 2.
418 2547 486 2609 Καὶ
507 2538 527 2630 ἢ
549 2541 708 2619 τοιούτως
732 2536 751 2627 ἢ
767 2541 924 2620 τοιούτως
945 2540 1024 2625 περὶ
1047 2546 1130 2608 θεοῦ
1155 2567 1192 2610 σε
1216 2546 1290 2610 δια-

265 2649 431 2720 νοεῖσθαι,
456 2632 618 2719 ιδἈέτιε,
652 2643 707 2705 καὶ
731 2640 813 2718 ἕξεις
835 2639 913 2721 περὶ
935 2639 991 2704 τὸν
1015 2639 1096 2707 θεὸν
1119 2642 1289 2722 τοπάζειν,

267 2741 425 2805 ἔσταισοὶ
439 2735 528 2823 μὲνὴ
543 2737 673 2803 διάνοια
687 2743 930 2822 στερισκομένη.
949 2734 1012 2802 ὅσα
1017 2738 1078 2822 γὰρ
1089 2733 1128 2805 ἀν
1136 2739 1288 2825 ἐπαναβῇ

266 2831 420 2922 ἡκαρδία
443 2859 503 2900 σου
526 2835 611 2918 πρὸς
628 2834 708 2900 θεὸν
725 2831 969 2913 ἀποτίθεσθαι,
994 2834 1080 2920 πλὴν
1103 2837 1207 2917 μόνοιν
1233 2840 1288 2902 τοῦ

228 2932 435 3000 ιθπιστεύειν
458 2935 511 2998 καὶ
537 2930 803 3014 διτερθανμάζειν
827 2930 882 2997 καὶ
905 2932 940 3010 ἐξ
960 2930 1036 3018 ὅλης
1059 2935 1210 3012 διανοίας
1235 2938 1291 3001 δο-

268 3029 390 3110 ξάζειν,
427 3027 606 3115 έλεγχθηση
637 3027 718 3094 θεὸν
746 3031 805 3112 μὲν
832 3029 875 3115 μη
901 3029 1079 3114 δυνάμενος
1102 3033 1291 3118 συλλογίζε-

267 3133 369 3206 σθαι,
409 3126 491 3214 μητε
523 3128 580 3192 τδν
614 3123 714 3191 αύτσῦ
750 3127 834 3205 υἱὸν,
872 3126 954 3212 μήτε
986 3126 1024 3193 τδ
1058 3124 1153 3213 άγισν
1188 3126 1290 3196 αὐτοῦ

266 3229 413 3309 πνεῦμα,
444 3226 499 3291 ἵνα
527 3224 571 3312 μη
602 3220 679 3291 σεδ
703 3223 783 3301 θεὸς
807 3223 916 3310 ἐλέγξῃ
947 3228 1001 3290 καὶ
1032 3225 1177 3312 ψεύστης
1203 3234 1318 3314 γένηρ

268 3322 350 3388 κατὰ
379 3322 417 3388 τὸ
444 3328 674 3409 γεγραμμένον.
721 3321 753 3387 έν
777 3317 853 3407 ἡμῖν
881 3327 942 3407 γάρ
971 3323 1024 3388 καὶ
1054 3324 1136 3402 ἕξεις
1165 3329 1220 3392 καὶ
1251 3327 1292 3392 τά

229 3418 441 3505 ισθελήματα
470 3420 525 3486 καὶ
554 3421 588 3485 αἱ
618 3419 766 3485 διάνοιαι
795 3419 975 3504 σφαλεραὶ,
1010 3419 1124 3508 ἐπειδη
1158 3423 1294 3509 φύσεώς

269 3515 366 3599 έσμεν
388 3519 441 3581 καὶ
465 3515 580 3594 ούσίας
602 3517 765 3601 τοιαύτης.
797 3514 897 3601 φύσις
920 3519 955 3584 δέ
979 3520 1107 3602 λέγεται
1121 3519 1178 3585 καὶ
1194 3516 1295 3589 ούσέα

268 3616 362 3692 θεοῦ,
397 3617 449 3679 καὶ
473 3608 510 3679 ού
534 3611 627 3697 παρά
655 3613 693 3678 τὸ
717 3613 818 3700 φύσιν
846 3618 900 3679 καὶ
929 3613 1029 3700 φύσιν
1053 3610 1138 3701 ἡμᾶς
1161 3612 1295 3686 ἀκούειν

268 3712 322 3778 καὶ
352 3705 467 3777 σι’·σὶαν
502 3720 554 3777 καὶ
590 3705 705 3777 ούσέαν
735 3710 794 3797 χρὴ
824 3709 880 3777 τὸν
910 3706 1104 3797 ἀσύγκριτον
1134 3713 1219 3782 θεὸν
1253 3720 1294 3804 τῇ

267 3803 408 3895 ἡμετέρᾳ
431 3815 611 3894 συγκρίνειν
635 3806 744 3893 φύσει.
797 3804 902 3887 ούτως
930 3810 1069 3875 καὶέπὶ
1099 3815 1209 3879 πᾶσιν
1244 3809 1297 3894 οἷς

229 3905 325 3973 ιθέδιν
349 3906 447 3992 εἴπης
469 3905 547 3991 περὶ
570 3909 663 3985 θεοῦ,
688 3896 714 3970 ιδ
734 3900 851 3984 Ἀέτιε,
874 3901 954 3970 αύτὸ
978 3903 1054 3972 δλσν
1078 3906 1170 3975 έστὶν
1189 3905 1301 3997 ἀσύμ-

269 4004 403 4082 πλοκον,
428 3998 630 4089 ἀσύγκριτον,
654 4005 780 4070 τέλειον
804 4002 837 4068 έν
860 4002 976 4089 ἑαυτῷ,
1008 4003 1052 4089 μὴ
1076 4003 1302 4093 ε’πιδεόμενόν

269 4122 375 4178 τινος·
410 4095 653 4186 αύτσαίσθησις
685 4100 746 4186 γάρ
782 4098 853 4166 ἔστι
886 4103 939 4166 καὶ
969 4096 1198 4190 αύτοθέλημα.
1246 4109 1304 4176 διὸ

270 4191 462 4283 ἀσύγκριτον
495 4200 655 4283 μονογενῖ
689 4198 761 4265 υἱὸν
796 4191 999 4285 ἀσνγκρέτως
1026 4199 1188 4289 γεννήσας
1222 4203 1330 4279 οὕτιο
