2867 5084
599 959 678 1012 m
699 961 878 1014 Ακιικαοι.
1183 953 1246 1019 24⁷

226 1109 396 1192 πνεύματι
418 1107 518 1196 ἁγίῳ·
541 1110 602 1177 “τὰ
626 1111 803 1192 σύμπαντα
816 1113 1008 1201 ματαιότης,
1031 1117 1100 1193 πᾶς
1113 1113 1250 1201 ἀνθρώ·

226 1232 296 1286 πος
320 1210 408 1289 ξεῖν’.
441 1205 598 1275 ἀλλὰκαὶ
623 1212 766 1295 καθεξῆς
788 1210 871 1290 μετὰ
892 1215 1009 1278 τοῦτον
1025 1207 1043 1277 5
1059 1207 1249 1290 ἀπόστολός

227 1329 333 1391 φησιν
357 1301 458 1391 ’ἀνὴρ
482 1301 540 1371 οὐκ
563 1301 691 1390 ὀφείλει
712 1310 833 1390 κομᾶν,
868 1307 963 1375 εἰκών
983 1310 1038 1375 καί
1061 1308 1141 1389 δόξα
1162 1312 1247 1377 θεοῦ

226 1397 414 1485 ὑπάρχων”.
457 1397 541 1468 ἀλλὰ
563 1407 616 1468 καλ
638 1400 723 1485 μετά
744 1406 862 1469 τοῦτον
880 1399 1030 1489 Ἰάκωβος
1052 1406 1173 1492 φάσκει
1194 1408 1248 1474 λέ·

226 1524 296 1583 γων
325 1502 402 1582 περὶ
425 1503 483 1586 τῆς
503 1500 654 1585 γλώσσης
676 1496 729 1565 ὅτι
753 1495 992 1584 ’ἀκατάσχετον
1014 1503 1121 1581 κακὸν,
1144 1504 1271 1591 μεστὴο

181 1608 222 1659 315
230 1595 283 1661 ἰσῡ
307 1596 546 1681 θανατηφόρου
570 1596 603 1663 ἰν
626 1591 707 1684 αἰτῇ
732 1593 926 1682 εὐλογοῦμεν
941 1599 1096 1665 τὸνθεόν
1111 1602 1164 1665 καὶ
1180 1625 1248 1666 πα-

226 1698 325 1775 τέρα,
349 1695 402 1758 καὶ
426 1693 459 1760 ἰν
482 1689 562 1780 αὐτῇ
585 1694 809 1778 καταρώμεθα
831 1695 908 1773 τοὺς
930 1693 1148 1780 ἀνθρώπους,
1170 1696 1248 1776 τοὺς

227 1785 298 1855 κατ’
325 1788 434 1857 εἰκόνα
455 1794 539 1857 θεοῦ
560 1792 744 1875 γεγονότας,
775 1787 813 1858 οὗ
834 1791 894 1878 χρὴ
916 1795 1021 1858 ταῦτα
1043 1790 1148 1872 οὕτως
1162 1801 1248 1879 γίνε-

226 1895 326 1964 σθαι,
351 1881 492 1974 ἀδελφοί
512 1891 604 1970 μου”.
635 1891 687 1955 καί
712 1885 774 1971 ὅρα
796 1884 850 1955 ὅτι
868 1889 1020 1968 ἐξέπεσεν
1037 1885 1055 1955 5
1071 1889 1166 1975 λόγος
1180 1894 1248 1958 τῶν

226 1980 392 2066 λεγόντων
413 1984 471 2051 τὸν
490 1983 596 2068 Ἀὸάμ
620 1980 747 2051 τὸκατ’
774 1985 882 2052 εἰκόνα
905 1983 1160 2054 ἀπολωλεκέναι.
1259 2001 1288 2053 1⁰

316 2087 345 2146 4.
387 2085 460 2147 Τῶν
490 2084 525 2149 δὲ
553 2082 656 2148 πόλιν
686 2081 847 2166 λεγόντων
874 2084 932 2170 τὴν
961 2083 1067 2168 ψυχὴν
1096 2079 1181 2150 εἰναι
1208 2084 1247 2153 τὸ

227 2171 298 2243 κατ’
317 2176 426 2244 εἰκόνα
450 2175 468 2242 5
490 2179 588 2263 λόγος
610 2178 682 2245 ἐστὶ
702 2178 837 2247 τοιόσδε
858 2182 911 2246 καὶ
934 2176 954 2265 ἡ
977 2175 1152 2265 ἀπολογία.
1184 2177 1246 2260 ὅτι,

227 2273 343 2362 φνγσίν,
368 2274 457 2342 ἔστιν
480 2271 621 2358 ἀόρατος
644 2273 688 2354 ώς
711 2272 729 2341 5
751 2275 834 2353 θεός
855 2276 945 2343 ἐστιν
967 2271 1124 2360 ἀόρατος,
1159 2276 1247 2362 ἰνερ·

227 2370 343 2458 γιγτική
375 2370 454 2450 ἔστι,
484 2373 627 2459 κινητική
652 2374 732 2451 ἔστι,
762 2372 951 2458 διανοητική
975 2372 1055 2452 ε’στι,
1079 2373 1245 2461 λογιστική

201 2469 311 2548 Βέστι,
335 2473 389 2535 καὶ
412 2469 530 2536 τούτου
553 2472 645 2537 ἕνεκα
667 2465 747 2556 αότή
765 2470 835 2536 ἰστι
850 2469 889 2534 τὸ
904 2464 971 2535 κατ’
989 2471 1108 2549 εἰκόνα,
1131 2470 1246 2558 ἐπειδὴ
1260 2485 1287 2535 15

225 2568 312 2633 θεὸν
334 2566 391 2633 ἐπὶ
412 2571 471 2654 γῆς
491 2578 651 2650 μιμεῖται,
675 2566 812 2634 κινοῦσα
833 2592 869 2633 τε
890 2571 943 2634 καί
967 2568 1169 2653 πράττουσα,
1192 2571 1246 2635 καί

226 2663 335 2730 τάλλα
369 2669 516 2731 ποιοῦσα
550 2661 677 2749 ὅσαπερ
710 2664 794 2730 κατὰ
821 2665 859 2729 τὸ
889 2664 1074 2750 λογιστικὸν
1107 2663 1248 2749 πράττει

227 2756 249 2827 5
272 2759 465 2845 ἅνθρωπος.
497 2757 703 2845 εὑρίσκονται
726 2764 761 2828 δέ
784 2764 836 2828 καλ
861 2751 953 2828 οὗτοι
969 2761 1246 2846 συλλογιζόμενοι.

226 2857 368 2945 καὶγὰρ
391 2858 420 2926 εἰ
442 2858 499 2925 διὰ
520 2863 623 2925 ταῦτα
646 2860 795 2926 καλεῖται
815 2853 883 2925 κατ’
909 2858 1018 2926 εἰκόνα
1040 2856 1144 2945 ψυχή,
1172 2854 1247 2926 οὐκ·

227 2961 281 3023 ἐτι
304 2955 442 3022 δύναται
464 2951 550 3023 ελναι
571 2951 638 3022 κατ’
656 2955 774 3022 εἰκόνα.
807 2952 825 3019 5
846 2955 907 3042 γὰρ
923 2956 1006 3034 θεὸς
1021 2955 1172 3023 ἐπέκεινα
1186 2970 1288 3040 peu-2⁰

227 3052 492 3138 ριονταπλάσιον
519 3052 612 3136 παρὰ
633 3051 691 3139 τήν
714 3053 839 3139 ψυχὴν,
868 3056 921 3119 καλ
944 3054 994 3119 ἔτι
1015 3051 1247 3138 περιττότερόν

229 3151 324 3218 ἐστιν
344 3146 576 3237 ἀκατάληπτος
603 3154 658 3216 καὶ
686 3145 920 3233 ἀπερινόητος,
955 3149 1065 3215 πάντα
1089 3147 1185 3226 εἰδώς
1206 3150 1248 3214 τὰ

227 3246 380 3332 προόντα
401 3251 455 3314 καί
479 3247 520 3313 τὰ
543 3248 694 3332 παρόντα
716 3249 770 3312 καί
795 3242 953 3330 ὁρώμενα,
976 3248 1031 3311 καὶ
1046 3243 1088 3310 τὰ
1102 3243 1146 3330 μὴ
1164 3240 1247 3329 όρώ·

227 3372 330 3430 μενα,
352 3350 482 3429 πέρατα
503 3348 561 3430 γῆς
582 3347 637 3411 καὶ
659 3349 836 3426 πυθμένας
857 3339 1018 3426 ἀβύσσου,
1043 3339 1126 3426 ἀκρα
1148 3335 1248 3427 οὖρα-

201 3447 313 3521 ὓνῶν,
341 3441 398 3508 καὶ
425 3441 536 3509 πάντα
563 3443 606 3507 τὰ
632 3438 728 3520 ὄντα,
761 3435 860 3518 αότὸς
881 3445 1041 3524 περιέχων
1063 3438 1105 3505 τὰ
1127 3438 1287 3519 minam

227 3535 285 3609 ἀπ’
312 3533 446 3618 σόόενὸς
474 3542 510 3606 δὲ
540 3539 782 3623 περιεχόμενος.
827 3533 845 3624 ἡ
876 3538 911 3604 δὲ
940 3535 1027 3623 ψυχὴ
1061 3543 1248 3622 περιέχεται

225 3639 290 3722 μὲν
313 3636 347 3703 ἰν
369 3635 509 3720 σώματι,
533 3632 645 3722 ἀγνοεῖ
667 3637 703 3703 δὲ
726 3631 871 3717 ἀβύσσου
890 3633 966 3712 τοὺς
981 3640 1166 3718 πυθμένας,
1191 3629 1249 3701 οόκ

226 3733 412 3803 ἰπίσταται
440 3733 480 3800 τό
508 3723 602 3817 εὖρος
629 3737 687 3819 τῆς
708 3737 782 3819 γῆς,
811 3738 957 3816 τέρματα
978 3734 1036 3817 τῆς
1059 3731 1249 3815 οἰκουμένης

224 3826 353 3918 ἀγνοεῖ,
374 3830 461 3915 ἀκρα
483 3825 631 3915 οὐρανῶν
654 3825 692 3896 οὗ
714 3831 906 3916 κατείληφε,
929 3828 1022 3895 πόσα
1043 3829 1156 3910 μέλλει
1178 3828 1246 3893 ἕσι-

224 3935 334 4007 σθαι,
363 3921 384 4014 ἢ
412 3928 498 3996 πότε
519 3935 658 4013 γίνεται,
688 3925 780 3993 πόσα
801 3952 838 3993 τε
859 3926 927 4011 πρὸ
949 3919 1050 4011 αότῆς
1071 3929 1290 4010 γεγένηται.3λ

224 4029 285 4095 καλ
311 4026 424 4092 πολλά
452 4024 523 4093 ἐστι
551 4027 628 4108 περὶ
658 4019 759 4110 αὐτῆς
786 4025 839 4089 καὶ
862 4020 1111 4088 τῶντοιούτων
1133 4021 1248 4105 λέγειν.

223 4121 300 4209 ἅμα
329 4125 367 4191 δὲ
392 4126 446 4190 καὶ
474 4120 656 4205 μερισμους
684 4123 764 4204 λ’γει,
794 4118 876 4197 θεὸς
905 4120 941 4185 θλ
969 4112 1146 4200 ἀμέριστός
1168 4116 1249 4183 έστι.

222 4225 313 4311 φησί
341 4218 405 4307 γὰρ
432 4214 451 4287 5
479 4216 670 4298 ἀπόστολος
707 4218 791 4299 “ζῶν
819 4216 880 4303 γὰρ
910 4210 928 4281 5
957 4212 1054 4300 λόγος
1085 4216 1143 4281 τοῦ
1167 4215 1250 4282 θεοῦ

1238 4384 1362 4576 Ι
