2867 5084
223 933 296 994 ἐἰσ
459 940 661 1007 mmm
679 942 776 992 xm
794 942 980 992 ιινσῑεαυ
996 943 1028 992 ιι.

232 1095 325 1179 παρὰ
346 1097 405 1161 τοῦ
427 1091 555 1178 πατρός
576 1115 650 1176 μου.
690 1092 730 1158 τό
753 1093 789 1160 δὲ
809 1093 936 1159 τέλειον
958 1086 1012 1157 ὅτι
1034 1088 1119 1176 “byth
1143 1088 1213 1174 ελμι
1232 1083 1280 1175 ἤο

233 1193 328 1280 ζωῆ”.
360 1194 414 1258 καὶ
437 1191 487 1257 ἔτι
508 1187 739 1274 ὑπερβήσομαι
762 1188 809 1268 είς
830 1190 872 1255 τά
895 1190 999 1275 ἕτερα.

317 1297 368 1356 59.
400 1286 491 1354 Φασὶ
515 1288 560 1365 δὲ,
583 1290 657 1365 πῶς
679 1288 788 1372 λέγετε
808 1282 908 1353 αὐτὸν
928 1286 963 1352 ἐκ
978 1288 1036 1372 τῆς
1050 1285 1182 1363 τελείας
1195 1285 1253 1348 τοῦ

234 1389 317 1453 θεοῦ
339 1386 519 1472 θεότητος,·
549 1383 621 1450 ι’δσὺ
642 1383 704 1470 γὰρ
727 1386 814 1468 λέγει
835 1386 912 1469 περὶ
937 1380 1037 1449 αι’-τοῦ
1061 1376 1079 1447 ὅ
1103 1376 1254 1448 ἀπόστο-

210 1485 290 1561 σλος
313 1479 365 1549 ότι
388 1478 427 1547 “ό
449 1482 531 1560 θεὸς
552 1479 680 1567 ἤγειρεν
703 1476 803 1546 αὐτὸν
826 1479 860 1546 ἐκ
882 1483 1031 1565 νεκρῶν”.
1077 1473 1156 1545 όδὲ
1179 1477 1254 1544 ἔπι-

234 1581 366 1667 δεηθελς
393 1586 555 1666 βοηθείας
582 1581 641 1643 τοῦ
671 1581 755 1644 θεοῦ
783 1579 842 1643 τοῦ
872 1578 995 1662 ἐγείραι
1022 1568 1122 1642 αῦτόν
1146 1574 1180 1642 λιι
1203 1599 1254 1643 νε·

233 1683 317 1761 κριῦν
348 1675 412 1760 ἀρα
441 1675 551 1760 ἕτερός
573 1675 678 1753 ἐστιν,
703 1669 721 1739 ὃ
744 1673 876 1758 ἐγείρων
897 1677 937 1761 τῇ
960 1672 1112 1758 δυνάμει,
1144 1672 1254 1759 ἕτερος

233 1776 270 1840 δὲ
292 1770 509 1858 ῦιτσβεβηκιῦς
531 1767 548 1838 ό
571 1771 776 1857 ἐγειρόμενος
798 1771 854 1837 διά
876 1775 934 1855 τῆς
955 1774 1013 1837 τοῦ
1037 1771 1180 1837 δυνατοῦ
1198 1771 1254 1836 δυ-

235 1869 371 1954 νάμεως.
416 1873 469 1934 καλ
500 1869 562 1947 ἐ’ως
589 1869 674 1936 πότε
694 1874 935 1953 κατατρίβομαι
958 1870 1035 1952 περὶ
1057 1866 1100 1933 τά
1122 1865 1252 1954 ληρώδη

197 1989 225 2038 1ο
236 1966 381 2054 νσῆματα
408 1970 475 2031 τιῦν
502 1969 609 2044 κακῶς
630 1965 915 2051 παρατριψάντων
938 1965 1064 2032 ἑαυτῶν
1085 1963 1125 2029 τὸ
1147 1969 1254 2049 μέσον·

234 2089 318 2146 πον,·
340 2069 390 2141 τίς
413 2053 469 2129 σῦν
491 2062 600 2149 ἤγειρε
621 2063 678 2128 τὸν
700 2063 878 2148 Λάζαρσν;
901 2068 951 2141 τίς
973 2060 1083 2148 ἤγειρε
1102 2060 1163 2127 τόν
1182 2061 1293 2131 vibras

233 2165 291 2248 τῆς
317 2161 417 2248 χῆρας
444 2163 502 2245 τῆς
525 2159 559 2226 δν
580 2163 686 2242 Ναίν,·
715 2167 767 2238 τίς
789 2155 863 2226 εἷπε
884 2164 924 2245 τῇ
947 2160 1090 2245 θυγατρὶ
1112 2160 1173 2225 τοῦ
1196 2153 1254 2242 ἀρ-

232 2257 455 2344 χισυναγώγου
487 2257 613 2340 “noim
641 2257 802 2336 ταλιθό,”
830 2263 1000 2323 τουτέστιν
1034 2250 1207 2343 ἀνάστηθι
1234 2248 1252 2339 ἤ

234 2367 334 2439 παῖς,
364 2362 453 2433 τίνος
482 2353 521 2419 τό
551 2352 656 2439 ὄνομα
684 2354 905 2422 ἐπεκαλοῦντο
934 2353 966 2419 σί
990 2349 1180 2420 ἀπόστολοι
1201 2354 1253 2419 καλ

197 2454 266 2523 15οί
289 2454 394 2535 νεκροὶ
417 2446 604 2538 ἤγείρσντσ,·
632 2452 804 2536 νομίζουσι
826 2452 878 2529 δὲ,
910 2448 1026 2538 ἐπειδὴ
1049 2450 1083 2516 ολ
1104 2444 1255 2517 άπόστσ·

234 2553 288 2617 λσι
306 2547 477 2626 Ἰουδαίοις
504 2548 823 2634 προσδιαλεγόμενσι
852 2548 909 2614 διά
936 2547 975 2614 τὸ
999 2547 1145 2631 νομίζειν
1168 2542 1254 2615 ἀπο·

234 2651 375 2712 στασιάν
397 2647 571 2731 κηρύσσειν
593 2645 671 2724 τοῦς
693 2640 905 2724 ἀποστόλους
926 2640 996 2712 ἀπὸ
1019 2646 1078 2711 τσῦ
1094 2647 1181 2712 θεοῦ
1197 2644 1253 2709 τοῦ

234 2742 353 2827 νόμου,
382 2747 436 2808 καλ
466 2740 522 2808 διά
552 2742 591 2808 τὸ
617 2742 703 2827 πρὸς
725 2740 763 2808 τὸ
785 2743 932 2828 γνωστόν
953 2746 1013 2808 τοῦ
1036 2736 1134 2827 άγίσυ
1157 2737 1254 2808 πνεό-

236 2865 349 2924 μυτσς,
373 2842 432 2904 τσῦ
453 2839 672 2924 γινώσκοντος
698 2837 751 2907 ὅτι
781 2839 923 2927 ἤμελλον
946 2840 1090 2924 αἱρέσεις
1112 2833 1254 2928 ἀφηνιά-

196 2937 302 3017 κιιζειν
324 2934 380 3001 τόν
395 2935 543 3020 Χριστὸν
567 2932 636 3003 ἀπὸ
658 2941 716 3003 τοῦ
733 2939 892 3023 πατρῴου
909 2938 1114 3023 θελήματος·
1138 2935 1252 3003 τούτου

235 3035 328 3102 ἕνεκα
355 3033 402 3111 εἷς
429 3033 487 3118 τὴν
509 3039 589 3118 μίαν
610 3033 758 3120 θεότητα
779 3034 821 3101 τὰ
843 3034 954 3100 πάντα
976 3031 1201 3121 ἀναφέροντες
1220 3028 1271 3097 ολδ

234 3127 328 3200 αἷτσὶ
358 3126 560 3210 ἀπόστολοι,
593 3126 644 3196 ὅτι
674 3125 806 3218 εῦδοκίᾳ
833 3130 926 3216 παρὰ
954 3131 1083 3216 πατρὸς
1104 3130 1250 3216 ἐγίνοντο

234 3229 276 3296 τά
304 3229 415 3296 πάντα
442 3228 598 3315 βουλήσει
625 3231 683 3293 τοῦ
716 3228 806 3308 υἱοῦ,
840 3229 1033 3315 συνευδσκίᾳ
1066 3229 1251 3312 πνεύματος

236 3322 345 3410 άγίσυ,
376 3325 420 3410 μὴ
443 3323 508 3410 ἀρα
530 3325 612 3392 κατά
634 3324 830 3404 ἐλάττωσιν,
860 3320 986 3411 ἤκατά
1007 3321 1205 3405 ἀσθένειαν,
1232 3315 1251 3410 ἢ

196 3439 225 3490 25
236 3416 454 3506 ἀλλοτρίωσιν
476 3424 535 3507 τῆς
556 3426 615 3488 τοῦ
638 3425 722 3490 θεοῦ
745 3423 844 3507 λόγου
867 3423 961 3508 παρὰ
975 3423 1035 3509 τῆν
1050 3427 1110 3488 τοῦ
1126 3419 1251 3507 πατρὸς

236 3513 354 3585 οῦσίαν
375 3521 474 3584 τοῦτο
490 3519 627 3604 εἴρηται.
657 3519 712 3587 καὶ
729 3514 917 3602 οῦχσῦτως.
951 3516 1149 3605 όραγάρτά
1163 3545 1252 3606 πρω-

235 3615 380 3694 τότυπα,
408 3618 483 3694 πιῦς
513 3616 674 3701 διηγεῖται
703 3613 722 3681 ὁ
751 3614 885 3702 ἀγγελσς
914 3617 1051 3703 φάσκων
1079 3627 1157 3696 ταῖς
1179 3616 1252 3700 περὶ

236 3719 375 3797 Μαρίαν
404 3719 464 3779 “τί
495 3712 619 3799 ζητεῖτε
650 3713 707 3779 τὸν
743 3714 849 3794 ζῶντα
880 3715 964 3799 μετὰ
996 3717 1062 3780 τιῦν
1096 3714 1253 3799 νεκρῶν,·”

235 3807 325 3899 ὁρᾷς,
349 3805 368 3875 ό
390 3809 454 3891 ζιῦν
476 3807 510 3876 ἒν
533 3809 602 3897 ἰδίᾳ
624 3810 762 3898 θεότητι
783 3813 837 3877 καί
860 3813 957 3896 σαρκὶ
980 3809 1109 3897 ἀνέστη.
1138 3806 1198 3879 οῦκ
1218 3799 1254 3896 ἤν

196 3910 272 3980 ευδί
299 3907 382 3992 μετὰ
409 3909 476 3973 τῶν
505 3912 633 3991 νεκρῶν.
678 3911 731 3974 καί
762 3914 796 3974 τί
823 3932 925 3995 φησιν
957 3903 1075 3987 αάταῑς
1104 3903 1255 3993 “ἀνέσεη,

237 4001 293 4072 σῦκ
317 4006 406 4073 ἔστιν
429 3993 528 4086 ὧδε,·”
556 4007 609 4070 καὶ
632 3999 690 4071 σῦκ
712 3999 821 4084 εἶπεν,
849 4003 976 4092 ἤγειρεν
997 3999 1098 4072 αῦτὸν
1121 4002 1141 4073 ό
1165 4005 1280 4086 &edm

238 4106 289 4168 καί
320 4096 377 4168 οῦκ
405 4102 495 4169 ἔστιν
517 4089 599 4183 ὦδες
629 4096 697 4169 ἀλλ’
723 4102 778 4169 ἵνα
801 4104 935 4183 δείξωσι
956 4102 994 4167 τὸ
1018 4103 1178 4186 δυνατὸν,
1208 4100 1260 4173 ότι

239 4200 290 4262 καί
321 4198 383 4276 ζιῦν
410 4194 539 4286 ἀνέστη.
584 4204 637 4266 καὶ
661 4195 761 4277 αότὸς
783 4200 886 4267 πάλιν
909 4199 996 4286 ἔλεγε
1018 4199 1086 4288 πρὸ
1108 4205 1172 4270 τοῦ
1194 4228 1261 4271 πα·
