2867 5084
197 997 240 1061 28
312 1042 315 1048 .
425 1007 630 1059 ευιιιαιαν
645 1008 943 1059 mmmmm
961 1013 989 1058 ιι,

196 1162 276 1228 ναῦν
305 1158 584 1243 διαπορθμεύειν,
598 1158 644 1237 είς
671 1161 730 1226 τὸν
757 1163 815 1245 τής
844 1160 927 1250 ζῳῆς
949 1159 1054 1226 αἰῶνα
1074 1161 1129 1224 καὶ
1150 1183 1217 1241 μα-

196 1258 305 1341 κάρων
325 1259 441 1341 χῶραν.
472 1258 525 1322 καὶ
548 1251 652 1334 οὕτως
673 1255 733 1335 τὰς
757 1255 863 1340 ψυχὰς
885 1259 941 1322 διὰ
962 1260 1020 1322 τοῦ
1042 1252 1138 1341 ήλίου
1160 1257 1216 1320 καὶ

196 1357 254 1442 τῆς
283 1352 419 1442 σελήνης
441 1353 776 1436 διαπορθμευθείσας
798 1354 854 1420 ἐπὶ
876 1358 942 1420 τῶν
965 1354 998 1420 ἐν
1020 1351 1141 1438 γνώσει
1162 1352 1218 1417 λδ-

196 1476 247 1537 yet
269 1453 327 1540 τῆς
349 1446 456 1518 αὐτῶν
478 1452 709 1536 χυδαιολογίας
729 1450 851 1530 ταύτας
868 1458 1100 1534 καθαρθείσας
1113 1474 1218 1515 κατα-

173 1550 335 1630 αξιοῦθαι
362 1551 421 1636 τής
450 1547 762 1631 διαπυρθμεύσεως,
792 1549 911 1635 ταύτης
943 1551 1000 1633 τῆς
1022 1543 1099 1632 παρ’
1125 1545 1218 1630 αὑτῶ

196 1650 415 1731 μυθοποιίας.
461 1646 621 1712 πάλινδὲ
647 1645 752 1730 ψυχὴν
775 1642 881 1711 οὐκέτι
904 1645 959 1711 οῶ
955 1647 1088 1725 ξεαθαι,
1117 1644 1148 1710 εἰ
1171 1644 1216 1729 μή

196 1769 230 1811 τι
252 1737 293 1812 ἀν
314 1747 372 1831 τῆς
375 1741 542 1860 ’γνώσεως
563 1746 621 1826 τής
643 1739 741 1828 αὐτῆς
762 1744 928 1825 μετάσχοι.
958 1745 1012 1809 καλ
1035 1741 1143 1827 πολλή
1164 1747 1219 1818 τίς

197 1837 325 1908 ἔστιν’
309 1868 329 1927 η
351 1843 415 1925 τῆς
431 1838 598 1925 ποιήσειας
619 1839 739 1956 ταύτης
760 1842 935 1924 τραγιιδία.

287 1945 335 2004 10.
361 1930 415 2015 Ὡς
438 1936 472 2002 δὲ
494 1938 597 2001 ταῦτα
619 1926 658 2022 ήν
680 1933 800 2016 οὕτως,
823 1940 876 2003 καὶ
899 1937 933 2003 ἐν
953 1935 1141 2029 καταλήψει
1161 1948 1266 2020 με-αἳῖ

161 2030 373 2119 ιογίνηταιε
356 2016 425 2100 υπά
452 2036 510 2098 τοῦ
530 2027 765 2116 Ἀρχελάου’
736 2059 835 2111 ειςιι
832 2063 861 2120 ν
883 2029 1056 2121 αντιβολην
1078 2036 1138 2099 τοῦ
1162 2033 1219 2120 ζη-

197 2128 350 2213 τήματος,
374 2126 625 2214 ἑτοιμότατοςς
610 2129 774 2213 υπάρχων,
799 2130 908 2196 διά
875 2156 933 2217 την
947 2132 1036 2216 πρὸς
1051 2129 1134 2196 θεὸν
1151 2155 1220 2196 πο-

197 2228 391 2296 λυποίκιλον
411 2231 533 2314 γνῶσιν
554 2229 612 2293 τοῦ
636 2222 769 2310 ἀνδρὸς,
799 2232 854 2294 καί
876 2225 958 2294 δι’“
939 2254 979 2314 ην
1001 2233 1220 2314 προεντεθεί-

197 2349 286 2393 κειτα
309 2325 402 2412 παρὰ
423 2329 482 2392 τοῦ
502 2323 675 2409 Τύρβωνας
690 2320 833 2409 ἀκριβῶς
847 2325 1049 2412 μεμαθηκὼς
1062 2329 1126 2412 τής
1122 2327 1218 2408 περὶ

198 2422 255 2489 τὸν
277 2421 381 2507 ἀνδρα
402 2429 553 2510 γοητείας
574 2421 616 2488 τά
637 2421 763 2543 πάντα,
795 2420 906 2489 t'dov‘
890 2448 907 2488 ο
930 2422 1051 2506 Μάνης
1073 2428 1216 2507 παρεγί-

162 2534 271 2588 ιονετα
298 2517 375 2604 μεθ’
400 2511 446 2586 ῶν
469 2514 533 2601 εἶχε
554 2515 629 2602 μεθ’
655 2520 772 2585 ἑαυτοῦ
796 2516 933 2604 ἀνδρῶν.
977 2520 1014 2599 ἐξ
1034 2516 1135 2606 αάτης
1157 2523 1217 2585 οὖν

198 2620 250 2682 καλ
275 2613 375 2694 εὐθὺς
396 2621 617 2698 παρέρχονται
639 2615 686 2692 είς
703 2638 748 2680 συ
751 2615 881 2702 ζήτησιν
904 2619 1055 2704 δημοσίᾳ,
1078 2617 1112 2682 ἐν
1097 2612 1215 2703 ναάυῇ

198 2737 237 2798 τη
262 2711 434 2797 Κασχάρη,
469 2711 631 2793 πρότερον
659 2711 706 2787 είς
732 2711 791 2798 τήν
819 2709 925 2778 αὐτῶν
953 2709 1128 2801 ἀντιβαλήν
1156 2719 1217 2780 τοῦ

200 2807 380 2895 ζητήματος
407 2798 622 2899 αἱρησόμενοι
651 2802 734 2891 ὁμοῦ
764 2809 890 2892 κριτὰς,
923 2810 1111 2895 Μάρσιπόν
1141 2837 1218 2877 τινα

200 2900 339 2989 ὀνόματι
366 2909 419 2970 καὶ
449 2903 615 2969 Κλαύδιον
643 2906 696 2969 καί
719 2906 885 3019 Λίγιαλέα
913 2913 966 2975 καὶ
996 2907 1243 2992 Κλεόβουλον,ο

199 3097 330 3188 ιμιστήν,
352 3097 410 3165 τὸν
433 3099 469 3164 δὲ
492 3096 591 3184 φύσει
611 3100 850 3184 γραμματικὸν,
877 3102 1010 3167 καὶτὸν
1034 3101 1135 3170 ἀλλον
1157 3127 1217 3169 σο-

200 3196 331 3284 (μεστήν.
375 3201 429 3263 καλ
458 3196 592 3261 πολλῶν
621 3195 773 3282 ῥημάτων
799 3198 975 3284 εἰρημένων
997 3201 1033 3279 ἐξ
1053 3199 1216 3285 ἑκατέρων

199 3297 265 3361 τῶν
285 3297 404 3380 μερῶν,
427 3296 486 3359 τοῦ
508 3319 543 3360 τε
558 3295 659 3379 Μάνη
676 3294 719 3360 τὰ
733 3298 791 3380 τῆς
805 3295 985 3378 μυθώδους
1000 3298 1217 3377 διδασκαλίας

200 3392 471 3477 προβαλλομένου
496 3394 549 3457 καὶ
571 3395 630 3456 τοῦ
650 3388 826 3475 Ἀρχελάου
848 3387 961 3477 ῶσπερ
983 3389 1217 3478 ἀριστεύοντας

161 3486 358 3569 ιιιλιλίτου,
388 3488 443 3555 καὶ
469 3491 509 3575 τή
539 3488 609 3576 ίδίᾳ
630 3482 729 3555 αὐτοῦ
753 3487 888 3570 δυνάμει
909 3495 1153 3575 καθαιροῦντος
1174 3493 1218 3558 τά

198 3589 276 3675 βέλη
299 3591 366 3653 τῶν
388 3583 428 3653 δι’
454 3586 610 3666 ἐναντίας,
633 3585 673 3653 τὸ
695 3590 817 3698 πέρας·
820 3589 858 3650 τὸ
879 3612 977 3672 ηττον
992 3584 1217 3674 ἀπενεγκαμέ

200 3710 257 3752 νοι
279 3688 337 3750 τοῦ
362 3683 473 3770 Μάνη,
496 3711 550 3751 και
571 3684 763 3800 κρινάντων
771 3684 837 3747 τῶν
858 3688 976 3768 κριτῶν
999 3685 1037 3749 τὸ
1057 3693 1216 3771 βραβεῖον

199 3779 285 3853 εἶναι
307 3809 345 3869 τη
369 3777 566 3868 ἀληθείῃ(
557 3782 639 3866 ότερ
665 3804 723 3846 αικ
744 3769 782 3866 ήν
803 3784 937 3864 θαῦμα,
966 3778 1215 3851 αάτοαυαιάταυ

200 3905 366 3967 ουοηςη
327 3883 385 3962 τής
413 3875 572 3964 ἀληθείας
599 3878 654 3945 καὶ
681 3876 725 3962 μή
755 3877 933 3964 δυναμένης
956 3888 1242 3963 καθαιρεῖσθααῦ

161 3976 257 4047 ὓκάν
280 4003 316 4043 τε
338 3971 555 4058 ἀντιπράττοι
577 4004 593 4062 η
583 3973 739 4058 (ἀνομία
760 3968 970 4063 ἀναισχυντίᾳ
986 3985 1150 4066 φερομένη
1167 3985 1214 4065 τῷ

199 4078 256 4161 τής
279 4071 440 4161 ἀληθείας
462 4071 581 4157 δεσμῷ,
604 4075 662 4140 τοῦ
687 4068 830 4155 ψεύδους
850 4073 894 4159 μή
917 4074 1046 4156 ἔχοντος
1065 4071 1216 4142 ὑπόστα-

200 4193 254 4240 σιν
280 4173 363 4258 μηδὲ
390 4168 505 4255 βάσιν,
535 4164 579 4247 ῶς
604 4167 660 4235 καὶ
687 4163 707 4254 s}
731 4166 886 4234 σκιάτοῦ
909 4171 1053 4250 σκότους,
1075 4173 1215 4241 καὶτοῦ
