2867 5084
569 952 690 1004 ινιννι.
708 954 900 1004 Ανοιιοιοι.
1174 945 1245 1024 ¹11²5

219 1103 453 1191 συλλογιστικη
486 1110 602 1182 πίστις
635 1103 688 1170 καὶ
721 1104 816 1182 ἐλπίς
849 1108 900 1172 καὶ
936 1101 1047 1192 ἀγάπη
1084 1107 1167 1174 κατά
1205 1107 1246 1174 τὸ

219 1208 452 1289 γεγραμμένον.

306 1299 366 1384 κδ.
404 1300 446 1365 Εἰ
468 1301 564 1365 πάσα
586 1295 684 1365 οόσία
707 1299 796 1365 έστὶν
820 1295 1003 1384 ἀγέννητος,
1036 1300 1092 1365 σία
1121 1296 1244 1385 ηθεσῦ

221 1396 498 1480 παντοκράτορος,
523 1399 597 1474 πῶς
619 1391 658 1461 ἀν
681 1396 739 1483 την
761 1398 821 1478 μὲν
844 1396 1001 1482 παθητὴν
1018 1397 1086 1479 ε’ρεῖ
1100 1423 1160 1475 τις,
1184 1398 1245 1484 την

198 1496 256 1561 εδὲ
291 1490 433 1577 ἀπαθῆ,·
473 1494 502 1561 εἰ
531 1495 565 1559 δὲ
596 1494 728 1579 φάσεως
757 1489 988 1579 ἀποκληρώσει
1017 1489 1191 1579 ἀγεννητου
1224 1492 1270 1580 ἥδ

222 1595 279 1675 μὲν
304 1594 452 1674 διαμένει
475 1589 664 1675 ποσότητος
691 1593 744 1656 καὶ
768 1590 948 1676 ποιότητος
976 1594 1028 1656 καὶ
1059 1587 1175 1668 ἀπλιῦς
1198 1591 1245 1658 εἰ·

224 1701 299 1757 πεῖν
333 1687 444 1775 πάσης
476 1681 661 1774 μεταβολῆς
691 1683 848 1771 ἀμείνων,
885 1685 902 1775 ἡ
932 1690 966 1754 δὲ
990 1691 1115 1754 παθιῦν
1143 1685 1246 1755 όπεό·
1280 1698 1282 1703 ’

223 1787 327 1864 θυνός
355 1786 441 1865 ἔστι,
480 1792 733 1871 συγχωρηθεῖσα
764 1785 820 1852 διά
848 1786 886 1850 τὸ
916 1782 1171 1869 ἀπαράλλακτον
1199 1785 1246 1864 είς

226 1881 339 1951 οόσίαν
375 1885 458 1966 ἐ’χειν
490 1887 537 1968 τῷ
573 1878 748 1968 αὐτομάτην
783 1882 965 1966 ἐπιτρέψαι
993 1883 1050 1948 τὸν
1083 1884 1246 1970 φιλοῦντα

225 1980 304 2048 κατὰ
325 1979 369 2046 τά
390 1987 627 2066 προειρημένα,
661 1974 682 2064 ἢ
710 1979 749 2043 τὸ
777 1985 853 2063 γοῦν
884 1977 1071 2046 ἀκόλουθον
1099 1979 1156 2064 τὴν
1184 1983 1244 2063 μὲν
1256 1997 1282 2047 ίί]

226 2081 389 2144 ποιοῦσαν
412 2074 584 2162 ἀγέννητον
608 2077 731 2155 εἰπεῖν,
766 2077 917 2167 γεννητὴν
942 2079 977 2143 δὲ
999 2078 1057 2164 τὴν
1079 2080 1245 2163 μεταβαλ-

228 2175 371 2260 λομένην.

174 2289 221 2337 )
303 2267 505 2357 Ἀνατροπή.
552 2281 578 2337 1.
615 2269 660 2337 Οὐ
691 2275 805 2337 πᾶσαν
842 2267 958 2337 οὐσίαν
992 2267 1076 2338 εἶναι
1109 2273 1244 2357 λέγομεν

229 2363 406 2454 ἀγέννητον,
430 2365 506 2435 οῦδὲ
529 2373 642 2435 πᾶσαν
665 2368 699 2435 ἐκ
721 2373 804 2435 θεοῦ
827 2368 989 2455 γεννητὴν,
1019 2364 1070 2435 ότι
1095 2365 1111 2434 ό
1133 2369 1245 2456 γεννή·

229 2489 282 2545 ους
303 2467 362 2533 τὸν
380 2467 415 2546 ἐξ
429 2462 529 2542 αὐτοῦ
545 2473 783 2550 γεγεννημένον,
807 2470 859 2533 καὶ
877 2462 1079 2543 ἀποστείλας
1095 2466 1130 2546 ἒξ
1144 2462 1244 2534 αάτοῦ
1256 2484 1282 2533 ιο

228 2563 261 2629 τὸ
281 2562 376 2649 άγιον
399 2568 531 2646 πνεῦμα
553 2559 662 2640 αὐτοῦ,
688 2567 819 2646 πνεῦμα
840 2567 906 2631 τιῦν
929 2565 987 2627 τοῦ
1011 2563 1083 2628 υἱοῦ
1098 2570 1242 2646 μετέχον,

229 2657 261 2726 οδ
282 2662 413 2739 πάντας
435 2662 611 2746 ἐγέννησεν,
643 2655 711 2725 ἀλλ’
738 2660 804 2738 ἕνα,
836 2660 888 2725 διὸ
910 2659 1110 2746 μονογενὴς,
1132 2663 1185 2725 καὶ
1210 2664 1244 2726 ἓν

228 2758 258 2838 ἕξ
278 2755 379 2826 αὐτοῦ
403 2754 606 2836 ἀπέστειλεν,
631 2759 684 2822 διὸ
708 2754 802 2842 ἀγιον
825 2761 964 2839 πνεῦμα,
988 2758 1106 2840 ,ἔκτισε
1130 2759 1166 2823 δὲ
1189 2757 1246 2824 διὰ

226 2861 279 2921 τοῦ
302 2856 376 2934 ἑνός
397 2859 450 2922 καὶ
475 2856 671 2937 ἐστερέωσεν
694 2854 728 2919 έν
750 2858 797 2939 τῷ
822 2854 867 2920 ἑνὶ
891 2851 967 2931 τοῦς
990 2854 1127 2933 πάντας,
1167 2854 1245 2933 τοὺς

222 2955 280 3034 μὲν
301 2957 483 3039 γεννῶντας
505 2953 560 3017 καί
582 2950 666 3033 μετὰ
688 2958 794 3016 κτίσιν
817 2958 1074 3037 γεγεννημένους,
1109 2952 1186 3030 τοὺς
1209 2953 1282 3018 δδλί]

221 3058 429 3128 κτισθέντας,
451 3048 533 3133 μήτε
554 3051 736 3133 γεννῶντας
757 3048 839 3135 μητε
864 3055 1120 3133 γεγεννημένους.
1156 3047 1243 3113 πολὺ

174 3150 210 3207 Β
224 3149 257 3214 δὲ
279 3144 463 3235 ἀφέστηκεν
491 3142 510 3231 ἡ
534 3144 688 3223 ἀκτιστος
715 3148 774 3230 τῆς
803 3145 938 3228 τριάδος
961 3140 1057 3210 οόσία
1079 3149 1145 3209 τῶν
1174 3141 1244 3210 ἀπὸ

218 3249 277 3330 τῆς
296 3246 435 3329 τριάδος
457 3249 671 3322 κτισθέντιον,
695 3241 749 3308 καὶ
773 3237 831 3307 οὖν,
854 3236 922 3306 ἀπὸ
946 3244 1002 3325 τῆς
1017 3240 1151 3324 τριάδος
1172 3266 1245 3325 γεν-

221 3349 399 3429 νηθέντων.
439 3342 492 3408 διδ
522 3344 585 3423 ἔχει
614 3336 633 3425 ἡ
657 3339 752 3424 τριάς
779 3338 817 3403 τὸ
847 3333 981 3415 ἀπαθὲς
1014 3341 1066 3403 καί
1091 3332 1244 3422 ἀπαράλ-

220 3441 349 3519 λακτον,
373 3439 416 3505 τά
438 3442 473 3506 δὲ
495 3438 606 3504 πάντα
628 3436 671 3502 τά
692 3435 776 3517 μετὰ
798 3435 855 3522 την
885 3436 1004 3519 τριάδα
1028 3433 1137 3502 πάθει
1160 3431 1282 3505 ἀπο-25

222 3545 368 3622 κείμενα,
404 3537 433 3603 εἷ
455 3538 500 3622 μή
529 3563 563 3601 τι
592 3529 631 3601 ἀν
661 3537 801 3617 δωροῒτο
832 3528 1012 3620 δάπαθης
1041 3533 1079 3598 τὸ
1109 3529 1245 3612 ἀπαθές

224 3636 277 3702 διὰ
299 3639 358 3722 τῆς
381 3629 586 3722 ἀφθαρσίας,
621 3627 672 3709 οίς
700 3631 856 3716 ρὀόλεται
885 3631 968 3697 κατά
998 3632 1124 3715 δωρεάν
1151 3639 1246 3716 χαρί-

223 3741 353 3801 σασθαι
376 3727 548 3819 ἀφθόνως.
580 3725 638 3793 οῦκ
660 3729 771 3809 έχουσι
795 3731 829 3794 δὲ
852 3729 890 3792 τὸ
911 3727 1090 3815 ἄφθαρτον
1107 3727 1141 3805 ἐξ
1156 3724 1245 3793 ἀσω-

222 3831 326 3914 μάτου
351 3831 491 3916 φάσεως,
516 3819 584 3892 ἀλλ’
604 3825 638 3904 ἐξ
661 3821 831 3911 ἀφθονίας
853 3829 910 3890 τοῦ
927 3821 1058 3910 ἀγαθοῦ
1082 3828 1134 3888 καί
1155 3819 1246 3888 ἀπα-

220 3932 306 4005 θοῦς
327 3931 423 3993 θεοῦ.
461 3923 597 4006 καὶγὰρ
622 3919 697 3988 οότε
718 3921 757 3987 τδ
787 3930 914 3988 παθεῖν
943 3920 1001 3986 τόν
1028 3922 1187 4004 μονογενῆ
1211 3919 1282 3985 ἐνσο

221 4028 317 4108 σαρκὶ
339 4023 456 4101 πάθος
478 4031 709 4104 περιποιεῖται
731 4046 769 4106 τη
794 4014 893 4084 αὐτοῦ
913 4019 1060 4103 θεότητι.
1085 4023 1194 4082 καίτοι
1208 4041 1244 4101 γε

219 4120 256 4200 ἒξ
276 4116 442 4207 ἀληθινῆς
464 4115 643 4203 ὁμολογίας
669 4117 908 4198 πιστευόμενον
938 4110 1007 4180 ἀπὸ
1035 4117 1093 4198 τῆς
1122 4107 1245 4196 ἀληθι-

218 4220 277 4304 νῆς
299 4225 456 4298 πίστεως,
488 4212 541 4282 ότι
564 4220 738 4280 πέπονθεν
762 4208 779 4279 ὁ
803 4208 942 4298 ἀπαθὴς
964 4208 1046 4288 θεὸς
1068 4203 1115 4274 ἀν
1137 4210 1242 4295 λόγος.
