2867 5084
487 1034 490 1039 -
584 1000 681 1056 τιατ.
705 1004 911 1055 mmmm.
1219 993 1258 1057 ³1

244 1155 374 1234 Θωμᾶς
396 1152 432 1217 δὲ
454 1150 567 1218 ίπί
533 1179 591 1240 την
603 1148 724 1221 Ἰουδυί
710 1161 773 1233 ί,υν
797 1143 874 1234 ἐξ
846 1179 892 1220 ων
907 1153 1089 1243 ἐκρατύνθη
1104 1155 1144 1222 τό
1158 1155 1265 1241 δόγμα

244 1248 350 1316 είσέτι
373 1251 478 1332 δεῦρο.
510 1249 598 1335 ε’λεγε
620 1252 656 1317 δὲ
677 1247 827 1318 ίαυτόνε
810 1275 829 1317 ο
844 1250 965 1336 Μάνης
981 1247 1066 1318 είναι
1078 1252 1118 1318 τὸ
1133 1255 1265 1336 πνεῦμα

241 1345 284 1412 τὸ
306 1345 525 1431 παράκλητον,
549 1347 602 1413 καὶ
625 1350 708 1414 ποτὲ
728 1350 789 1432 μὲν
809 1342 997 1414 ἀπόστολον
1012 1348 1132 1435 φάσκει
1148 1349 1264 1418 ἑαυτὸν

242 1446 414 1528 Χριστοῦ,
437 1445 521 1510 ποτὲ
544 1445 579 1510 δὲ
602 1449 731 1529 πνεῦμα
752 1447 971 1533 παράκλητον.
1000 1448 1054 1513 καί
1076 1447 1184 1535 πολλή
1206 1450 1264 1533 τῆς

243 1540 447 1628 τυφλώσεως
468 1540 586 1607 τούτου
608 1542 785 1622 κακόδοξος
810 1541 1058 1630 άλλοιοτροπία.
1270 1554 1286 1605 5

335 1644 383 1705 13.
412 1632 579 1705 Ἐντεῦθεν
601 1639 737 1719 λοιπὸν,
762 1635 942 1725 άγαπητοί,
964 1646 1057 1726 χρεία
1077 1636 1156 1728 ήμίν
1177 1645 1263 1726 γίνε-

215 1745 302 1801 cun
331 1735 378 1814 είς
404 1735 463 1821 τήν
491 1737 618 1820 αἵρεσιν
647 1736 754 1804 εἰπεῖν
775 1740 828 1804 καί
853 1738 900 1817 είς
920 1737 979 1823 τήν
1001 1732 1101 1825 αὐτῆς
1121 1761 1264 1823 ματαιο-

244 1832 422 1919 φροσύνην.
466 1832 508 1899 τά
534 1832 594 1919 γάρ
623 1834 839 1918 παρελθόντα
867 1834 980 1902 πάντα
1006 1834 1090 1902 κατὰ
1112 1835 1263 1919 ἱστορίαν

242 1925 478 2016 ὑφηγησάμην·
502 1927 583 1997 ὅθεν
605 1931 643 2018 δή
667 1929 800 2015 άρχεται
822 1932 990 2000 διδάσκειν
1003 1959 1041 1999 τε
1054 1932 1109 2000 καί
1122 1932 1262 2019 γράφειν

243 2029 299 2092 καί
328 2028 433 2111 λέγειν
455 2023 473 2093 ό
493 2027 728 2111 χαλεπώτατος
749 2028 870 2113 Μάνης
892 2029 925 2097 ἒν
946 2032 994 2115 τῷ
1017 2033 1094 2115 περὶ
1117 2036 1263 2108 πίστεως
1274 2043 1301 2093 10

242 2117 346 2190 αὐτοῦ
378 2123 474 2210 λόγῳ.
518 2127 653 2210 βίβλους
683 2125 744 2211 γάρ
780 2116 875 2206 οὗτος
905 2127 1088 2213 διαφόρους
1116 2128 1261 2208 ἐξέθετο,
1305 2168 1314 2177 -

229 2226 325 2304 ’μίαν
346 2221 405 2305 μὲν
429 2220 609 2306 ἰσάριθμον
632 2224 739 2289 εἴκοσι
761 2223 818 2289 δύο
841 2231 1011 2305 στοιχείων
1026 2227 1093 2291 τῶν
1107 2223 1190 2291 κατὰ
1205 2223 1263 2310 τήύ

243 2321 311 2385 τῶν
344 2318 458 2403 Σόρων
488 2327 695 2401 στοιχείωσιν
729 2317 769 2386 δι’
804 2316 1006 2407 άλφαβήτων
1032 2326 1261 2407 συγκειμένην·

243 2418 388 2499 χρῶνται
413 2415 475 2502 γάρ
504 2418 535 2482 οί
564 2419 718 2483 πλεῖστοι
746 2420 812 2482 τῶν
840 2421 981 2501 Περσῶν
1009 2417 1092 2501 μετὰ
1112 2416 1264 2503 Περσικά

247 2522 395 2594 στοιχεῖα
408 2517 461 2580 καί
476 2517 523 2600 τῷ
538 2515 633 2600 Σύρῳ
648 2513 824 2601 γράμματι,
838 2511 951 2600 άίσπερ
966 2509 1044 2600 παρ’
1058 2511 1137 2602 ήμίν
1152 2514 1262 2584 πολλὰ
1274 2529 1302 2581 Ιυ

246 2609 331 2697 ἔθνη
358 2621 428 2690 τοῖς
445 2607 641 2698 Ἑλληνικοίς
661 2619 845 2699 κέχρηνται,
874 2621 984 2681 καίτοι
1004 2638 1041 2698 γε
1063 2610 1167 2681 όντων
1189 2635 1264 2696 σχε-

245 2706 305 2775 δόν
326 2709 410 2775 κατὰ
431 2710 531 2787 ἔθνος
553 2710 647 2776 ίδίων
668 2710 876 2795 γραμμάτων.
907 2709 1004 2777 ἄλλοι
1026 2712 1061 2778 δὲ
1085 2712 1188 2798 δήθεν
1204 2709 1264 2799 τήν

214 2806 439 2894 οβσθυτότην
465 2811 531 2873 τῶν
553 2807 666 2892 Σύρων
696 2807 866 2875 διάλεκτον
889 2808 1117 2892 σεμνύνονται,
1140 2809 1205 2896 ,τήν
1227 2834 1264 2876 τε

242 2903 329 2970 κατά
348 2902 408 2990 τήν
430 2903 612 2990 Πάλμυραν
635 2904 813 2985 διάλεκτον,
838 2899 937 2992 αότήν
958 2931 995 2973 τε
1015 2908 1069 2973 καί
1091 2905 1133 2973 τό
1155 2901 1263 2973 αὐτῶν

243 3013 403 3084 στοιχεῖα.
427 3003 531 3069 είκοσι
545 3002 604 3069 ’δύο
617 3004 767 3070 δὲταῦτα
778 2999 933 3085 ὑπάρχει·
955 3002 1073 3088 διόπερ
1084 3003 1139 3071 καί
1150 3000 1169 3091 ή
1182 2997 1303 3092 αότήϊ)

243 3101 361 3184 βίβλος
379 3099 427 3178 είς
449 3100 553 3166 είκσσι
569 3099 627 3166 δύο
648 3101 802 3188 τμήματα
824 3101 929 3186 λόγων
952 3108 1118 3187 τέτμηται.
1161 3101 1262 3188 ταύτῃ

244 3198 283 3264 δὲ
297 3197 495 3282 ἐπιτίθησιν
509 3194 613 3281 όνομα
628 3205 819 3281 ίίίανιχαίου
834 3197 1014 3285 μυστήρια·
1038 3198 1132 3285 ἑτέρᾳ
1148 3199 1185 3265 δὲ
1195 3203 1264 3279 Θη·

245 3294 380 3380 σαυρός.
424 3293 479 3360 καί
506 3293 608 3374 ἄλλας
637 3295 675 3381 δή
705 3298 841 3381 βίβλους
868 3294 1030 3375 καττόσας
1052 3295 1261 3382 φαντάζεται,
1342 3311 1344 3315 ’

243 3391 304 3459 τόν
331 3390 449 3476 μικρὸν
478 3391 516 3478 δή
541 3392 715 3479 Θησαυρὸν
745 3389 831 3459 οὕτω
859 3392 1073 3510 καλούμενον,
1104 3390 1204 3480 ἄλλην
1226 3394 1263 3459 δὲ

243 3488 304 3577 τὴν
325 3492 406 3575 περὶ
427 3485 651 3576 ἀστρολογίας.
682 3487 721 3557 ού
743 3489 804 3576 γάρ
826 3484 1010 3572 όποδίουσι
1030 3494 1089 3578 τής
1109 3490 1302 3587 τοιαύτηςῦ

244 3594 445 3674 περιεργίας,
469 3582 553 3656 άλλά
573 3591 697 3673 μᾶλλον
720 3586 834 3666 αὐτοῖς
855 3587 889 3655 ίν
911 3596 1076 3676 προχείρῳ
1097 3589 1263 3707 καυχήμα-

247 3708 306 3764 τος
332 3684 507 3779 πρόκειται
533 3679 753 3771 ἀστρονομία
781 3689 834 3753 καί
864 3686 1083 3775 φυλακτήρια,
1113 3691 1197 3774 φημί
1227 3688 1263 3753 δὲ

196 3780 291 3849 mu}
310 3788 520 3949 περίαπτα,
526 3786 580 3850 καί
603 3780 701 3851 άλλαι
723 3810 774 3850 τιν
776 3785 810 3862 ὲς
830 3781 959 3868 ίπῳδαὶ
980 3784 1036 3851 καί
1057 3794 1261 3870 μαγγανείαι.

246 3877 383 3965 ἄρχεται
403 3880 539 3999 γοῦνίν
559 3884 599 3969 τῇ
616 3875 717 3949 αδτου
702 3883 837 3968 βίβλῳ
851 3876 995 4001 λέγειν’
979 3877 1112 3961 οαύτός
1126 3880 1263 3965 Μάνης·

335 3985 383 4044 14.
416 3966 496 4059 “Hv
511 3976 595 4056 θεας
607 4005 660 4047 και
651 3976 744 4065 υλη
760 3981 899 4066 φιόςκαί
916 3978 1042 4058 σκότος,
1066 3974 1195 4063 αγαθον
1208 3979 1301 4045 nait)

243 4072 354 4154 κακόν,
375 4085 450 4153 τοῖς
470 4079 577 4144 πᾶσιν
598 4075 705 4163 άκρως
727 4077 871 4154 ίναντία,
895 4071 940 4155 ὥς
960 4102 1044 4143 κατα
1032 4076 1165 4162 μηδὲν
1187 4074 1263 4143 ἐπι·

243 4181 416 4241 κοινωνεῖν
437 4173 584 4259 θάτερον
597 4176 755 4260 θατέρῳ.
784 4170 840 4240 καί
854 4161 951 4252 οὗτος
965 4178 1026 4257 μίν
1041 4167 1162 4241 ἐστιν(
1145 4196 1164 4238 ο
1177 4171 1263 4258 πρό-

244 4269 345 4358 λογος
362 4272 424 4339 τοῦ
446 4265 596 4359 ἆγύρτσν.
636 4266 835 4341 ἐντεῦθεν
811 4295 945 4358 αρχεται
965 4274 1024 4359 τῆς
1044 4264 1145 4340 αὐτοῦ
1166 4293 1262 4343 κακο-

1230 4494 1362 4684 Ι
