2867 5084
507 975 628 1027 οισιυι.
647 976 850 1028 mammon
1122 967 1181 1030 301

157 1127 265 1208 ὄντες,
289 1122 358 1194 ἀλλ’
384 1121 442 1194 οῦκ
464 1122 576 1194 οῦσίαι
600 1131 657 1193 τοῦ
678 1129 773 1205 θεοῦ,
797 1129 937 1195 λεκτικαλ
963 1129 1000 1196 δὲ
1015 1129 1183 1214 ἐνέργειαι.

159 1223 181 1290 5
215 1227 252 1292 δὲ
279 1225 350 1304 υἱὸς
384 1225 481 1309 λόγος
514 1219 559 1290 ὢν
594 1218 663 1306 οῦχὶ
694 1224 838 1309 ἐνέργεια
866 1226 992 1313 λεκτικὴ
1027 1227 1098 1293 ἐστι
1126 1230 1185 1294 τοῦ

159 1327 257 1403 θεοῦ,
289 1317 357 1389 ἀλλ’
382 1323 454 1400 υἱὸς
483 1317 528 1388 ιὺν
558 1316 656 1387 οὐσία
685 1321 783 1387 ἐστίν.
830 1322 859 1389 εἰ
880 1322 941 1407 γάρ
965 1319 983 1388 5
1005 1324 1116 1411 πατὴρ
1140 1319 1186 1392 ιῦν

161 1423 216 1486 καὶ
241 1420 311 1498 υἱὸς
334 1413 389 1499 ὢν,
414 1414 459 1485 ὢν
483 1421 517 1484 δὲ
540 1415 646 1497 οὑτως
669 1414 686 1482 5
710 1417 790 1496 υἱὸς,
815 1414 859 1496 ιὺς
881 1418 915 1484 ἐκ
930 1423 988 1484 τοῦ
1004 1424 1088 1486 θεοῦ
1104 1421 1186 1503 ἒχων

125 1524 305 1604 Βγνησίισς
326 1517 365 1582 τὸ
388 1510 482 1595 εἶναι,
517 1515 614 1600 λόγος
637 1514 840 1601 νοηόήσεται
863 1511 881 1579 5
904 1514 975 1593 υἱὸς
1004 1512 1061 1599 οὑχ
1084 1514 1129 1596 ιὺς
1152 1519 1211 1585 ολδ

159 1615 265 1699 λόγοι,
290 1615 321 1680 ολ
344 1614 438 1698 παρὰ
459 1616 543 1680 θεοῦ
567 1613 774 1695 λαλοόμενοι.
813 1611 933 1678 ε’κεῒνσι
954 1612 1015 1697 γὰρ
1037 1613 1076 1678 τὸ
1099 1609 1185 1682 εἶναι

159 1711 197 1778 ἓν
218 1715 266 1798 τῷ
289 1713 443 1776 λαλοῦντι
467 1711 605 1792 ἔχουσιν.
641 1706 659 1775 5
682 1711 717 1775 δὲ
740 1709 779 1774 τό
802 1704 887 1775 εἶναι
908 1712 955 1796 τῷ
980 1711 1014 1777 ἐκ
1035 1714 1094 1776 τοῦ
1117 1737 1186 1779 πα-

156 1808 239 1893 τρὸς
260 1811 476 1895 γεγεννῆσθαι
510 1811 563 1874 καὶ
588 1804 717 1874 ἀκούειν
740 1809 798 1872 τοῦ
821 1807 949 1891 πατρὸς
981 1815 1035 1875 καὶ
1058 1806 1185 1894 ὑπουρ-

153 1916 231 1991 γείν
251 1909 298 1991 τῷ
321 1907 426 1989 πατρὶ
448 1906 522 1988 ἔχει.
553 1905 673 1991 ταύτην
696 1893 754 1970 οὖν
776 1902 834 1990 τὴν
857 1900 1044 1973 ὑπόστασιν
1067 1902 1183 1976 οῦσίαν

155 2003 319 2069 ἐκάλεσαν
342 2004 375 2069 οἱ
397 2009 547 2088 πατέρες.
1195 2022 1224 2072 10

250 2106 298 2167 13.
322 2096 460 2183 Ὅμοιον
483 2090 540 2165 οὑν
563 2101 700 2182 νοοῦμεν
723 2098 781 2164 τὸν
803 2099 875 2166 υἱὸν
896 2103 943 2184 τῷ
971 2104 1072 2185 πατρὶ
1100 2103 1183 2170 κατὰ

153 2197 281 2277 πάντα,
298 2198 479 2281 μαχόμενοι
494 2201 547 2263 καὶ
564 2197 649 2280 πρὸς
664 2196 723 2283 τὴν
738 2199 795 2262 νῦν
811 2196 1037 2284 ἐπιφυομίνην
1053 2199 1182 2282 αἵρεσιν

154 2299 199 2382 τῇ
216 2294 377 2382 ἐκκλησίᾳ.
409 2291 426 2382 ἡ
449 2294 510 2379 γάρ
533 2298 589 2361 νῦν
612 2295 740 2379 αἵρεσις
761 2292 845 2360 κατά
866 2295 926 2377 μὲν
947 2295 1105 2381 βούλησιν
1127 2299 1181 2362 καὶ

154 2391 219 2480 τὴν
242 2391 404 2476 ἐνέργειαν
434 2389 660 2478 ἀποφαίνεται
690 2385 774 2458 εἶναι
804 2386 920 2473 ὅμοιον
948 2392 1006 2457 τὸν
1034 2391 1106 2458 υἱὸν
1134 2396 1181 2479 τά

115 2491 274 2573 (πατρὶ,
303 2490 387 2556 κατὰ
409 2488 505 2556 δὲτὸ
529 2483 685 2572 άνόμοιον
709 2483 794 2554 εἶναι
816 2488 873 2553 τὸν
896 2486 968 2554 υἱὸν
990 2492 1036 2574 τῷ
1060 2497 1165 2574 πατρί
1172 2511 1180 2527 ·
1194 2506 1223 2556 15

155 2583 206 2666 ιὺς
227 2587 532 2668 κατασκευάζεσθαι
560 2585 653 2670 παρὰ
681 2588 747 2650 τιῦν
774 2587 830 2650 νῦν
852 2589 973 2651 καινῶν
997 2587 1180 2670 αἱρετικιῦν,

155 2682 214 2750 ὅτι
235 2680 254 2770 ἡ
276 2685 336 2767 μὲν
357 2684 515 2771 βούλησις
536 2686 594 2748 τοῦ
618 2684 701 2761 υἱοῦ,
732 2685 785 2748 καὶ
815 2678 834 2769 ἡ
860 2681 1003 2767 ἐνέργεια
1024 2687 1083 2749 τοῦ
1107 2686 1181 2751 υἱοῦ

154 2777 261 2864 ὑμοία
289 2783 329 2868 τῇ
356 2774 511 2868 βουλήσει
540 2783 598 2846 τοῦ
627 2779 755 2863 πατρὸς
788 2779 843 2845 καὶ
874 2783 913 2867 τῇ
947 2781 1091 2869 ἐνεργείᾳ
1121 2787 1181 2849 τοῦ

153 2876 295 2962 πατρὸς,
326 2873 426 2958 αῦτὸς
448 2880 484 2945 δὲ
507 2873 525 2942 5
548 2877 619 2955 υἱὸς
642 2871 799 2959 ἀνόμοιος
821 2880 868 2963 τῷ
891 2885 1003 2963 πατρί.
1042 2882 1094 2946 καὶ
1124 2880 1180 2947 διὰ

153 2978 258 3042 τοῦτο
286 2974 344 3062 τὴν
374 2979 434 3059 μὲν
461 2974 619 3061 βούλησιν
647 2977 705 3041 τοῦ
734 2975 806 3040 υἱοῦ
837 2977 890 3042 καὶ
925 2976 983 3062 τὴν
1017 2976 1224 3062 ἕνέργειανω

149 3071 334 3157 βούλονται
357 3068 442 3140 εἶναι
466 3069 583 3156 ὑμοίαν
606 3075 644 3157 τῇ
665 3072 822 3156 βουλήσει
845 3074 1048 3158 τοῦπατρὸς
1070 3078 1122 3141 καὶ
1139 3080 1179 3162 τῇ

154 3170 317 3256 ἐνεργείᾳ,
352 3169 409 3235 τὸν
439 3170 474 3236 δὲ
503 3168 575 3234 υἱὸν
605 3164 642 3234 οὐ
670 3168 847 3252 βούλονται
877 3166 994 3251 όμοιον
1024 3166 1179 3258 εἶναιτῷ

152 3268 278 3350 πατρὶ,
311 3265 426 3353 ἐπειδὴ
456 3267 726 3350 διαβεβαιοῦνται
752 3265 796 3351 μὴ
833 3260 916 3330 ελναι
945 3265 979 3330 ἐκ
1006 3270 1064 3331 τοῦ
1094 3271 1179 3334 θεοῦ

150 3369 386 3449 γεγεννημένον
407 3363 465 3429 τόν
488 3362 569 3441 υἱὸν,
595 3358 679 3428 ἀλλὰ
700 3363 803 3445 μόνον
824 3368 945 3444 κτίσμα
967 3357 1051 3429 εἶναι
1067 3359 1177 3445 αὑτὸν,

149 3460 210 3526 καὶ
233 3463 351 3526 τοῦτον
374 3462 544 3547 διαφέρειν
572 3463 638 3525 τιῦν
666 3460 795 3524 λοιπῶν
824 3458 1026 3541 κτισμάτων,
1062 3458 1114 3528 ὅτι
1143 3474 1221 3530 τετυ

149 3552 308 3641 ὑπερέχει
328 3564 465 3643 μεγέθει
486 3555 542 3623 καὶ
565 3551 618 3622 ότι
636 3557 770 3638 πρῶτος
784 3558 850 3620 τιῦυ
866 3552 1023 3623 ἁπάντων
1039 3554 1177 3647 ὑπέστη,

148 3657 207 3722 καὶ
233 3649 287 3721 ότι
308 3649 463 3740 ὑπουργῷ
487 3648 577 3739 αὑτῷ
607 3653 765 3739 ἐχρήσατο
794 3653 842 3732 εἰς
873 3653 932 3740 τὴν
959 3657 1025 3721 τῶν
1048 3658 1178 3724 λοιπιῦν

148 3754 371 3841 δημιουργίαν
394 3749 412 3817 5
434 3750 527 3830 θεός.
572 3750 704 3837 ἐπειδὴ,
735 3753 838 3837 φασὶν
868 3753 901 3818 ολ
928 3752 1103 3836 αἱρετικοὶ,
1137 3755 1180 3821 τά

148 3854 216 3935 μὲν
232 3847 318 3918 άλλα
333 3843 374 3917 δι’
385 3850 458 3917 υἱοῦ
474 3845 492 3915 5
505 3847 588 3928 θεὸς
603 3847 768 3934 ἐποίησεν,
782 3843 882 3915 αὐτόν
899 3850 933 3915 δὲ
950 3846 987 3915 οὗ
1005 3850 1061 3916 διά
1076 3875 1175 3930 τινος,

149 3941 225 4017 ἀλλ’
250 3941 351 4026 αὑτὸς
372 3941 472 4014 αὑτὸν
495 3942 704 4032 αῦτοόργησε,
742 3944 797 4012 καὶ
819 3942 1021 4031 ὑπερέχοντα
1042 3954 1176 4033 μεγέθει
1189 3961 1221 4013 ³⁰

148 4048 206 4114 καὶ
231 4043 369 4128 δυνάμει
402 4041 559 4111 ἁπάντων
593 4043 740 4129 ἐποίησε,
774 4041 831 4109 διὰ
858 4045 957 4109 τοῦτο
980 4037 1080 4112 αὑτὸν
1103 4045 1177 4113 ἐκά-

143 4145 229 4212 λεσε
249 4144 410 4228 μονογενῆ
434 4140 516 4207 υἱόν.

241 4247 291 4307 14.
318 4233 432 4324 Ἡμεῖς
454 4239 491 4305 δὲ
513 4238 546 4304 οἱ
567 4241 625 4324 τῆς
649 4238 831 4322 καθολικῦγς
853 4236 1024 4324 ἐκκλησίας
1049 4237 1083 4306 ἐκ
1108 4244 1175 4310 τιῦν

1062 4444 1288 4600 Λ
