2867 5084
590 969 709 1022 mm.
729 971 920 1025 Αυοιιοιοι.
1206 964 1269 1028 407

331 1114 531 1208 Ἀνατροπη.
581 1132 607 1188 1.
640 1125 705 1189 Καὶ
729 1117 920 1210 ἀγέννητον,
950 1121 996 1204 ῶς
1019 1126 1160 1213 ἐ’φαμεν,
1184 1126 1270 1211 πρὸς

244 1217 305 1282 τὸν
325 1213 454 1285 Ἀέτιον
476 1214 742 1302 ἀποτεινόμενοι,
766 1225 842 1302 [καὶ]
859 1217 917 1288 ούκ
932 1218 1134 1308 ἀρνούμεθα,
1157 1222 1217 1290 κάν
1233 1250 1269 1291 τε

187 1313 281 1381 θοιέν
312 1320 394 1403 θείᾳ
425 1321 534 1403 γραφῇ
563 1316 607 1403 μὴ
639 1317 838 1406 ἐμφέρηται,
872 1315 1015 1404 εὐσεβῶς
1047 1321 1266 1407 ἐπινενόηται.

244 1407 420 1497 ἀγέννητον
444 1415 479 1479 δέ
503 1414 684 1500 φάσκοντες
706 1414 764 1480 τὸν
780 1421 981 1500 πατέραζκαί
998 1413 1171 1505 ἀγέννητον
1187 1415 1268 1501 ύμο-

243 1510 422 1594 λογοῦμεν,
460 1511 611 1597 γεννητὸν
641 1514 677 1577 δὲ
698 1512 756 1578 τὸν
780 1514 850 1578 υἱὸν
874 1509 931 1580 οῦκ
953 1509 1161 1597 ἀρνούμεθα,
1195 1511 1289 1583 ἀλλ’ῖι

242 1602 317 1688 ούχῖ
339 1608 480 1673 κτιστύν.
518 1606 593 1675 ούτε
614 1609 685 1692 γὰρ,
711 1609 767 1675 ἐὰν
790 1611 847 1674 τὸν
871 1611 942 1676 υἱὸν
969 1611 1122 1697 γεννητὸν
1145 1607 1267 1696 ὁρισῶ·

241 1711 346 1787 μεθα,
371 1704 404 1771 έκ
426 1708 510 1771 θεοῦ
532 1707 659 1788 πατρὸς
681 1705 741 1790 τὴν
765 1701 880 1774 ούσίαν
903 1709 987 1790 ἔχειν
1008 1703 1187 1791 ἀρνεῖσθαι
1209 1711 1266 1775 δυ-

242 1800 393 1881 νάμεθα·
430 1806 589 1889 γεννητιῦς
610 1802 670 1887 γὰρ
694 1804 844 1890 ἐγέννησε
872 1808 925 1870 καὶ
955 1802 1012 1871 ούκ
1040 1807 1174 1874 ἔκτισεν.
1220 1802 1265 1885 ῶς

239 1898 305 1984 γὰρ
329 1900 432 1978 λοξῶς
455 1901 565 1965 πάντα
588 1901 645 1966 ἐπὶ
666 1904 726 1965 τοῦ
747 1905 901 1987 γεννητοῦ
924 1906 978 1968 καί
1000 1897 1175 1991 ἀγεννήτου
1191 1906 1265 1971 δια·

242 1995 421 2078 νοσύμενυς
443 2003 682 2080 παρεκτρέπειν
705 1998 823 2064 ἑαυτὸν
844 2000 957 2082 βούλει
979 1996 1031 2080 (ού
1053 2003 1113 2087 γάρ
1136 2028 1169 2067 τι
1194 2002 1261 2068 έτε-
1274 2016 1303 2067 10

239 2112 325 2175 ρον),
356 2090 460 2172 ούτως
481 2098 534 2160 καὶ
563 2089 661 2172 αύτὸς
683 2092 813 2174 ἀκούεις
842 2097 877 2176 έξ
898 2093 1123 2182 ἀνθριυπίνιον
1146 2100 1264 2164 συλλο-

239 2194 370 2277 γισμῶν
392 2195 446 2258 καὶ
470 2187 673 2269 ἀντιθέσεως
702 2194 959 2281 συλλογιστικης,
990 2191 1207 2279 ἀνθρωπείας
1228 2221 1264 2262 τε

238 2289 548 2375 ματαιοφροούνης,
578 2290 616 2354 τὸ
648 2291 809 2375 *έγκειται
837 2286 856 2376 ἡ
881 2292 1013 2357 διάνοια
1040 2296 1099 2357 τοῦ
1129 2287 1264 2375 ύνθριῦ-

239 2410 311 2452 που
339 2386 396 2453 ἐπὶ
426 2387 467 2452 τὰ
496 2388 626 2473 πονηρὰ
654 2387 821 2469 έπιμελῶς
850 2389 883 2453 ίκ
907 2388 1084 2472 νεάτητος.”
1129 2391 1262 2471 λέξομεν

211 2487 295 2551 Βκαῖ
326 2478 419 2549 αύτοῖ
445 2481 497 2549 ὅτι
525 2487 639 2569 πολλῷ
669 2485 795 2567 μᾶλλον
819 2479 988 2568 άπρέπεια
1010 2490 1082 2573 θεῷ
1104 2491 1151 2572 τῷ
1174 2481 1263 2552 άκτί·
1275 2500 1301 2552 1⁸

239 2605 309 2666 στῳ
346 2581 384 2646 τὸ
417 2583 535 2661 κτίζειν
574 2581 616 2646 τὰ
650 2587 830 2648 κτισθέντα
868 2586 920 2648 καί
954 2586 1001 2668 τῷ
1037 2579 1189 2670 άποιητῳ
1223 2582 1262 2649 τὸ

237 2689 374 2745 ποιεῖν·
434 2675 471 2744 ού
504 2679 565 2763 γάρ
599 2679 763 2761 ἐνδέχεται
795 2679 852 2745 τὸν
884 2678 1037 2746 ἀκτιστον
1070 2683 1188 2761 κτίζειν
1220 2681 1263 2747 τά

237 2781 420 2843 κτισθέντα
464 2779 516 2841 καὶ
561 2776 618 2840 τὸν
662 2776 705 2862 μη
746 2777 920 2862 γενόμενον
961 2790 1071 2845 ποιεῖν
1109 2778 1150 2844 τά
1187 2778 1261 2844 ε’σό-

235 2899 338 2957 μενα,
378 2874 407 2940 εί
441 2869 477 2939 ού
511 2880 635 2958 πρέπει
674 2878 721 2960 τῷ
756 2869 918 2962 άγεννητῳ
951 2876 990 2941 τὸ
1025 2880 1140 2961 γεννᾶν
1178 2877 1261 2942 κατὰ

236 2971 297 3037 τὸν
317 2966 447 3037 Ἀετίου
470 2971 576 3055 λόγον.
613 2975 678 3038 τῶν
702 2974 738 3039 δέ
760 2980 898 3039 κτίσεων
929 2969 1102 3056 ὁρωμένων
1125 2977 1299 3040 καὶτοῦτο

237 3071 399 3135 πλείστου
427 3074 547 3153 μέρους
575 3073 632 3153 τῆς
661 3065 777 3148 ούσίας
804 3067 1021 3148 ὑποστάσεως
1049 3077 1259 3157 φαινομένης,

237 3170 311 3252 θεῷ
336 3167 372 3232 ἀὲ
392 3170 439 3252 τῷ
463 3161 605 3252 ἀκτίοτῳ
633 3166 671 3232 τὸ
701 3162 756 3232 ὑπ’
782 3164 882 3232 αύτοῦ
911 3174 1085 3233 κεκτίσθαι
1112 3166 1155 3253 μὴ
1180 3193 1261 3250 πρε-

186 3264 377 3349 tuebaris,
412 3264 467 3330 ἵνα
488 3262 531 3351 μὴ
556 3264 594 3329 τὸ
618 3260 812 3349 ἀσύγκριτον
835 3265 890 3330 ἐπὶ
913 3264 1098 3349 μεταβολὴν
1120 3266 1185 3328 τιῦν
1208 3288 1261 3347 γε·

236 3367 383 3446 νομένων
406 3363 610 3445 παρενεχθὲν
634 3357 705 3428 ἀντὶ
729 3364 787 3427 τοῦ
811 3367 999 3445 πρέποντος
1019 3360 1111 3446 παρά
1126 3364 1172 3446 τῷ
1186 3357 1260 3427 Ἀε-

235 3467 297 3546 τίῳ
328 3454 476 3541 ἀπρεπές
505 3461 631 3542 μᾶλλον
660 3465 853 3544 νομισθείη,
889 3458 1110 3544 ζητηθήσεται
1138 3458 1299 3528 λοιπὸνθο

234 3557 348 3639 ἕτερος
370 3551 416 3622 ῶν
438 3554 520 3634 θεὸς
543 3552 560 3621 ὁ
584 3555 747 3633 ἀκτιστος,
782 3557 891 3640 ἕτερος
921 3556 956 3621 δὲ
985 3550 1002 3620 ὁ
1026 3561 1176 3635 κτισθείς
1205 3559 1257 3622 καὶ

235 3655 355 3736 κτίζειν
378 3648 547 3737 ἀναλόγως
570 3653 676 3738 ἑαυτῷ
699 3653 888 3736 ῦονάμενος.
921 3656 980 3719 τοῦ
998 3655 1033 3720 δὲ
1048 3659 1259 3737 κεκτισμένου

234 3755 288 3818 καί
312 3750 351 3817 τὸ
373 3752 492 3832 κτίζειν
516 3751 646 3832 έχοντος
674 3745 862 3831 αύτομάτου
884 3750 928 3837 μὴ
953 3747 1057 3831 ὄντος,
1093 3745 1178 3817 ἀλλὰ
1206 3776 1259 3818 κε-

234 3855 421 3931 κτισμένου,
446 3848 667 3934 ζητηθήσεται
688 3850 742 3912 καὶ
766 3847 876 3931 ἕτερος
898 3844 916 3911 ύ
938 3848 1057 3914 τούτου
1076 3849 1184 3927 αίτιος
1205 3874 1260 3932 γε·

234 3944 350 4030 γονεύς,
373 3948 427 4011 καὶ
444 3940 512 4010 ἀπὸ
528 3945 646 4011 τούτου
663 3942 762 4022 ἀλλος
779 3943 1049 4031 έπινοηθὴσεται.
1079 3948 1132 4011 καὶ
1149 3946 1297 4032 πολληθθ

235 4042 330 4109 ἔσται
352 4037 371 4128 ἡ
395 4046 455 4106 τοῦ
476 4045 585 4126 βυθοῦ
607 4046 665 4129 τῆς
687 4040 815 4129 πλάνης
829 4038 849 4127 ἡ
865 4043 1085 4126 ματαιολογία
1100 4045 1165 4107 τῶν
1181 4066 1259 4128 νοη-

233 4138 356 4223 μάτων,
388 4140 447 4224 τῆς
469 4140 618 4217 διανοίας
644 4143 759 4224 μηκέτι
776 4136 1031 4223 .εύσταθούσης,
1066 4133 1151 4204 ἀλλὰ
1172 4140 1259 4226 πλη-

204 4280 219 4303 .
234 4236 355 4323 ρσύσης
376 4235 417 4301 τὸ
433 4237 601 4323 εἰρημένον
624 4236 888 4322 “έμωράνθησαν
904 4235 937 4301 ol
953 4237 1067 4302 δοῦλοι
1087 4239 1146 4302 τοῦ
1162 4240 1254 4316 θεοῦ,
