2867 5084
234 922 296 985 530
459 931 661 982 επιυισιον
678 931 774 980 xm
793 931 980 981 κιυιεεεαα
996 931 1026 979 r.

231 1081 250 1148 ό
272 1082 446 1170 προφήτης
468 1079 522 1147 καί
546 1080 762 1167 ἱεροφάντωρ,
789 1074 919 1164 ’Δαριάν
941 1105 977 1146 τε
999 1077 1053 1145 καὶ
1078 1079 1112 1146 σί
1133 1079 1254 1146 τοῦτον

231 1182 361 1258 παῖδες,
392 1174 541 1260 Ἐλεάζαρ
562 1204 598 1244 τε
627 1181 680 1245 καὶ
706 1179 823 1256 Φινεὲς
844 1181 897 1243 καί
917 1172 1055 1260 Ἰθάμαρ
1086 1172 1105 1243 ὃ
1132 1176 1279 1243 τοίτοοιὶ

231 1278 370 1361 ἔκγονος.
413 1277 465 1341 καὶ
494 1282 527 1341 τί
553 1299 611 1359 μοι
640 1275 681 1342 τά
708 1274 825 1361 πλήθη
854 1275 959 1359 λέγειν
986 1276 1054 1339 τιῦν
1084 1274 1253 1360 ἱερουργη-

231 1374 358 1441 σάντων
380 1375 452 1458 θεῷ
475 1373 508 1440 ἐν
531 1374 660 1458 παλαιᾷ
677 1372 841 1459 διαθήκης
875 1367 921 1450 ὦς
938 1365 1085 1456 Ἀχιτώβ
1099 1366 1253 1454 εὖρίσκε-

204 1485 285 1537 στοι
314 1471 504 1554 ἱερουργεῖν,
538 1471 574 1536 o‘t'
593 1495 629 1536 τε
651 1475 795 1553 Κορῖται
824 1471 877 1535 καί
908 1469 940 1534 ολ
962 1474 993 1534 Γ
992 1479 1172 1553 ερσωνῖται
1199 1471 1250 1535 καί

230 1575 422 1651 Μεραρῖται
448 1567 506 1653 τήν
528 1566 710 1652 Λευιτικήν
735 1571 996 1649 πεπιστευμένοι
1024 1564 1136 1644 τάξιν,
1177 1561 1252 1632 ὅτε

230 1660 319 1743 οἶκος
338 1661 442 1742 Ἠλεί,
470 1662 525 1729 καὶ
548 1659 670 1746 οἴματ’
695 1658 795 1729 αὐτόν
818 1664 850 1729 οἱ
879 1658 949 1729 ἀπὸ
975 1665 1034 1749 τῆς
1062 1669 1250 1748 συγγενείας

229 1757 329 1828 αὐτοῦ
353 1760 387 1827 ἐν
408 1764 455 1844 τῷ
479 1760 558 1845 οἴκῳ
578 1754 752 1845 Ἀβιμέλεχ
772 1763 825 1826 καὶ
845 1755 1025 1846 Ἀβιάθαρ,
1048 1761 1197 1838 Χελκίας
1216 1784 1250 1826 τε

228 1861 281 1925 καί
304 1858 432 1938 Βουζεί,
455 1856 530 1940 άχρι
548 1852 651 1942 Ἰησοῦ
674 1861 733 1923 τοῦ
757 1857 870 1940 ἱερέως
883 1861 942 1923 τοῦ
958 1856 1112 1941 μεγάλου,
1129 1853 1249 1939 Ἕσδρα

194 1968 264 2022 um
284 1958 343 2021 τοῦ
367 1954 479 2039 ἱερέως
500 1957 553 2020 καί
579 1957 645 2021 τιῦν
661 1952 779 2020 άλλων.
809 1957 863 2020 καὶ
887 1949 1034 2038 οὐδαμοῦ
1056 1953 1137 2040 γυνή
1163 1952 1249 2037 ἱερά-

228 2075 350 2119 τευσεν.
1254 2064 1270 2112 υ

314 2156 342 2217 3.
369 2143 559 2231 Ἐλεύσομαι
582 2147 693 2215 δὲκαὶ
724 2148 771 2227 εές
791 2148 850 2236 τήν
872 2147 983 2236 καινήν
1007 2147 1186 2234 διαθήκην.
1221 2146 1247 2214 εἰ

230 2245 406 2329 ἱερατεύειν
428 2251 575 2330 γυναῖκες
595 2250 667 2328 θεῷ
690 2245 970 2329 προσετάσσοντο,
993 2240 1204 2334 ήκανονικόν
1218 2269 1247 2310 τι

228 2343 427 2428 ἐργάζεσθαι
449 2342 482 2410 ἐν
505 2343 667 2430 ἐκκλησίᾳ,
692 2345 758 2410 ἐδει
773 2345 900 2426 μᾶλλον
915 2338 1014 2431 αότήν
1032 2342 1092 2431 τήν
1107 2349 1246 2426 Μαρίαν

192 2440 392 2524 Ῑῧὶερατείαν
415 2440 604 2507 ἐπιτελέσαι
633 2440 667 2507 ἐν
690 2444 784 2527 καινῇ
808 2440 967 2529 διαθήκη,
997 2440 1056 2528 τήν
1085 2442 1246 2519 καταξιω-

228 2546 350 2606 θεῖσαν
372 2537 406 2603 ἐν
427 2538 567 2616 κόλποις
589 2538 688 2615 ἰδίοις
709 2533 942 2617 ὑποδέξασθαι
956 2537 1013 2603 τὸν
1030 2539 1245 2622 παμβασιλέο

228 2636 309 2702 θεὸν
333 2634 541 2717 ἐπουράνιον,
564 2634 635 2700 υἱὸν
656 2638 715 2700 τοῦ
737 2638 832 2714 θεοῦ,
862 2625 900 2724 ἧς
922 2631 941 2723 ή
963 2634 1072 2724 μήτρα
1095 2635 1177 2713 ναὸς
1197 2660 1246 2720 γε·

229 2738 345 2817 νομένη
368 2733 422 2795 καὶ
444 2731 691 2819 κατοικητήριον
718 2732 771 2810 είςΙ
785 2733 844 2821 τήν
865 2737 923 2800 τοῦ
953 2740 1067 2816 κυρίου
1091 2733 1246 2816 ἐνσαρκον

229 2829 418 2910 οἰκονομίαν
450 2827 533 2893 κατὰ
566 2831 827 2914 φιλανθρωπίαν
861 2833 944 2896 θεοῦ
978 2830 1032 2895 καὶ
1066 2830 1244 2917 ἔκπληκτον

187 2924 406 3012 20μυστήριον
427 2919 628 3012 ήτοιμάσθη.
666 2922 735 2992 ἀλλ’
761 2922 818 2993 οῦκ
841 2922 1029 3013 ηὐδόκησεν.
1074 2921 1145 2992 ἀλλ’
1172 2922 1244 2993 οῦδὲ

226 3022 401 3108 βάπτισμα
418 3021 547 3087 διδόναι
563 3031 793 3103 πεπίστευται,
819 3024 892 3091 ἐπεὶ
909 3010 1049 3113 ήδόνατο
1066 3019 1287 3108 όΧριστὸςΙίο

225 3121 351 3205 μᾶλλον
384 3113 460 3203 παρ’
486 3115 585 3208 αότής
607 3126 840 3209 βαπτισθήναι
861 3119 947 3209 ήπερ
971 3119 1064 3204 παρά
1083 3115 1243 3187 Ἰωάννου.

227 3212 310 3284 άλλά
329 3211 477 3303 Ἰωάννης
498 3218 556 3300 μὲν
579 3228 662 3293 παῖς
683 3225 851 3300 Ζαχαρίου
883 3219 917 3284 ἐν
946 3223 986 3304 τῇ
1009 3218 1119 3306 ἐρήμῳ
1144 3220 1245 3285 διετέ-

227 3315 301 3381 λεσε
332 3314 507 3397 βάπτισμα
536 3308 687 3399 ἀφέσεως
720 3310 889 3397 άμαρτιιῦν
917 3321 1194 3400 πεπιστευμένος,
1228 3310 1244 3380 ό

185 3410 261 3476 25δὲ
283 3409 400 3474 τούτου
423 3410 532 3497 πατήρ
554 3415 626 3496 θεῷ
650 3410 817 3494 ἱεράτευσε
849 3417 904 3479 καί
930 3416 970 3499 ,τή
1000 3409 1070 3500 ὥρᾳ
1098 3417 1159 3478 τοῦ
1184 3421 1246 3480 θυ-

223 3505 390 3591 μιάματος
413 3501 579 3572 ὀπτασίαν
602 3503 676 3574 εἶδε.
713 3515 843 3592 Πέτρος
864 3534 900 3575 τε
921 3512 974 3576 καί
995 3506 1165 3592 Ἀνδρέας,
1187 3506 1245 3577 Ἰά-

223 3610 331 3688 κωβος
351 3605 404 3668 καὶ
426 3598 582 3686 Ἰωάννης,
608 3607 783 3683 Φίλιππος
801 3610 854 3671 καὶ
870 3610 1143 3690 Βαρθολομαῖος,
1170 3613 1245 3675 Θω·

223 3705 297 3786 μᾶς,
324 3702 502 3779 Θαδδαῖος,
525 3701 580 3766 καὶ
600 3697 749 3787 Ἰάκωβος
768 3699 942 3789 Ἁλφαίου,
966 3707 1018 3769 καί
1039 3699 1166 3783 Ἰούδας
1185 3700 1245 3771 Ἰα-

222 3798 331 3882 κώβου
359 3801 412 3864 καλ
441 3805 552 3881 Σίμων
582 3794 599 3862 ὃ
628 3806 833 3879 Καναναῖος,
870 3800 925 3866 καὶ
954 3806 1122 3880 Ματθίας
1151 3797 1171 3868 ὃ
1200 3803 1246 3880 εἷς

184 3894 395 3984 3οπλήρωσιν
430 3899 497 3963 τιῦν
533 3894 659 3962 δώδεκα
696 3897 935 3981 ἐκλελεγμένος,
988 3888 1082 3964 οὗτοι
1119 3900 1245 3979 πάντες

223 3992 414 4079 ἐξελέγηοαν
442 3988 628 4059 ἀπόστολοι
658 3993 741 4060 κατά
769 3995 827 4082 τήν
858 3998 916 4083 γήν
940 3994 1188 4079 ἱερουργοῦντες
1208 3995 1272 4063 τόσ

223 4083 418 4173 εὐαγγέλιον,
443 4087 512 4173 ἅμα
534 4091 659 4176 Παόληι
681 4097 734 4156 καὶ
759 4090 917 4177 Βαρνάβᾳ
939 4095 992 4158 καί
1015 4093 1164 4173 λοιποῖς,
1192 4099 1244 4163 καί

222 4193 410 4270 μυστηρίων
443 4181 631 4274 άρχηγίται,
667 4188 726 4256 σόν
758 4182 898 4275 Ἰακώβῳ
930 4193 978 4276 τῷ
1014 4183 1155 4279 άδελφῷ
1186 4197 1248 4261 τοῦ

103 4554 333 4662 Α
