2867 5084
348 296 352 301 .
399 296 402 299 »
633 287 636 295 v

807 806 826 845 ι

274 907 339 969 582
502 915 709 965 σωοκπιου
725 912 821 962 xm
839 911 1027 961 Αιοοτεαυ
1042 911 1073 958 r.

270 1072 324 1136 καὶ
349 1064 442 1153 ἁγίου
464 1065 653 1149 πνεύματος
676 1062 944 1147 όμοοοσιότητος,
977 1059 1033 1126 καὶ
1061 1061 1143 1142 περὶ
1168 1062 1229 1145 τῆς
1251 1057 1302 1124 ε’ν-

272 1167 394 1249 σάρκσυ
408 1166 557 1248 Χριστοῦ
580 1165 635 1228 καὶ
657 1163 785 1238 τελείας
807 1166 1004 1241 παρουσίας,
1028 1160 1081 1222 καὶ
1106 1155 1221 1222 ἄλλων
1243 1182 1301 1239 με·

270 1266 337 1346 ρῶν
360 1266 417 1350 τῆς
440 1267 594 1337 πίστεως.
633 1262 709 1341 περὶ
734 1261 871 1340 θεσμῶν
896 1257 931 1321 δὲ
953 1259 1011 1341 τῆς
1026 1248 1130 1339 αὐτῆς
1148 1253 1184 1320 έν
1199 1248 1299 1338 ὀλίγῳ

270 1365 330 1442 μέν
351 1365 411 1441 μοι’
434 1358 504 1423 έστι
527 1357 629 1422 πάλιν
653 1352 773 1440 ἀνάγκη
803 1357 861 1419 τοῦ
886 1358 1111 1436 παραθέσθαι
1142 1355 1210 1417 τῶν
1242 1346 1298 1416 σι’·-

250 1460 338 1522 5τῶν
362 1459 498 1539 θεσμῶν
522 1449 591 1519 άπὸ
612 1460 732 1537 μέρους
753 1452 792 1517 τὸ
817 1446 913 1528 εἶδος,
945 1446 1073 1532 ὅσαπερ
1103 1449 1207 1534 φάσει
1238 1474 1298 1514 πε-

272 1554 436 1638 φύλακται
459 1551 492 1617 έν
516 1546 596 1636 αὐτῇ
619 1553 671 1616 καὶ
696 1549 912 1635 φυλάσσεται,
942 1546 1064 1629 τὰμὲν
1088 1545 1122 1611 ἐκ
1147 1545 1318 1629 προστά-(ἶ

266 1673 403 1734 γματος,
433 1647 474 1713 τὰ
498 1649 533 1713 δὲ
555 1647 637 1713 κατὰ
660 1642 829 1731 ἀποδοχὴν
857 1651 1094 1726 προαιρέσεως,
1128 1647 1190 1708 τοῦ
1214 1645 1296 1709 θεοῦ

265 1752 442 1830 χαίροντος
472 1744 526 1809 ἐπὶ
556 1748 595 1829 τῇ
625 1740 723 1828 ἀρετῇ
753 1746 810 1828 τῆς
839 1739 939 1806 αότοῦ
970 1741 1197 1818 διδασκαλίας.
1244 1742 1294 1804 καὶ

270 1846 405 1925 πρῶτον
427 1843 486 1924 μὲν
508 1843 627 1925 κρηπὶς
649 1841 713 1919 καὶ,
739 1837 783 1917 ὡς
806 1839 922 1917 εἰπεῖν,
953 1837 1089 1922 βαθμὸς
1112 1837 1147 1903 έν
1172 1833 1255 1923 αι’·τῇ
1278 1832 1294 1922 ἡ

231 1944 451 2023 ἱσπαρθενία,
481 1931 662 2023 άσκουμένη
690 1937 803 2003 τεκαὶ
833 1937 1059 2021 φυλαττομένη
1092 1933 1189 2018 παρὰ
1212 1937 1295 1999 πολ-

222 2061 223 2064 ’
267 2036 343 2112 ,λοῖς
372 2034 427 2099 καὶ
459 2033 702 2120 ἕνδσξαζομένη.
757 2039 934 2099 συνέπεται
963 2033 998 2097 δὲ
1026 2035 1065 2117 τῇ
1095 2027 1179 2119 αὐτῇ
1209 2057 1296 2114 παρ-

270 2137 370 2216 θενίᾳ
399 2126 417 2216 ἡ
446 2130 587 2216 μονότης
617 2131 710 2215 παρὰ
739 2134 873 2196 πλείοσι
906 2133 971 2195 τῶν
1001 2129 1214 2212 μοναζόντων
1243 2132 1294 2195 καὶ

269 2229 492 2313 μοναζονσιῦν.
544 2227 627 2311 μετὰ
660 2228 780 2313 ταύτην
809 2227 978 2311 ἐγκράτεια
1012 2226 1067 2292 έπὶ
1102 2225 1163 2291 τὸν
1196 2221 1294 2291 αι’-τὸν

274 2325 396 2408 δρόμον
418 2326 692 2411 τεθεμελιωμένη.
743 2326 858 2390 ἔπειτα
882 2326 917 2389 δὲ
936 2322 1098 2408 χηροσάνη
1120 2324 1209 2405 μετὰ
1230 2324 1295 2389 πά·

235 2435 263 2485 1⁶
274 2444 333 2507 σης
361 2426 527 2507 προσοχῆς
554 2430 607 2488 καλ
637 2417 797 2505 άχράντοο
832 2424 1112 2507 συναναστροφῆς.
1159 2420 1295 2497 ταύταις

274 2518 310 2582 δὲ
332 2528 406 2594 ταῖς
427 2518 558 2596 τάξεσιν
582 2516 767 2596 ἀκόλουθος
797 2514 814 2582 ό
838 2519 957 2600 σεμνὸς
978 2517 1080 2602 γάμος
1113 2517 1148 2584 ἐν
1170 2517 1317 2604 μεγάληϋ

191 2652 197 2662 ·
271 2619 350 2701 τιμῇ
374 2611 391 2679 ό
416 2615 448 2681 ἐν
471 2623 656 2702 μονογαμέᾳ
677 2615 823 2700 μάλιστα
851 2618 902 2680 καὶ
933 2617 1158 2701 παραφυλακῇ
1183 2616 1292 2682 ένταλ-

272 2715 395 2795 μάτων.
435 2711 464 2775 εἰ
487 2712 522 2776 δέ
544 2738 594 2789 τις
617 2713 856 2799 τελευτησάσης
876 2716 935 2799 τῆς
957 2707 1057 2777 αὐτοῦ
1079 2712 1244 2797 γυναικὸς,
1274 2707 1293 2799 ἢ

276 2802 396 2890 ἀνδρὸς
417 2808 670 2895 τελευτησαντος
691 2814 749 2898 της
770 2809 860 2886 τινὸς
881 2809 1033 2893 γυναικὸς
1065 2809 1199 2896 ἐφίεται
1222 2813 1292 2876 δευ-

231 2910 349 2990 οοτέρη
372 2909 587 2990 συνοφθῆναι
608 2900 629 2994 ἢ
651 2909 801 2992 δευτέρην,
834 2906 918 2989 μετὰ
941 2907 1088 2973 θάνατον
1118 2912 1178 2973 τοῦ
1202 2907 1291 2991 πρά·

270 3025 345 3080 του,
381 2995 401 3088 ἢ
428 3005 485 3088 της
515 3002 657 3089 πρώτης.
707 3003 853 3089 στεφάνη
883 3005 919 3069 δέ
949 3003 1073 3069 τοότων
1108 3004 1245 3070 πάντων
1272 2998 1291 3090 ἢ

268 3098 384 3185 μήτηρ,
410 3094 454 3174 ὥς
478 3098 600 3179 εἰπεῖν,
630 3104 683 3165 καὶ
706 3101 877 3189 γεννητρια
906 3097 923 3186 ἡ
948 3098 1024 3186 άγιά
1048 3102 1225 3189 ἱερωσύνη,
1258 3101 1289 3166 έκ

269 3199 329 3280 μὲν
352 3202 532 3279 παρθένιον
561 3198 599 3262 τὸ
628 3200 787 3263 πλεῖστον
820 3193 1009 3284 ὁρμωμένη,
1047 3198 1076 3264 εἰ
1106 3200 1142 3264 δὲ
1172 3195 1230 3265 οὐκ
1257 3198 1288 3264 lu

271 3299 468 3375 παρθένιον,
503 3294 536 3359 έκ
563 3294 782 3378 μοναζόνιων.
831 3295 860 3360 εἰ
890 3297 925 3359 δέ
952 3294 994 3383 μὴ
1026 3290 1089 3362 εἷεν
1114 3297 1221 3362 ἱκανοὶ
1244 3295 1339 3373 ελςῑιθλ

230 3384 453 3474 Ἇόπηρεσίαν
482 3384 550 3454 άπὸ
585 3391 810 3473 μοναζόντων,
845 3390 880 3469 ἐξ
912 3392 1195 3476 έγκρατευομέυων
1226 3396 1287 3458 τῶν

270 3485 365 3551 ἰδίων
386 3491 557 3570 γυναικῶν,
582 3483 601 3573 ἢ
621 3487 849 3574 χηρευοάντων
872 3483 941 3553 άπὸ
963 3498 1180 3574 μονογαμέας.
1220 3494 1287 3557 δευ·

266 3581 449 3667 τερόγαμον
473 3584 509 3649 δὲ
533 3580 590 3650 οόκ
613 3588 718 3664 ἔξεστι
743 3588 900 3666 δέχεσθαι
923 3586 957 3650 έν
979 3582 1060 3673 αἰτῇ
1084 3588 1132 3665 εἰς
1155 3586 1287 3672 ἱερωσό-

266 3705 334 3764 νην,
358 3677 418 3744 κάν
441 3705 476 3746 τε
499 3680 769 3765 ἐγκρατευόμενος
793 3684 842 3765 εἴη
864 3686 962 3766 γῆρυς
977 3678 1034 3748 ἀπ’
1053 3680 1152 3770 ἀρχῆς
1168 3685 1286 3764 τάξεως

268 3774 457 3841 ἐπισκόπου
480 3778 534 3841 καὶ
557 3787 781 3863 πρεσβυτέρου
809 3783 862 3847 καὶ
887 3781 1041 3845 διακόνου
1070 3785 1124 3846 καὶ
1148 3778 1285 3848 ὑποδια-

225 3872 374 3950 3οκόνου.
411 3871 495 3953 μετά
517 3875 637 3956 ταότην
658 3876 716 3965 την
741 3876 917 3963 ἱερωσύνην
933 3876 1055 3943 λοιπὸν
1070 3873 1284 3963 άναγνωσιῶν

267 3968 374 4052 τάγμα
398 3968 433 4047 έξ
455 3967 540 4036 όλων
562 3977 628 4038 τῶν
650 3973 834 4058 ταγμάτων,
858 3981 1009 4040 τουτέστι
1031 3981 1216 4058 παρθένων
1237 3976 1284 4041 καλ

265 4064 475 4146 μοναζόντων
498 4068 553 4133 καὶ
576 4070 855 4154 έγκρατευομένων
884 4073 937 4137 καὶ
958 4072 1200 4156 χηρεοσάντων,
1234 4072 1305 4138 καλΒ

264 4162 331 4224 τῶν
360 4163 408 4226 ἔτι
432 4163 464 4227 έν
494 4170 602 4251 σεμνῷ
630 4166 741 4253 γάμῳ·
786 4168 815 4234 εἰ
845 4170 879 4234 δὲ
910 4170 960 4255 εἴη
990 4167 1110 4255 ἀνάγκη
1134 4173 1188 4236 καλ
1218 4167 1283 4237 άπὸ
