2867 5084
451 975 546 1028 Lm.
564 976 836 1030 κνειοιιιαιτκι.
1098 969 1158 1030 157

133 1131 211 1212 δρες
232 1131 292 1196 τοῦ
315 1127 409 1194 οἴκου
431 1121 541 1195 αὐτοῦ.
572 1132 627 1195 καί
648 1131 747 1194 τοῦτο
768 1128 851 1212 τάχα
869 1131 924 1196 καί
938 1132 1016 1214 περί
1030 1130 1156 1198 τούτων

132 1229 332 1313 πληροῦται.

223 1331 274 1390 15.
316 1316 533 1406 Ἀναπηόῶσι
569 1321 630 1406 γάρ
667 1317 712 1399 ῶς
749 1323 948 1408 λυσσητῆρες
983 1325 1075 1400 κύνες
1110 1323 1157 1401 εἰς

134 1420 269 1505 ἐχθρῶν
290 1416 427 1502 ἄμυναν.
470 1426 527 1485 καί
548 1441 650 1506 φασι,
681 1421 755 1496 πῶς
777 1421 881 1504 λέγεις
902 1421 979 1503 περὶ
1002 1423 1061 1485 τοῦ
1084 1420 1156 1486 υἱοῦ

133 1520 195 1582 τοῦ
225 1518 329 1596 θεοῦ,·
356 1518 461 1581 ταῦτα
487 1514 549 1600 γάρ
578 1510 686 1581 αὐτῶν
715 1516 787 1582 ἔστι
809 1515 850 1581 τά
871 1515 1078 1598 τεχνάσματα
1098 1519 1181 1603 τῆςο

132 1614 317 1699 εἰσαγωγῆς
343 1614 403 1678 τοῦ
432 1614 628 1697 δηλητηρίου
657 1607 766 1678 αῦτῶν
794 1611 880 1696 πρὸς
907 1611 984 1689 τοὺς
1009 1606 1155 1698 άιρελεῐς.

131 1711 190 1778 καὶ
216 1717 251 1776 τί
278 1710 327 1776 ἔνι
355 1708 439 1792 μετὰ
460 1713 581 1789 ταῦτα,
608 1709 692 1792 μετὰ
713 1709 753 1775 τὸ
775 1711 880 1795 λε’γειν
902 1709 974 1774 υίὸν
998 1711 1080 1775 θεοῦ
1089 1737 1099 1788 ,·
1129 1698 1156 1774 ῶ

134 1810 265 1875 συνετοὶ
296 1805 330 1872 ἓν
357 1806 505 1885 ἑαυτοῖς,
535 1811 588 1872 καὶ
617 1806 841 1891 ἐπιγνώμονες
869 1805 1014 1872 ἐνώπιον
1037 1802 1155 1883 αὐτῶν,

132 1905 191 1972 καὶ
213 1902 432 1989 ἐπιστήμονες
455 1905 626 1981 δοκοῦντες
649 1898 743 1970 εἶναι.
788 1911 822 1970 τί
843 1904 893 1971 ἔτι
915 1909 1083 1988 προσθείη
1105 1927 1157 1980 τις

106 2006 183 2088 υτῷ
207 1996 348 2083 ὀνόματι
366 1994 480 2087 Ἰησοῦ,
505 2001 534 2067 εί
555 2002 598 2086 μή
621 2026 655 2066 τι
677 2000 749 2066 υίὸν
770 1999 904 2086 γνήσιον
927 2001 1016 2084 λέγοι
1038 2000 1072 2066 ἐκ
1090 2014 1197 2065 ιτα-ιο

134 2099 214 2183 τρὸς
237 2095 327 2176 ὄντα,
350 2100 403 2163 καὶ
427 2092 484 2163 οὐκ
506 2094 747 2185 ἢλλαιωμίνονς
771 2094 842 2164 ελτα
865 2094 966 2175 εὐθὺς
985 2099 1158 2179 χλευαστι-

135 2200 202 2275 κῶς
224 2194 431 2281 άναπηάῶσι,
456 2196 612 2279 λέγοντες,
637 2198 711 2273 πῶς
734 2195 872 2260 δύναται
894 2190 980 2260 εἶναι
1002 2194 1036 2259 ἔκ
1052 2195 1156 2273 θεοῦς

135 2293 345 2378 ἐρωτώμενοι
373 2294 424 2370 δὲ,
455 2288 508 2357 ὅτι
536 2287 593 2358 οῦκ
616 2293 707 2359 ἔστιν
730 2291 817 2372 υίόςς
846 2291 885 2356 τὸ
907 2293 967 2373 μὲν
989 2291 1061 2367 υίὸς
1083 2283 1157 2354 ὀνό-

134 2416 218 2476 ματι
241 2385 450 2474 ὁμολογοῦσι,
472 2393 512 2475 τῇ
536 2390 572 2455 δὲ
595 2389 732 2470 δυνάμει
753 2390 806 2453 καί
824 2390 955 2472 διανοίᾳ
971 2383 1156 2470 ἀρνοῦνται,

136 2488 243 2554 νόθον
272 2481 373 2552 αὐτὸν
401 2487 599 2553 παντάπασι
627 2485 826 2568 βουλόμενοι
859 2486 979 2569 λέγειν,
1012 2483 1066 2549 καί
1100 2476 1158 2547 οὐκ
1170 2499 1197 2551 1⁵

136 2582 311 2671 ἀληθινόν.
343 2583 372 2650 εἰ
386 2581 457 2669 γάρ,
482 2583 596 2670 φασίν,
620 2583 654 2650 ἐκ
671 2586 754 2649 θεοῦ
767 2583 848 2662 ἐστι,
871 2584 924 2647 καὶ
942 2582 1108 2666 ἐγέννησεν
1124 2579 1159 2659 ἐξ

137 2675 239 2748 αὐτοῦ
263 2675 283 2745 ὃ
305 2679 402 2759 θεὸς,
427 2676 472 2758 ῶς
494 2681 617 2759 είπεῖν,
642 2680 677 2760 ἐξ
699 2681 787 2758 ι’ὁίας
807 2676 1025 2757 ὑποστάσεως
1048 2678 1157 2765 φύσει,

135 2772 159 2864 ἢ
180 2778 215 2844 ἐκ
236 2781 295 2863 τῆς
318 2777 405 2855 ίδίας
427 2775 559 2856 οὐσίας,
588 2773 705 2844 οῦκοῦν
734 2771 892 2862 ῶγκῶθη,
920 2770 942 2863 ἢ
963 2776 1066 2862 τομην
1089 2775 1159 2841 ἐδέ-

137 2877 234 2955 ξατο,
263 2870 284 2962 ἢ
306 2873 341 2941 ἐν
362 2878 409 2960 τῷ
431 2878 546 2958 γεννᾶν
569 2875 777 2960 ίπλατάνθη,
807 2870 828 2960 ἢ
850 2873 1052 2960 συνεστάλη,
1082 2872 1104 2959 ἥ
1125 2898 1159 2938 τι

85 2976 204 3042 ῖσθτῶν
225 2970 373 3039 κατὰτὰ
394 2972 493 3057 πάθη
515 2972 557 3038 τά
579 2971 752 3056 σωματικά
776 2968 910 3055 ὑπέστη.
953 2970 1067 3061 καὶτὸ
1089 2972 1198 3035 πάνθ)

138 3071 205 3137 εἰσὶ
227 3067 466 3153 χλευαζόμενοι,
493 3069 535 3135 τὰ
557 3069 683 3137 ἑαυτῶν
706 3069 753 3146 εἷς
774 3066 832 3134 τὸν
853 3065 937 3134 θεὸν
960 3063 1158 3152 ἀναλογοῦν-

137 3190 210 3243 τες,
232 3165 287 3232 καὶ
305 3160 363 3252 ἀφ’
389 3166 514 3232 ἑαυτῶν
537 3165 666 3232 εἰκάσαι
687 3165 745 3230 τὸν
768 3165 851 3232 θεὸν
872 3165 1078 3249 βουλόμενοι.
1125 3164 1158 3227 ἐν

136 3263 201 3349 γάρ
224 3266 295 3349 θεῷ
317 3258 414 3329 οῦδὲν
437 3264 486 3330 ἔνι
507 3265 573 3329 τῶν
594 3262 772 3328 τοιοάτων·
796 3264 927 3343 πνεῦμα
949 3259 1009 3345 γάρ
1032 3255 1157 3337 ὁθεὸς,

135 3360 194 3428 καί
224 3355 282 3449 εἶφ’
312 3361 431 3428 ἑαυτοῦ
464 3360 614 3446 ἐγέννησε
643 3359 700 3424 τὸν
732 3361 891 3445 μονογενῆ
924 3356 1073 3444 άρρητιος
1104 3360 1158 3423 καλ

136 3454 382 3544 ἀκαταλήπτοις
403 3459 457 3524 καὶ
475 3452 651 3541 άχράντιυς.
683 3460 758 3534 πῶς
781 3446 848 3535 οῦν,
872 3458 984 3542 φησίν,
1008 3456 1037 3522 εί
1053 3455 1087 3521 ίκ
1101 3458 1199 3542 τηςίο

136 3551 256 3634 σι’·σίας
279 3548 379 3622 αὐτοῦ
403 3554 503 3636 ἐστιν,
527 3550 585 3621 οῦκ
607 3549 678 3621 ολδε
693 3554 753 3640 τὴν
769 3549 900 3638 ἡμέραν,
925 3548 971 3631 ῶς
986 3554 1081 3638 λέγει,
1103 3554 1158 3617 καί

134 3653 198 3737 τὴν
221 3648 330 3735 ῶρανς
351 3654 431 3737 περὶ
452 3654 489 3720 δὲ
510 3657 569 3740 της
589 3649 712 3739 ἡμέρας
735 3651 866 3738 ἐκείνης,
890 3645 984 3737 ἢτῆς
998 3647 1088 3734 ῶρας
1103 3644 1159 3714 οῦ-

134 3754 208 3829 ὀείς
230 3743 330 3827 σλδεν,
354 3748 430 3817 οὔτε
451 3750 484 3816 ολ
507 3749 640 3836 ἄγγελοι
662 3743 738 3814 οὔτε
762 3745 779 3814 ὁ
801 3747 882 3827 υίὸς,
906 3747 936 3814 εἰ
952 3748 996 3832 μη
1014 3744 1032 3811 ὃ
1047 3746 1158 3832 πατὴρ

132 3849 251 3934 μόνος.
295 3850 370 3926 πῶς
391 3849 427 3914 δὲ
450 3847 497 3926 είς
520 3848 624 3931 σάρκα
646 3836 766 3932 ἦλθεν,
790 3846 820 3913 εί
842 3846 931 3913 ἔστιν
954 3845 989 3911 ἐκ
1009 3846 1068 3909 τοῦ
1092 3867 1159 3908 ιτα-

133 3944 234 4033 τράςς
257 3947 333 4024 πῶς
353 3945 391 4012 ὀί
412 3944 550 4011 ἐδύνατο
573 3940 590 4030 ἡ
615 3940 782 4027 άχιάρητος
804 3943 907 4028 ε’κείνη
931 3941 1032 4027 φάσις
1054 3939 1200 4023 σάρκασθ

98 4042 360 4121 mamam,
383 4040 413 4108 εί
433 4031 472 4128 ἦν
495 4042 530 4109 ἐκ
551 4043 609 4108 τοῦ
632 4039 760 4123 πατρὸς
781 4037 864 4105 κατά
886 4038 1007 4125 φύσινς

182 4194 186 4199 .
227 4140 375 4227 ffissaz
397 4132 457 4205 σῦκ
478 4140 592 4206 οἴδασι
614 4140 688 4215 πῶς
710 4137 758 4215 είς
773 4136 897 4203 ἑαυτῶν
913 4134 1068 4220 αίσχὺνην
1082 4133 1160 4212 τοὺς

128 4234 319 4325 λογισμοὺς
344 4234 484 4315 τούτους
509 4233 776 4319 ἐπισανάγουσιν.
822 4232 851 4300 εί
878 4231 940 4317 γὰρ
962 4231 1020 4299 διὰ
1040 4230 1080 4299 τὸ
1100 4225 1160 4320 ἦλα
