2867 5084
230 944 299 1006 422·
463 936 670 1006 ιτιιιολιιιουι
685 955 781 1006 ΚΑΤΑ
799 955 1031 1004 mmmm.

231 1108 291 1192 τῆς
312 1101 474 1192 ἀληθείας
496 1105 530 1172 έν
553 1105 690 1187 δυνάμει
711 1108 804 1184 θεοῦ,
828 1093 849 1190 ᾗ
871 1107 1100 1191 κατηξέωνται.
1139 1099 1177 1169 σά
1192 1103 1247 1189 γὰρ

232 1202 267 1269 ἒν
290 1203 375 1289 λόγῳ
399 1204 635 1287 συλλογιστικῷ
664 1198 683 1286 ἡ
706 1204 861 1286 βασιλεία
882 1206 948 1267 τῶν
972 1199 1121 1284 οὐρανῶν
1143 1204 1197 1267 καλ
1221 1200 1249 1267 έν

232 1300 318 1385 λόγῳ
341 1304 567 1385 κομνταστικῶ,
602 1296 670 1364 ἀλλ’
697 1300 730 1366 ἓν
753 1298 891 1379 δυνάμει
917 1298 973 1364 καὶ
1001 1294 1156 1385 ἀληθείᾳ.
1201 1297 1250 1362 καὶ

232 1395 293 1481 γάρ
316 1391 460 1481 ἀρκετῶς
486 1392 671 1482 ἠκούσαμεν
701 1396 736 1474 ἐξ
762 1392 861 1481 ἀρχῆς
890 1399 948 1461 τοῦ
977 1396 1075 1479 λόγου
1106 1418 1168 1460 σου
1197 1398 1249 1461 τοῦ

208 1496 310 1578 οπερλ
334 1494 516 1581 στερήσεως
539 1495 635 1572 ἕξεων
659 1497 711 1559 καὶ
736 1500 875 1572 θέσεων,
899 1495 953 1558 καὶ
968 1491 1123 1577 γεννητὴν
1139 1488 1272 1558 οόσέανϋ

234 1585 408 1678 ἀγέννητον
432 1589 547 1658 οόσέαν
570 1590 894 1675 τιροσλαμηδάνυυσαν
927 1593 980 1655 καὶ
1013 1590 1057 1675 μη
1081 1591 1253 1672 προσλαμ-

231 1689 409 1774 βάνουσαν,
432 1692 485 1754 καὶ
501 1685 577 1773 μεθ’
596 1690 693 1767 ἕξεως
709 1690 806 1766 ἕξεως
821 1683 1053 1770 ὑπομένουσαν
1070 1683 1250 1772 άττόβολην,

232 1786 288 1851 καὶ
301 1789 378 1868 περὶ
391 1780 506 1862 σι’·σέας
520 1788 806 1870 κατατιλεκομένης
817 1788 978 1869 γεννητῇς,
996 1785 1095 1863 ἕξεως
1110 1786 1147 1850 δὲ
1164 1783 1253 1869 ἀγεν-

234 1881 341 1965 νήτου,
373 1882 428 1946 καὶ
455 1887 596 1967 γέννημα
618 1882 791 1967 λεγόμενον
814 1883 848 1948 έν
871 1882 1020 1966 παρόδῳ,
1055 1888 1253 1967 σημαινομέ-

197 1990 226 2041 10
235 2001 292 2043 νου
317 1981 351 2042 δὲ
374 1978 407 2043 ἐν
430 1980 495 2057 ἕξει
516 1980 610 2071 μόνη,
640 1986 693 2045 καὶ
718 1982 815 2058 ἕξεως
844 1978 1023 2064 δηλωτικὸν
1045 1981 1254 2061 μεταπλαζσ-

233 2081 333 2160 μένου
357 2075 391 2153 ἒξ
413 2072 529 2154 οόσέας
550 2078 655 2155 τινός,
690 2074 749 2141 κάν
778 2102 813 2141 τε
840 2077 1015 2160 λεγομένου
1043 2077 1252 2162 γεννήματος,

235 2167 280 2250 ῶς
303 2173 393 2259 ἒίγης.
438 2173 480 2238 τὰ
507 2169 591 2240 αὐτὰ
612 2173 673 2260 γὰρ
702 2177 778 2256 περὶ
802 2177 869 2239 τῶν
892 2169 999 2238 αι’·τῶν
1028 2176 1066 2237 τό
1092 2172 1253 2258 διανόημα

235 2293 295 2336 σου
318 2272 421 2349 λαλεῖ,
448 2273 548 2357 μηδὲν
572 2274 737 2356 τιερατοόν
759 2270 842 2337 κατὰ
863 2275 930 2336 τῶν
953 2268 1062 2337 αὐτῶν
1087 2278 1254 2356 φέρεσθαι

237 2367 474 2454 φθεγγόμενον.

200 2471 227 2521 λδ
318 2465 378 2530 ια’.
406 2466 447 2531 Εἰ
469 2466 507 2530 τὸ
530 2461 703 2551 ἀγέννητον
727 2466 793 2544 ἕξις
815 2467 868 2530 καὶ
891 2465 930 2529 τὸ
952 2464 1104 2549 γεννητόν
1121 2466 1197 2543 ἕξις,
1221 2465 1299 2534 aissa

234 2563 294 2644 μέν
317 2557 428 2628 οὐσίαι
450 2567 515 2628 τῶν
539 2565 636 2641 ἕξεων
659 2567 801 2646 πρῶται,
826 2563 860 2627 αἱ
883 2563 919 2627 δὲ
935 2563 1017 2639 ἕξεις
1032 2566 1099 2627 τῶν
1121 2558 1255 2640 οὐσιῶν,

235 2658 341 2725 εἶκαὶ
364 2658 521 2743 δεύτεραι,
552 2655 619 2725 ἀλλ’
652 2651 709 2725 οὖν
740 2685 775 2744 γε
798 2661 1046 2742 προτιμότεραι.
1094 2661 1122 2726 εἰ
1153 2661 1189 2727 δὲ
1216 2658 1255 2725 τό

235 2751 409 2841 ἀγέννητον
431 2761 490 2820 τοῦ
514 2762 666 2844 γεννητοῦ
690 2757 799 2822 αἴτιόν
822 2758 901 2832 ἐστι,
933 2760 990 2820 τοῦ
1021 2751 1106 2821 εἶναι
1135 2781 1259 2843 σημαι-

235 2858 388 2935 νομένου,
426 2860 567 2940 γέννημα
598 2861 815 2940 συνεισφέρον
848 2857 886 2939 τῇ
921 2854 1037 2919 ἑαυτοῦ
1068 2849 1168 2939 οὐσίᾳ
1200 2854 1259 2921 τὸν

196 2948 361 3028 λθαῖτιον,
395 2946 510 3028 σι’·σίας
538 2952 606 3018 ἐστὶ
638 2953 817 3037 δηλωτικὸν
846 2950 884 3015 τό
912 2957 1070 3034 γέννημα,
1105 2946 1175 3016 ἀλλ’
1201 2946 1262 3034 σόχ

236 3047 342 3125 ἕξεως,
366 3051 423 3133 τῆς
446 3046 620 3133 ἀγέννητον
644 3049 776 3136 φάσεως
798 3043 893 3114 οὐδὲν
916 3049 1013 3132 ἑαυτῇ
1044 3047 1263 3134 συνιισαγοά-

235 3167 303 3229 σης,
328 3149 402 3222 πῶς
424 3140 482 3211 σι’·ν.
505 3141 543 3211 ἀν
566 3148 615 3232 ελή
639 3142 745 3224 σιἐσέα,
782 3141 849 3211 ἀλλ’
876 3146 941 3224 ἕξις
964 3148 1015 3210 καλ
1039 3139 1057 3228 ἡ
1083 3141 1288 3234 άγέννητοςιι

235 3238 354 3328 φόσις,·

317 3335 515 3425 Ἁνατροττή.
557 3349 582 3404 1.
605 3335 724 3418 Ἕξεων
747 3338 963 3424 διαλητττικὸν
987 3341 1082 3422 λόγον
1099 3339 1160 3405 ἐπὶ
1175 3344 1264 3409 θεοῦ

196 3450 272 3501 ποτε
293 3439 345 3499 καὶ
368 3436 452 3519 μετὰ
474 3437 557 3503 θεὸν
578 3437 828 3515 κατασκευάζειν
858 3436 961 3501 πάλιν
990 3433 1067 3519 ἡμῖν
1098 3442 1266 3522 πειρᾶται

233 3526 377 3612 Ἀέτιος,
408 3530 454 3611 ῶς
482 3531 595 3617 δρᾶτε,
625 3535 720 3619 φίλοι
748 3537 806 3618 τῆς
833 3527 1003 3617 ἀληθείας.
1049 3532 1105 3598 καὶ
1134 3535 1266 3620 τὰμὲν

235 3632 354 3712 τιρῶτα
375 3636 502 3715 τίθησι,
526 3630 568 3696 τὰ
590 3632 625 3695 δέ
648 3631 792 3713 δεύτερα.
837 3629 893 3694 &ab
917 3635 991 3716 θεῷ
1018 3631 1055 3696 δὲ
1077 3631 1266 3716 λαμβάνειν

236 3731 355 3810 πρῶτα
376 3722 397 3813 ἢ
420 3727 554 3810 δεύτερα
587 3724 663 3793 οὐδὲ
686 3734 787 3810 θέμις
810 3729 922 3811 λέγειν.
962 3725 1030 3810 ἅμα
1051 3728 1114 3812 γὰρ
1132 3729 1169 3795 ἐν
1189 3736 1266 3819 θεῷ

235 3823 278 3890 τὰ
299 3823 410 3890 πάντα
432 3823 604 3908 πρόσεστι,
628 3829 681 3890 καὶ
705 3825 901 3910 προσθηκης
924 3820 961 3888 οό
979 3826 1097 3892 δέεται.
1133 3826 1191 3894 διό
1208 3833 1267 3897 καὶ

196 3922 274 3986 2012>
302 3927 444 4007 γέννημα
473 3917 531 3986 οὐκ
560 3919 629 3986 ἀπὸ
660 3922 779 4005 χρόνου
807 3928 965 3988 νοεῖσθαι
995 3917 1132 4008 εὐσεβὴς
1162 3939 1269 4012 χωρεῖ

236 4017 341 4104 λόγος.
386 4022 458 4104 θεῷ
487 4018 547 4103 γὰρ
575 4022 676 4102 πατρὶ
706 4022 760 4084 καὶ
790 4020 851 4103 υἱῷ
880 4022 935 4084 καὶ
966 4014 1047 4104 άγέηι
1081 4023 1295 4106 πνεόματαη

235 4122 387 4181 τουτέστι
408 4120 447 4202 τῇ
470 4116 581 4201 τριάδι
602 4120 641 4203 τῇ
665 4115 746 4202 οόση
771 4113 854 4198 ὅπερ
878 4111 896 4180 ό
919 4109 965 4182 ῶν
987 4116 1079 4194 θεὸς,
1108 4121 1272 4192 καλεῖται

236 4211 346 4298 πατὴρ
370 4208 387 4277 ό
411 4209 466 4293 ῶν,
495 4217 547 4280 καὶ
571 4213 643 4292 υἱὸς
665 4210 683 4279 ὁ
705 4208 751 4279 ιόν
774 4213 860 4300 πρὸς
888 4212 945 4279 τὸν
968 4210 1048 4280 όντα
1071 4206 1129 4294 ῶν,
1154 4242 1275 4306 γεγεν-Ι
