2867 5084
271 946 336 1010 406
507 961 711 1011 ιιιτιψοιιτον
727 961 823 1011 xm
841 960 1028 1011 Αινεεειιν
1044 961 1073 1008 r.

271 1110 471 1177 παντάπασι
492 1109 648 1194 βούλεται
670 1105 771 1176 αὐτὸν
790 1107 964 1193 ἀλλότριον
980 1103 1065 1177 εἶναι
1080 1111 1139 1174 τοῦ
1156 1110 1300 1193 πατρὸς,

269 1210 325 1274 καί
348 1203 420 1273 οὐδ’
446 1204 532 1285 ὅλως
553 1212 732 1290 μετέχοντα
758 1209 873 1291 θεῑκῆς
906 1202 1038 1285 οάσίας,
1072 1205 1107 1285 ἐξ
1135 1195 1182 1273 ῶν
1209 1207 1301 1274 πάν-

270 1328 347 1372 τοτε
362 1306 532 1391 τολμηρῶς
550 1299 814 1390 ἀποφθέγγεται.
844 1302 967 1389 τὸγὰρ
990 1305 1095 1389 λέγειν
1118 1298 1171 1369 ὅτι
1194 1298 1298 1370 αὐτὸν

271 1396 446 1489 ἀγέννητον
479 1400 632 1487 γινώσκει
659 1401 714 1467 καὶ
741 1404 927 1488 γεννητικῆς
956 1400 1087 1487 φύσεως
1116 1395 1175 1466 οὐκ
1203 1396 1350 1473 οἷδενθτίί

246 1497 399 1579 δὲαυτὸν,
421 1499 527 1586 μάτην
550 1493 627 1582 παρ’
653 1493 742 1583 αὐτῷ
765 1501 818 1563 καὶ
842 1496 880 1563 τὸ
903 1491 962 1565 κάν
984 1497 1041 1565 διὰ
1058 1499 1160 1584 ψιλῆς
1175 1499 1298 1577 λέξειας

270 1596 343 1663 υἱὸν
365 1597 423 1664 τὸν
452 1596 523 1663 υίὸν
551 1598 740 1662 καλεῖσθαι.
782 1589 1052 1681 ἀνατραπήσεται
1080 1595 1116 1661 δὲ
1144 1594 1248 1661 αὐτοῦ
1277 1591 1296 1661 δ

269 1693 376 1778 λόγος.
414 1696 468 1759 καὶ
489 1693 551 1778 γὰρ
574 1688 748 1779 ἀγέννητὸς
770 1691 859 1759 ἐστιν
882 1687 900 1758 ὁ
923 1691 1033 1779 πατὴρ
1055 1697 1108 1757 καί
1125 1692 1297 1779 ίγέννησεν

270 1784 388 1869 ἀϊδίως
410 1789 467 1855 τὸν
488 1793 656 1874 μονογενῆ,
682 1789 814 1876 φάσεως
837 1785 882 1855 ῶν
905 1789 1004 1875 ἑαυτῇ
1018 1788 1221 1875 πρεπούσης,
1247 1793 1296 1876 τῷ

270 1884 328 1953 έναι
349 1885 452 1968 μόνον
474 1885 530 1952 τὸν
552 1890 710 1973 μονογενῆ
733 1892 954 1974 γεγεννηκέναι
979 1889 1032 1952 καὶ
1057 1890 1188 1969 πνεῦμα
1222 1887 1297 1974 ένη·

234 1990 409 2065 Ιονοχέναι,
439 1982 496 2048 τὸν
517 1982 619 2065 μόνον
641 1984 733 2067 μόνῳ
757 1984 813 2050 ἐπὶ
841 1995 1014 2070 μονογενεί
1034 1983 1222 2071 γεννητορα,
1259 1984 1295 2064 ὃς

269 2084 317 2166 τῶ
340 2076 489 2163 ἀνάρχως
515 2088 734 2167 γεγεννημένῳ
758 2083 818 2167 υίῴ
842 2081 1051 2164 συνυπάρχει,
1082 2084 1213 2164 πνεῦμα
1237 2075 1294 2162 ῶν,

270 2182 401 2262 πνεῦμα
423 2178 633 2264 γεγεννηκώς,
666 2180 721 2245 καὶ
745 2174 782 2243 οὖ
807 2182 902 2261 σῶμα
932 2173 977 2245 ῶν
1000 2182 1197 2261 σωματικῶς
1219 2181 1295 2245 δια·

271 2273 497 2358 στελλόμενον,
522 2271 598 2343 οὐδὲ
614 2284 739 2363 φθίνον
756 2280 808 2341 καὶ
824 2266 923 2356 αῧξον
946 2279 997 2342 καὶ
1022 2274 1124 2362 τομὴν
1147 2271 1319 2362 ὕψιστα-ιι

269 2397 378 2456 μενον.
424 2373 477 2438 διὸ
507 2374 600 2458 παρὰ
626 2385 696 2453 τοῖς
727 2371 841 2452 ἀλλοις
874 2377 962 2439 πᾶσι
989 2383 1061 2450 τοῖς
1087 2373 1295 2459 γεγεννηκόσι

232 2472 324 2549 mal
346 2478 561 2555 γεννωμένοις
594 2467 663 2537 ἀλλ’
695 2471 751 2537 ἐπὶ
780 2471 915 2536 πολλῶν
939 2469 1126 2552 ἐπιδέχεται
1147 2466 1165 2557 ἡ
1190 2477 1292 2554 χρεία,

270 2565 419 2637 ένταῦθα
442 2570 478 2634 δέ
501 2565 558 2651 οάχ
579 2565 695 2652 ὅμοιον
710 2579 782 2646 τοῖς
798 2557 873 2634 οὖσι
889 2571 993 2635 πᾶσιν
1009 2564 1027 2652 ἡ
1043 2570 1102 2633 τοῦ
1119 2568 1193 2647 ἑνὸς
1208 2568 1295 2652 πρὸς

269 2664 328 2731 τὸν
351 2666 408 2732 ἕνα
431 2660 515 2743 ἀξία.
555 2666 682 2732 διὸκαὶ
707 2662 807 2744 αὐτὸς
829 2661 847 2730 δ
869 2668 1039 2752 γεννηθεὶς
1063 2665 1238 2748 ἐξαιρέτως
1261 2666 1294 2733 έκ

269 2765 329 2827 τοῦ
353 2761 540 2850 ἕκπληκτως
562 2764 777 2847 γεννίσαντος
799 2759 913 2846 ῶσπερ
937 2759 1006 2829 ἀπὸ
1029 2766 1087 2828 τοῦ
1116 2757 1292 2852 ἀγέννητον

270 2865 473 2946 γεγέννηται,
508 2867 714 2944 συμπρέπων
748 2863 795 2946 τῶ
829 2859 1013 2947 γεννήτορι,
1046 2862 1099 2926 καλ
1124 2855 1224 2939 αὐτὸς
1254 2855 1291 2928 οὗ

230 2961 375 3043 νογεννᾷ,
400 2952 509 3023 σε’·κέτι
530 2957 612 3024 κατά
634 2956 692 3043 την
716 2952 832 3024 οὗσίαν
856 2956 961 3044 φημὶ,
977 2957 1032 3024 ἵνα
1056 2952 1206 3025 ἀπὸτοῦ
1228 2986 1293 3044 μη-

270 3061 339 3123 κέτι
371 3058 486 3140 γεννᾶν
514 3051 582 3121 κατ’
608 3050 724 3122 οάσίαν
752 3058 806 3122 καί
836 3051 905 3122 ἀπὸ
934 3058 992 3120 τοῦ
1015 3058 1072 3123 τὸν
1095 3062 1226 3139 πατέρα
1247 3055 1291 3144 μὴ

269 3158 488 3241 γεγεννῆσθαι
511 3154 546 3232 ἐξ
567 3152 727 3236 ἑκατέρων
741 3157 850 3237 μερῶν
876 3149 894 3240 ἡ
911 3157 1005 3219 πᾶσα
1022 3153 1102 3232 δόξα
1116 3156 1176 3218 τοῦ
1192 3148 1293 3233 ἀξιῶ-

269 3277 375 3335 ματος
397 3252 541 3338 σώζηται
564 3251 597 3317 έν
619 3253 658 3337 τῇ
680 3254 743 3339 μιᾷ
765 3247 894 3336 ἕνότητι
916 3254 973 3334 τῆς
996 3246 1089 3330 ἀξίας
1105 3254 1199 3330 θεοῦ,
1224 3277 1293 3318 πα-

269 3352 347 3430 τρὸς
377 3350 503 3415 τελείου
532 3352 584 3415 καὶ
614 3350 686 3415 υἱοῦ
709 3351 835 3416 τελείου
864 3349 919 3414 καὶ
947 3350 1074 3415 τελείου
1103 3347 1328 3430 πνεάματοςε

229 3440 373 3528 Ἇάγίου.
407 3454 461 3511 καί
484 3445 541 3511 διὰ
562 3450 661 3512 τοῦτο
683 3445 722 3512 τὸ
746 3441 924 3529 ὃμσοάσισν
948 3442 986 3511 οὗ
1011 3446 1134 3528 Ψεῦδος
1157 3441 1248 3514 οἶδεν
1271 3443 1291 3535 ἡ

268 3549 350 3608 θεία
370 3541 490 3628 γραφὴ,
526 3538 602 3610 οὐδὲ
632 3539 649 3610 δ
674 3538 808 3630 εὐσεβὴς
836 3542 992 3629 λογισμὸς
1022 3538 1139 3627 ὁπερλ
1162 3544 1293 3628 πατρὸς

267 3641 322 3707 καὶ
345 3639 419 3704 υἱοῦ
441 3641 494 3704 καὶ
518 3636 612 3722 ἁγίου
635 3639 823 3724 πνεύματος
847 3637 990 3725 εὐσεβῶς
1010 3642 1225 3727 μεμαθηκώς,
1253 3642 1293 3709 τὸ

268 3735 417 3816 δοξάζειν
439 3738 492 3802 καὶ
515 3749 713 3819 προσκυνεῖν
736 3739 771 3805 έκ
792 3742 875 3805 θεοῦ
898 3737 1008 3823 λαβὼν
1030 3738 1089 3825 την
1108 3739 1214 3822 χάριν.

356 3834 409 3920 ιβ.
440 3833 481 3900 Ελ
502 3833 546 3919 μὴ
569 3834 608 3900 τὸ
631 3830 805 3924 ἀγέννητον
833 3835 891 3924 τὴν
915 3833 1101 3903 ἀπόστασιν
1122 3839 1181 3901 τοῦ
1206 3840 1319 3905 θεοῧῦ

230 3932 481 4018 ωπορίστησιν,
506 3927 573 3998 ἀλλ’
600 3933 752 4012 ἐπινοίας
774 3933 863 3999 ἐστίν
886 3930 1103 4017 ἀνθρωπίνης
1125 3933 1163 3999 τὸ
1190 3928 1296 4021 ἀσάγ-

268 4054 379 4112 κριτον
403 4026 516 4114 ὄνομα,
549 4030 644 4114 χάριν
666 4042 739 4110 τοῖς
761 4029 959 4117 έπενοησασι
981 4031 1133 4114 γινώσκει
1157 4025 1175 4095 ὁ
1199 4032 1294 4114 θεὸς,

269 4126 326 4192 διὰ
348 4125 406 4212 τὴν
418 4123 592 4214 ἀγέννητον
615 4127 778 4207 ἐπίνοιαν,
801 4127 859 4213 τὴν
874 4124 1037 4213 ὑπεροχὴν
1053 4130 1111 4193 τοῦ
1127 4121 1297 4213 ὀνόματος

267 4219 307 4287 σά
331 4230 441 4308 φέρων
463 4227 497 4292 έν
520 4221 626 4311 οὐσίᾳ.
