2867 5084
108 185 1294 459 u

240 989 302 1053 232
467 1000 668 1050 Επιυιοιωκ
685 1000 781 1050 xm
800 999 986 1050 mmmm
1004 1002 1033 1049 ο.

323 1158 373 1218 76.
404 1144 488 1217 Εἶτα
511 1151 630 1217 λοιπόν
652 1158 844 1236 μεταβαίνει
868 1151 914 1230 εἴς
937 1148 1124 1236 πρόσωπον
1149 1151 1259 1236 ἕτερον
1288 1184 1290 1190 ·

237 1249 358 1328 πάλιν,
388 1255 447 1314 τοῦ
469 1248 597 1333 πατρὸς
619 1244 870 1326 ὑποτάσσοντος
892 1248 1003 1314 πάντα
1024 1251 1072 1332 τῷ
1096 1250 1175 1336 υἱῷ,
1206 1257 1259 1314 καί

238 1371 320 1434 φησι
334 1346 476 1422 ,“πάντα
498 1344 658 1426 ὑπέταξεν
679 1343 746 1411 ὑπὸ
764 1346 841 1424 τοὺς
856 1346 965 1423 πόδας
981 1339 1097 1411 αὑτοῦ·
1123 1346 1258 1429 ἔσχατος

238 1444 358 1530 ἐχθρὸς
379 1455 589 1531 καταργεῖται
613 1440 630 1509 5
654 1442 830 1520 θάνατος’.
868 1439 975 1509 οόκέτι
999 1445 1034 1509 δέ
1058 1437 1129 1508 άπδ
1152 1464 1256 1527 προσ-

214 1540 332 1625 5ώπου
356 1541 483 1628 πατρὸς
504 1541 623 1624 μόνον,
648 1536 725 1606 οὑδὲ
748 1535 817 1607 άπὸ
840 1540 1027 1623 προστάτου
1049 1539 1123 1605 υλοῦ
1145 1540 1255 1624 μόνον,
1284 1526 1292 1541 ’

238 1635 322 1706 άλλά
346 1645 531 1724 μεσαίτατα
559 1642 626 1703 τῶν
655 1637 848 1722 προσιόντων
871 1636 999 1722 πατρὸς
1020 1640 1073 1703 καλ
1096 1638 1172 1703 υίοὺ
1196 1661 1256 1725 φη·

237 1760 291 1803 σιν
314 1739 470 1818 “ἴσχατος
493 1735 613 1820 ἐχθρός
633 1745 844 1821 καταργεῖται
868 1730 886 1798 ό
910 1734 1088 1812 θάνατος’.
1120 1732 1201 1801 ὅταν
1222 1733 1273 1800 δὲ’

238 1834 333 1920 εἴπῃ,
365 1829 416 1899 ότι
439 1832 549 1899 πάντα
572 1829 660 1919 αὐτῷ
683 1829 921 1912 ὑποτέτακται,
945 1831 1070 1918 ἤθελον
1093 1830 1253 1920 ἐρωτῆσαι

237 1928 314 2008 τοὺς
337 1924 470 2008 αὑτοὺς,
500 1925 569 1996 άπὸ
592 1929 779 2014 προσώπου
801 1936 891 2008 τίνος
913 1930 951 1994 τὸ
975 1931 1053 2016 εἴπῃ
1077 1931 1174 2016 λέγει.
1216 1927 1270 1994 vhe

200 2046 228 2097 10
236 2027 297 2112 γάρ
319 2026 430 2110 βάθος
451 2029 517 2093 τῶν
538 2035 727 2114 μυστηρίων
749 2030 808 2092 τοὺ
831 2030 913 2093 θεοῦ
936 2031 1169 2110 πνευματικῶς
1184 2026 1252 2103 τοὺς

238 2120 411 2208 σαρκικοδς
439 2132 549 2207 κρίνει.
597 2120 614 2189 5
642 2124 702 2210 γάρ
732 2123 885 2210 σαρκικὸς
914 2119 950 2189 οὑ
981 2125 1107 2206 δέχεται
1137 2126 1179 2192 τὰ
1199 2126 1251 2190 τοῦ

237 2222 440 2306 πνεύματος·
462 2228 572 2305 μωρία
594 2220 655 2307 γὰρ
679 2216 768 2307 αὑτῷ
792 2220 890 2287 ἐστιν.
923 2222 1070 2288 ἐνταῦθα
1093 2221 1156 2307 γάρ
1179 2219 1251 2287 ὅταν

239 2323 316 2406 εἴπῃ
341 2316 394 2384 ότι
415 2318 527 2385 πάντα
550 2312 639 2405 αὑτῷ
662 2315 893 2398 ὑποτέτακται,
918 2319 948 2386 εἴ
969 2320 1028 2401 μέν
1045 2314 1062 2382 5
1080 2319 1191 2406 πατὴρ
1206 2320 1264 2384 λέ-·

237 2443 287 2502 γει
309 2414 394 2502 πρὸς
416 2417 473 2482 τὸν
496 2415 577 2497 υἱόν,
603 2416 740 2504 έλλιπίγς
755 2412 773 2500 ἡ
791 2424 1016 2501 πραγματεία·
1041 2411 1184 2496 ὑπέταξε
1197 2415 1251 2502 γὰρ

201 2511 255 2584 15ό
280 2512 349 2592 υἱός
371 2513 412 2579 τά
434 2515 545 2579 πάντα
567 2518 613 2599 τῷ
637 2521 757 2597 πατρί·
781 2515 810 2579 εί
832 2515 867 2580 δὲ
892 2510 961 2580 άπὸ
980 2513 1169 2596 προσώπου
1185 2514 1251 2580 vim}

237 2611 275 2677 τό
299 2607 377 2676 όταν
401 2611 479 2696 εἴπῃ
505 2607 556 2676 ὅτι
579 2611 620 2676 τὰ
636 2611 746 2677 πάντα
762 2606 851 2696 αὑτῷ
874 2606 1095 2676 ὑποτέτακται
1119 2613 1252 2696 λέγεται,

238 2708 371 2785 ἐλλιπές
392 2707 431 2771 τό
455 2707 617 2793 φρόνημα,
643 2706 694 2774 ότι
722 2708 899 2794 μελλῃτικά
922 2732 996 2774 τινα
1019 2707 1052 2774 έν
1077 2713 1158 2793 θεῷ,
1182 2703 1253 2795 ἢέν

238 2804 355 2887 πατρῖ,
385 2797 405 2889 ἢ
436 2803 469 2869 έν
492 2805 553 2889 υἱῷ
577 2807 749 2890 λογίζεται.
794 2813 845 2884 τίς
869 2808 904 2870 δέ
926 2806 1014 2871 ίστιν
1039 2800 1054 2869 5
1080 2807 1182 2891 λέγων
1206 2802 1253 2871 ότι

238 2901 348 2968 πάντα
376 2896 614 2985 ὑποτέτακται,·
646 2899 683 2968 οὑ
706 2903 767 2988 γάρ
791 2897 898 2982 εἶπεν,
929 2900 1007 2968 όταν
1031 2903 1183 2969 εἴπωσιν.
1227 2902 1276 2969 elib

198 2999 297 3085 ῖογάρ
320 2989 358 3086 ἦν
381 3001 480 3081 τοῦτο
503 3003 561 3064 τοῦ
584 3002 657 3066 υίοῦ
680 2999 718 3065 τό
736 2997 814 3065 ὅταν
832 3001 954 3065 εἴπωσι
971 3000 1156 3084 λεγόμενον,
1182 2995 1255 3087 ἠδό-

237 3123 315 3166 νατο
345 3099 560 3184 πληροῦσθαι
590 3092 611 3183 ἢ
640 3098 695 3164 ίπί
725 3096 803 3175 τοὺς
836 3092 1006 3181 ἀγγέλους,
1040 3091 1062 3183 ἢ
1091 3097 1147 3164 ἐπὶ
1182 3097 1256 3176 τοὺς

235 3192 468 3281 ὑποταγέντας.
501 3196 616 3282 ἐπειδὴ
641 3196 675 3261 δὲ
699 3194 767 3261 άνω
791 3194 932 3280 ε’σόμανε
948 3193 1004 3259 τόν
1020 3194 1092 3261 υίόν
1109 3190 1256 3261 ὑποτάσ-

237 3318 338 3360 σοντα
360 3297 406 3380 τῷ
429 3297 531 3377 πατρὶ
553 3295 607 3359 καὶ
623 3291 861 3374 παραδιδόντα,
885 3296 937 3357 καί
954 3290 1011 3356 τὸν
1028 3297 1158 3376 πατέρα
1174 3289 1257 3359 ὑπο-

236 3390 402 3456 τάσσσντα
425 3395 471 3476 τῷ
495 3391 556 3476 υἱῷ
578 3389 619 3456 τά
642 3389 767 3467 πάντα,
799 3391 1027 3472 περιελείπετο
1052 3389 1085 3454 δὲ
1110 3400 1183 3468 τοῖς
1206 3392 1257 3458 λε-

200 3489 391 3573 πξίθῃρεσι
405 3486 442 3551 τὸ
457 3490 515 3552 τοῦ
528 3486 716 3570 πνεύματος
734 3491 791 3552 τοὺ
805 3483 899 3570 ἁγίου
916 3488 1112 3570 πρόσωπον,
1137 3487 1258 3553 τούτου

238 3585 330 3652 ένεκα
360 3578 611 3671 άπαρεμιῃάτως
637 3584 722 3667 μετὰ
748 3583 786 3649 τὸ
816 3583 1001 3666 πρόσκωπον
1023 3586 1081 3647 τοῦ
1106 3584 1181 3649 υἱοῦ
1203 3586 1257 3651 καλ

236 3682 274 3748 τὸ
298 3681 483 3767 πρόσωπον
506 3683 563 3746 τοῦ
587 3680 714 3764 πατρὸς
739 3681 778 3746 τό
801 3682 986 3768 πρόστυποι
1009 3679 1178 3767 ὑπέφαινε
1199 3684 1260 3749 τοῦ

237 3776 331 3867 ἁγίου
354 3778 551 3860 πνεύματος,
575 3781 633 3843 τοῦ
657 3776 911 3864 ἀναγγέλλοντας
934 3774 985 3845 άεί
1001 3777 1042 3842 τά
1058 3777 1189 3862 πατρός
1203 3786 1259 3848 καλ

236 3880 308 3945 υἱοῦ
337 3876 391 3943 καί
421 3875 643 3954 διδάσκοντος,
674 3876 729 3941 ἴνα
757 3876 800 3963 μὴ
830 3878 948 3961 ἐλλιπῆ
972 3875 1097 3962 ποιήσῃ
1121 3874 1182 3963 τὴν
1204 3892 1294 3946 ’τε-8]

197 3977 326 4044 3ολείαν
347 3978 468 4061 γνοῦσιν
491 3972 569 4060 περὶ
591 3976 648 4059 τῆς
669 3973 804 4058 τριάδος
826 3977 877 4039 καλ
902 3981 959 4059 τῆς
975 3970 1132 4057 ίνσάρκου
1148 3998 1261 4059 προσ·

236 4074 395 4160 λῃπτικῆς
411 4071 507 4159 δόξῃς
524 4078 717 4157 παρουσίας.
751 4064 830 4147 είια,
855 4075 964 4156 (γῃσὶν,
984 4071 1118 4153 ἴσχατος
1134 4070 1262 4157 ἐχθρός

235 4164 1262 4255 καταργεῖταιόίίάνατος.ὅδὲκαταργῃδεὶςπεπίδῃται,οόκίτι

236 4264 372 4349 ἐνεργῶν
386 4265 404 4330 5
417 4267 548 4353 ἐνεργεῖ,
566 4261 643 4333 οὑδὲ
656 4260 706 4331 ἔτι
716 4259 890 4348 ὑπάρχων·
907 4267 959 4360 καὶ
972 4264 1033 4350 γὰρ
1044 4264 1261 4356 κατήργηται.
