2867 5084
280 941 345 1005 368
515 951 719 1002 ιτσισιντον
736 950 831 1000 xm
849 949 1037 1000 ,ιινιετιετκτ
1052 951 1081 998 r.

278 1105 427 1191 λέγουσι,
465 1101 707 1185 κροπτάζονται
747 1102 783 1167 δὲ
815 1101 873 1165 τοῦ
913 1099 989 1166 τότε
1020 1099 1201 1183 βασιλέως,
1246 1092 1303 1164 οῦκ

278 1201 436 1278 ἐναντίως
466 1199 597 1281 ἔχοντος
625 1198 711 1282 πρὸς
739 1199 797 1283 τὴν
822 1194 994 1282 Ἀρειανὴν
1029 1198 1303 1281 δραματουργῶν,

279 1294 366 1366 άλλὰ
395 1300 498 1384 δῆθεν
528 1293 674 1380 εὐσεβεῖν
702 1296 902 1378 νομίζοντος.
951 1293 990 1359 τὸ
1016 1293 1160 1378 μὲνγὰρ
1184 1302 1305 1376 κτίσμα

280 1391 455 1481 ὁμολογεῖν
490 1393 547 1459 τὸν
582 1393 653 1459 υἱὸν
681 1395 739 1458 τοῦ
767 1395 851 1459 θεοῦ
885 1391 1150 1477 παραιτούμενος
1185 1385 1305 1479 ἦγανά·

255 1510 350 1562 ὅκτει
377 1495 429 1559 καί
461 1492 508 1570 είς
543 1487 766 1575 ὑπερορισμὸν
794 1491 983 1568 κατέταξεν,
1015 1486 1061 1567 ῶς
1089 1486 1159 1555 ἄνω
1183 1490 1306 1572 προδε-
1332 1492 1346 1540 ³

281 1591 438 1679 όηλωται.

367 1697 396 1754 4.
425 1682 593 1753 Ἐντεῦθεν
617 1681 696 1771 άρχη
720 1687 778 1771 τῆς
800 1684 959 1766 αἱρέσεως
975 1689 1143 1771 γεγένηται
1165 1687 1220 1749 καλ
1236 1677 1307 1750 άπὸ

281 1791 339 1872 τῆς
360 1788 440 1868 μιᾶς
463 1778 660 1860 ὑποθέσεως
689 1781 736 1859 είς
759 1781 885 1867 πολλὴν
914 1784 1020 1847 κακῶν
1050 1780 1158 1868 φορὰν
1189 1776 1307 1866 άρθελς

283 1876 404 1966 όάνηρ
435 1879 493 1965 τὴν
522 1880 688 1956 διάνοιαν,
724 1880 840 1957 δεινῶς
868 1885 1070 1960 κατέτρωσεν
1099 1879 1219 1944 ἑαυτοῦ
1250 1878 1306 1964 τὴν

243 1996 274 2047 ιο
285 1977 390 2065 ψυχὴν
413 1979 555 2042 καὶτῶν
578 1972 667 2062 αὐτῷ
688 1981 909 2042 πεισθέντων.
965 1975 1222 2063 ίφαντασιάσθη
1245 1975 1306 2061 γάρ

282 2065 380 2154 οὗτος
402 2071 537 2156 ὕστερον
561 2074 669 2141 εἰπεῖν
692 2069 792 2152 αὑτός
814 2075 923 2140 τεκαὶ
949 2073 979 2138 οἱ
1003 2068 1058 2138 ὑπ’
1077 2068 1178 2139 αὑτοῦ
1201 2098 1308 2158 μεμα-

283 2179 482 2260 θητεσμένοι
515 2168 568 2237 ότι
591 2168 704 2249 οὑτως,
731 2175 822 2257 φησί,
857 2170 914 2237 τόν
938 2170 1019 2237 θεὸν
1042 2171 1228 2255 ἐπίσταμαι
1252 2196 1308 2257 τη-

282 2274 501 2356 λαυγέστατα,
536 2268 592 2335 καὶ
623 2272 783 2334 τοσοῦτον
812 2263 911 2333 αὑτὸν
935 2268 1119 2351 ἐπίσταμαι
1151 2268 1207 2334 καὶ
1229 2263 1308 2334 olda

283 2366 369 2436 ὥστε
390 2366 434 2454 μη
459 2368 581 2435 εἰδέναι
604 2366 745 2450 ἐμαυτόν
768 2361 813 2443 ῶς
832 2366 912 2432 θεὸν
936 2367 1084 2448 [μᾶλλον]
1108 2366 1304 2448 ἐπίσταμαι.

242 2465 367 2542 ττάλλα
390 2467 425 2531 δὲ
449 2462 512 2529 ὅσα
534 2467 611 2547 περὶ
634 2464 753 2529 τοῦτον
782 2459 972 2549 άκηκόαμεν,
1002 2463 1117 2542 καθῶς
1146 2464 1266 2542 δεινῶς
1288 2459 1348 2530 ὑίὲ

284 2563 440 2646 διάβολος
468 2559 535 2627 κατ’
567 2556 667 2627 αὑτοῦ
697 2560 938 2646 ἐμηχανήσατο,
976 2560 1082 2642 ψυχάς
1111 2556 1308 2645 ἀνθρώπιον

283 2661 529 2726 όελεασθέντων
562 2654 738 2723 ἀπολέσαι.
782 2661 835 2722 καλ
864 2656 926 2743 γὰρ
955 2653 1013 2723 οῦκ
1042 2655 1156 2742 άγεται
1190 2653 1310 2737 αῦτσίς

282 2755 457 2838 περὶβίου
480 2753 688 2837 σεμνότητος,
720 2750 758 2818 οῦ
788 2758 864 2837 περὶ
889 2758 1056 2841 νηστειῶν,
1090 2749 1128 2819 οῦ
1152 2758 1233 2840 περὶ
1258 2755 1310 2822 ἰν-

281 2852 456 2935 ταλμάτων
484 2854 584 2927 θεοῦ,
619 2848 658 2916 οῦ
687 2857 766 2933 περί
794 2875 884 2929 τινος
913 2852 1025 2936 ἑτέρον
1054 2855 1120 2917 τῶν
1149 2852 1197 2931 είς
1223 2852 1310 2940 ζωὴν

239 2947 481 3032 αοάνθριόποις
504 2947 537 3012 ἐκ
561 2950 643 3013 θεοῦ
667 2955 971 3031 προστεταγμένων,
1003 2944 1022 3034 ἢ
1043 2948 1147 3032 μόνον
1169 2949 1313 3034 πρόχει-

282 3070 340 3132 ρος
363 3042 477 3123 αῦτοίς
500 3039 518 3110 ὁ
541 3043 638 3127 λόγος
661 3040 701 3110 δι’
721 3044 793 3124 ἑνός
815 3046 961 3130 ῥήματος
982 3047 1021 3112 τό
1037 3051 1114 3124 πᾶν,
1149 3041 1196 3124 ῶς
1212 3049 1313 3127 εἴτις

283 3140 353 3212 άπὸ
381 3142 458 3231 νηὸς
486 3143 591 3228 ῥίψας
619 3148 673 3209 καὶ
701 3143 759 3228 την
788 3148 901 3209 πᾶσαν
929 3144 1065 3230 ἐκβολὴν
1094 3146 1152 3209 τοῦ
1182 3142 1314 3224 παντός

283 3242 410 3328 φόρτου
440 3240 599 3327 ποιησας,
625 3240 778 3327 κατάσχῃ
808 3242 843 3306 δὲ
872 3242 906 3307 ἓν
928 3266 961 3306 τι
983 3245 1048 3306 τῶν
1072 3240 1105 3307 έν
1128 3244 1174 3326 τῷ
1199 3244 1313 3330 πλοίῳ

284 3340 548 3423 έμβεμλημένων,
583 3339 725 3423 κεράμου
753 3344 789 3403 τέ
812 3362 913 3423 φημι,
949 3336 1079 3423 ἤτινος
1103 3338 1234 3423 ἑτέρου,
1265 3336 1313 3419 ῶς

239 3437 452 3510 τεόάνασθαι
487 3437 518 3500 δι
559 3436 631 3513 ἑνὸς
658 3435 793 3514 σκεύους
821 3434 878 3499 τόν
911 3435 1023 3500 πάντα
1045 3435 1169 3502 πόντον
1193 3437 1337 3522 όιανή-ι)

284 3533 411 3610 ξασθαι
433 3535 485 3597 καί
510 3539 674 3616 σωτηρίαν
700 3534 806 3618 ἑαυτῷ
824 3538 1137 3615 ττροσντορέσασθαι,
1162 3537 1313 3621 σφαλέν-

283 3652 340 3707 τος
363 3631 398 3694 d&
420 3632 478 3694 τοῦ
500 3629 653 3694 τοιοῦτον
675 3633 729 3695 καλ
753 3625 810 3711 οῦχ
833 3624 877 3706 ῶς
900 3625 1112 3715 ὑπελάμβανε
1143 3631 1224 3714 περὶ
1249 3635 1311 3698 τοῦ

282 3726 366 3812 μετὰ
387 3736 481 3809 χεῖρα
503 3725 636 3804 σκεόους
663 3726 701 3791 τὸ
725 3733 830 3811 πέρας
853 3723 1020 3810 εὑρόντος,
1060 3725 1196 3812 ὕστερον
1222 3725 1312 3796 ῦπα-

282 3830 416 3910 βρυχίοο
439 3822 618 3908 γεγονότος,
643 3823 794 3891 ἐκπεσεῖν
813 3827 870 3910 της
886 3824 997 3911 πάσης
1019 3832 1250 3911 πραγματείας
1273 3853 1312 3895 τε

238 3924 337 3993 δοκαλ
366 3927 544 4006 σωτηρίας·
578 3918 664 3986 οὑτω
699 3926 753 3987 καὶ
788 3910 884 3999 οὑτσς
913 3918 930 3986 ό
957 3916 1085 4001 Ἀέτιος
1117 3926 1171 3988 καὶ
1210 3924 1244 3990 οἱ
1275 3924 1314 4005 l}

284 4014 385 4085 αὑτοῦ
405 4013 578 4103 Ἀνόμοιοι
611 4019 658 4096 εἰς
678 4025 780 4102 μέσον
804 4024 960 4105 φέροντες
992 4019 1031 4086 τὸ
1053 4021 1152 4108 ῥητὸν
1175 4019 1214 4085 τό
1239 4017 1311 4090 ὑπὸ

283 4119 342 4181 τοῦ
364 4123 476 4197 κυρίου
500 4116 533 4183 έν
555 4119 601 4200 τῷ
632 4111 806 4201 εὐαγγελίῳ
841 4116 1009 4202 εἰρημένον
1041 4120 1099 4204 τὴν
1127 4119 1188 4201 μὲν
1218 4120 1312 4200 λέξιν

283 4206 494 4296 ὑφηγοῦνται,
517 4212 574 4300 τὴν
591 4215 627 4279 δὲ
643 4207 743 4299 αὐτῆς
758 4213 896 4296 δύναμιν
913 4208 971 4280 οῦκ
987 4208 1101 4299 ὀρθῶς
1116 4220 1313 4298 κατέχοντες
