2867 5084
239 949 302 1011 284
468 961 675 1010 εσιοισιον
691 960 787 1008 τιτι
805 959 990 1008 mmm
1006 961 1036 1008 r.

235 1109 334 1198 ἤγουν
359 1113 480 1196 Κοίλης
502 1116 631 1193 Συρίας.
670 1110 703 1174 οἱ
726 1111 762 1175 δὲ
784 1103 877 1174 αὐτοὶ
900 1107 955 1174 καί
979 1106 1139 1191 περὶτοῦ
1162 1104 1257 1193 ἁγίου

237 1210 424 1291 πνεύματος
457 1208 538 1285 ἰ’σιυς
571 1218 643 1284 τοῖς
671 1205 966 1288 Πνευματομάχοις
1000 1205 1085 1272 είσλν
1118 1205 1255 1287 ἔχοντες.

239 1304 346 1371 σάκε’τι
368 1303 428 1390 γὰρ
452 1300 497 1383 ὡς
518 1304 602 1388 μετὰ
624 1303 858 1388 δυσωπήσεως,
882 1298 902 1384 ἢ
924 1301 1007 1386 μετά
1027 1325 1118 1379 τινος
1142 1303 1256 1369 διστα-

237 1406 348 1468 κτικοῦ
371 1402 484 1486 λόγου,
520 1398 564 1480 ὠς
591 1404 750 1483 περὶτοῦ
779 1401 851 1465 υἱοῦ
874 1397 1103 1483 αἰσχυνόμενοι
1130 1401 1255 1466 τέλειον

214 1507 358 1584 5κτίσμα
381 1495 480 1564 αὐτὸν
503 1500 620 1576 εἰπεῖν,
652 1494 736 1582 ὅπερ
765 1500 818 1562 καὶ
842 1493 946 1574 οὕτως
970 1498 1088 1579 ἔχουσι.
1135 1498 1193 1563 διά
1221 1498 1254 1563 δὲ

237 1597 294 1664 τὸν
317 1596 402 1682 πρὸς
425 1593 628 1678 ἀνθρώπους
651 1593 757 1680 φόβον
774 1593 974 1680 ἐπιφέρουσι
988 1594 1026 1658 τὸ
1043 1590 1254 1676 ὁμοισοάσισν

237 1699 289 1761 καὶ
313 1695 351 1759 τὸ
373 1701 495 1774 κτίσμα
518 1689 575 1774 οὐχ
598 1688 643 1770 ὦς
666 1695 700 1758 ἓν
722 1694 788 1756 τῶν
804 1691 1000 1774 κτισμάτων.
1038 1695 1116 1774 περὶ
1142 1693 1177 1758 δὲ
1198 1693 1252 1756 τοῦ

238 1789 333 1874 άγίου
355 1791 557 1870 πνεύματος,
588 1785 633 1867 ὥς
656 1791 753 1875 ἔφην,
778 1783 815 1853 οὗ
840 1789 1055 1866 διστακτικῶς
1078 1784 1290 1871 ὁρμῶνταιβίί

239 1882 307 1952 ἀλλ’
328 1883 372 1964 ιῦς
387 1889 586 1972 λυσσητηρες
607 1885 699 1963 κύνες
723 1884 870 1972 ἀφειδῶς
894 1883 1015 1967 κτίσμα
1031 1881 1112 1951 αὐτὸ
1128 1883 1249 1951 παντά-

201 1999 229 2048 10
239 2008 342 2051 πασιν
366 1979 539 2067 ὁρίζονται,
569 1982 624 2048 καὶ
646 1980 751 2060 οὕτως
775 1984 1053 2067 διαβεβαιοῦνται,
1080 1985 1135 2048 καὶ
1159 1978 1249 2048 άλλδ·

237 2105 329 2166 τριον
352 2080 479 2164 πατρὸς
501 2085 554 2146 καί
580 2080 650 2144 οἱοῦ
674 2076 831 2164 ὑπάρχον.
868 2087 922 2145 καί
945 2081 1001 2146 ἵνα
1022 2079 1065 2166 μη
1089 2105 1142 2157 τις
1165 2081 1247 2146 ε’ίποι
1272 2158 1277 2166 ⁰

237 2179 320 2245 κατά
343 2177 584 2265 συκοφάντησιν
606 2177 689 2243 κατά
716 2204 816 2242 τινων
844 2173 930 2261 ἡμᾶς
959 2180 1080 2261 λέγειν,
1112 2178 1247 2243 ἐνταῦθα

237 2276 481 2362 παραθήσομαι
510 2271 555 2352 ιῦς
584 2275 727 2360 ἔγραψεν
757 2276 893 2351 ἕκαστος
928 2270 1036 2339 αὐτῶν
1067 2270 1244 2358 ἐπιστολὴν,

238 2377 415 2452 Βασίλειος
437 2376 496 2456 μὲν
524 2380 619 2456 μίαν,
650 2378 679 2435 Γ
678 2371 812 2455 ειδργιος
842 2373 877 2436 δὲ
907 2366 924 2435 ὁ
952 2373 1161 2448 Λαοδικείας
1189 2367 1245 2453 &pa

202 2487 229 2536 15
239 2474 405 2556 Βασιλείφ
427 2474 478 2535 καλ
502 2481 574 2546 τοῖς
597 2469 655 2534 σὺν
679 2465 767 2552 αὐτῷ
791 2466 900 2553 άλλην.
935 2471 988 2533 καί
1012 2468 1096 2534 εἰσὶν
1121 2467 1201 2535 αἵδε.

322 2576 351 2635 2.
384 2563 450 2630 “‘H
469 2563 546 2650 άγῖα
565 2566 703 2642 σύνοδος
727 2561 744 2650 ἡ
770 2566 803 2631 ἐν
822 2559 963 2652 >Λγκδρη
985 2565 1263 2650 προσεγγίζοντυςΒ

236 2670 294 2731 τοῦ
318 2665 438 2745 Πάσχα
461 2663 495 2728 ἐκ
517 2662 686 2748 διαφόριυν
711 2663 877 2745 ἐπαρχιῶν
911 2671 1176 2748 συγκροτηδεῖσα
1201 2685 1243 2726 xv·

237 2769 322 2846 ρίοις
349 2759 564 2843 τιμιωτάτοις
593 2762 645 2824 καί
677 2755 862 2841 ὁμοψύχοις
893 2762 1159 2877 σηλλειτουργοῖς
1186 2765 1246 2830 τοῖς

238 2859 272 2924 ἐν
297 2863 434 2942 Φοινίκη
457 2880 511 2920 και
533 2866 605 2932 τοῖς
627 2858 763 2934 λοιποῖς
791 2868 863 2934 τοῖς
890 2857 932 2922 τά
966 2853 1050 2922 αυτὰ
1072 2851 1151 2971 ἡμῖν
1163 2875 1246 2970 φρη·

199 2959 350 3020 ῖθνοῦσιν
381 2953 414 3019 ἐν
442 2959 542 3038 κιρίοι
572 2959 708 3036 χαίρειν.
751 2948 917 3035 ευχάμεδα
944 2956 1003 3036 μὲν
1025 2953 1110 3036 μετὰ
1131 2980 1190 3039 την
1211 2943 1247 3024 άς

238 3053 271 3119 ἐν
294 3078 373 3135 πυρι
397 3050 524 3128 τοῖςέν
546 3055 637 3135 μέσην
659 3075 783 3136 γεγενηγ
771 3057 883 3132 μένοις
910 3047 993 3134 ὑπὲρ
1024 3055 1082 3136 τῆς
1111 3057 1249 3124 πίστεως

237 3159 438 3234 πειρασμοῖς
465 3147 611 3232 βάσανον
645 3152 703 3234 τῆς
733 3148 999 3234 ἐκκλησιαστικῆς
1028 3155 1176 3226 πίστεως
1202 3141 1250 3212 καὶ

236 3248 279 3316 τὰ
302 3250 357 3314 ἐπὶ
379 3250 438 3332 τῆς
459 3251 711 3311 Κωνσταντίνυα
735 3245 865 3322 πόλεως
894 3244 950 3311 διά
975 3244 1173 3329 Μάρκελλον
1204 3267 1252 3329 γε·

237 3352 403 3429 γενημένα,
426 3343 482 3408 καὶ
503 3342 586 3424 μετά
608 3342 666 3428 τὴν
689 3343 821 3408 ἐκδεσιν
838 3346 897 3425 τῆς
912 3349 1057 3419 πίστεως
1072 3342 1106 3408 ἐν
1125 3345 1165 3428 τῇ
1182 3365 1253 3407 συν·

198 3439 304 3525 ῖσόδιο
334 3439 651 3525 συγκροτηθείσης’
638 3465 692 3505 επι
729 3450 801 3517 τοῖς
830 3440 1005 3524 ἐγκαινίοις
1039 3441 1159 3524 τηςν
1125 3437 1159 3505 ἐν
1179 3433 1278 3507 ’Λα-(ἰ

236 3543 362 3621 τιοχείηι
384 3535 562 3620 ἐκκλησίας,
596 3562 650 3601 και
671 3536 756 3618 μετὰ
777 3541 881 3602 ταῦτα
901 3535 984 3603 κατὰ
1005 3533 1179 3621 Σαρδικην,
1203 3536 1256 3602 καλ

236 3633 295 3720 την
318 3632 384 3698 ἐκεῖ
406 3621 509 3709 αὖθις
530 3626 727 3717 άνθήσασαν
750 3641 875 3711 πίστιν,
905 3632 1000 3699 καί)
983 3658 1032 3699 ετι
1053 3631 1137 3714 μετὰ
1158 3631 1204 3700 τὰ
1225 3632 1258 3700 ἐν

236 3736 364 3817 ..ιρμίιυ
388 3728 444 3794 ἐπὶ
469 3732 626 3812 Φιοτεινοῖ
648 3738 851 3817 γεγενημένα,
877 3757 905 3797 ει
898 3731 986 3813 ’μὲν
1002 3755 1057 3795 και
1048 3729 1260 3813 λογισμοῖς,

238 3828 295 3906 οὓς
317 3821 367 3912 ἐφ’
393 3823 518 3911 ἑκάστῳ
547 3825 706 3911 περὶτῆς
728 3835 874 3906 πίστεως
896 3828 1065 3913 κεφαλαίῳ
1088 3826 1263 3913 ἐπερωτη-

198 3932 352 4002 σσίλέντες
374 3921 452 4006 περὶ
474 3926 540 3988 τῶν
562 3922 596 3988 ἐν
618 3926 763 4010 Σαρδικῇ
793 3924 878 4007 πρὸς
906 3925 964 4009 τὴν
993 3919 1157 4009 άνατολην
1191 3927 1263 3993 διε-

237 4021 371 4087 στώτων
394 4020 589 4103 ἐξεθέμεθα,
613 4015 774 4106 ἠρεμῆσαι
798 4021 926 4099 λοιπὸν,
951 4021 1005 4087 καὶ
1022 4021 1212 4106 ἐντιθείσης
1227 4023 1263 4090 ἐν

236 4121 274 4202 τῇ
299 4113 426 4200 εὐσεβεῖ
446 4120 601 4203 βασιλείᾳ
628 4120 687 4182 τοῦ
716 4116 882 4181 δεσπότου
905 4113 997 4202 ἡμῶν
1019 4123 1262 4188 Κωνσταντίσυ

235 4215 294 4297 της
315 4209 384 4277 ἀπὸ
407 4209 568 4297 ἀνατολῆς
583 4215 645 4290 ἕως
661 4213 794 4293 δυσμῶν
810 4212 989 4299 ἐκκλησίας,
1013 4215 1264 4301 ἐκβεβλημένον

584 4462 785 4640 ἢ
