2867 5084
496 980 615 1032 LXXVI.
634 982 823 1032 ANOMOIOL
1104 975 1163 1034 411

138 1132 252 1200 πάλιν
275 1130 391 1210 πάθος
415 1127 451 1197 ὄν
475 1135 550 1217 περί
576 1126 675 1197 αάτὸν
699 1134 935 1216 διανοούμεθα,
959 1135 1170 1221 γεγεννηκότα

139 1231 205 1296 τὸν
233 1225 396 1315 άληθινὸν
430 1230 516 1308 υἱὸν,
552 1224 723 1343 άληθινώς
737 1225 904 1346 άνάρχως
937 1236 989 1298 καί
1024 1229 1170 1316 άχρόνιος

140 1323 392 1412 ὁμολογοῦντες
425 1326 534 1392 διὸ
501 1353 559 1413 την
582 1351 684 1414 φισιν
707 1322 808 1391 αὐτοῦ
823 1328 1025 1411 γινώσκομεν
1047 1327 1170 1398 άκατά-

142 1427 274 1512 ληπτον
297 1414 399 1492 οὖσαν
421 1424 476 1489 καὶ
505 1425 612 1491 πάθει
641 1424 684 1509 μῆ
715 1431 939 1538 συνεχομένην.
985 1428 1042 1492 διὰ
1068 1432 1167 1496 τοῦτο

139 1518 368 1605 δμολσγοιμεν
391 1517 491 1586 αι’τὸν
513 1525 566 1586 καί
596 1516 717 1634 άπαθῆ
746 1522 923 1637 γεννῆτσρα
953 1527 1006 1587 καί
1036 1531 1192 1608 κτίστηνῦ

140 1617 274 1705 ἀπαθῆ.
314 1620 462 1706 ίγέννησε
490 1619 551 1703 γὰρ
581 1619 638 1683 τὸν
667 1623 827 1705 μονογενῆ
855 1619 899 1704 μῆ
930 1620 1083 1702 πάσχων,
1112 1623 1167 1689 καλ

141 1712 338 1785 άπέστειλεν
362 1717 397 1795 ἐξ
419 1712 519 1781 αὑτοῦ
542 1716 580 1780 τὸ
604 1712 698 1799 ὄγιον
722 1712 822 1781 αὐτοῦ
839 1719 978 1799 πνεῦμα,
1003 1718 1106 1804 τομῆν
1121 1717 1164 1806 μῆ

109 1810 309 1892 Ιιάποστάς,
344 1818 396 1879 καί
421 1816 527 1879 ἔκτισε
548 1812 590 1878 τά
612 1819 806 1890 κτισθέντα,
845 1816 898 1879 καὶ
927 1814 1100 1897 κτιζόμενα
1121 1815 1166 1902 μῆ

139 1914 265 1988 κακῶν,
293 1914 376 1995 μηδὲ
400 1912 509 1977 πάθει
531 1913 722 1992 συσχεθεὶς,
756 1914 808 1977 καὶ
839 1917 933 1977 ποιεῖ
966 1911 983 1977 ‘d
1011 1913 1166 1996 βούλεται

139 2009 407 2092 συμπρεπάντως
435 2012 475 2095 τῆ
498 2004 600 2074 αὑτοῦ
629 2009 782 2093 θεάτητι,
817 2006 855 2074 οὗ
884 2012 1019 2090 πρώτον
1045 2010 1205 2092 βουλά-10

139 2131 250 2191 μενος,
274 2108 329 2170 ἵνα
350 2106 445 2192 μάθῃ
471 2107 705 2187 διανοούμενος
724 2105 753 2170 εί
766 2103 825 2189 χρῆ
848 2112 1006 2190 γενέσθαι
1028 2108 1066 2171 τὸ
1090 2107 1166 2174 ἐπι·

137 2204 347 2285 τελούμενον,
372 2198 446 2269 οόδὲ
469 2204 670 2286 βουλόμενος
689 2203 857 2286 πράττειν,
882 2206 934 2268 καί
958 2203 1000 2289 μῆ
1026 2204 1166 2287 δυνάμε-

139 2325 197 2380 νος
220 2302 429 2385 ἐπιχορηγεῖν
451 2305 497 2386 τῷ
520 2301 713 2387 βουλήματι,
743 2300 800 2365 διὰ
822 2300 938 2378 πάθος
960 2299 998 2364 τὸ
1020 2301 1166 2367 τελειοά·

138 2421 249 2481 μενον.
287 2396 356 2479 ἅμα
377 2398 438 2482 γάρ
463 2399 527 2479 ἔχει
550 2398 587 2462 τὸ
610 2400 734 2475 θέλειν,
759 2397 797 2462 τὸ
813 2396 981 2481 πράττειν,
1005 2397 1043 2462 τὸ
1057 2423 1165 2483 γεγεν-

139 2501 272 2581 νηκέναι
295 2495 351 2560 τὸν
373 2500 542 2581 μονογενῆ,
567 2495 604 2560 τὸ
627 2502 738 2561 κτίσαι
761 2494 802 2559 τὰ
832 2493 942 2559 πάντα
964 2498 1022 2581 τῆς
1048 2499 1164 2582 θεϊκῆς
1176 2508 1203 2560 15

140 2593 290 2680 φάσεως,
324 2596 377 2658 καί
408 2589 595 2676 ἀξιώματος
623 2588 793 2658 άνιυτάτου
822 2590 918 2669 ὄντος
951 2597 1009 2675 τῆς
1034 2587 1164 2659 Ἀετίου

87 2691 390 2777 Νσολλογιστικῆς
413 2692 540 2769 ίννοίας
562 2695 614 2756 καί
639 2689 750 2776 πάσης
772 2686 1044 2775 άνθριυπὸτητος,
1070 2687 1163 2773 άμεί-

137 2813 237 2866 νσνος
259 2785 354 2867 ὄντος
376 2793 434 2853 τοῦ
457 2792 540 2854 θεοῦ
565 2787 674 2874 πάσης
694 2787 854 2865 ἐπινοίας,
879 2782 917 2851 οό
934 2789 1042 2853 πάθει
1058 2790 1164 2854 εἴκον-

136 2911 214 2966 τος,
253 2881 321 2953 άλῖ
353 2881 523 2952 άνωτάτου
556 2883 651 2964 ὄντος
678 2886 814 2951 πάντων
849 2889 915 2951 τών
949 2891 1074 2952 παθών
1107 2889 1163 2953 καὶ

134 2983 252 3070 πάσης
274 2979 444 3062 ὑπονοίας.
1171 2995 1203 3046 2⁰

228 3080 277 3148 ιε’.
315 3083 356 3148 El
377 3082 415 3146 τὸ
438 3088 579 3167 γέννημα
607 3080 772 3162 άτρεπτάν
801 3079 873 3145 ε’στι
900 3079 1082 3166 τὴνφύσιν
1106 3080 1163 3146 διὰ

131 3176 198 3246 τὸν
219 3178 429 3264 γεννήσαντα,
453 3177 491 3243 τὸ
507 3176 681 3263 άγίνιητσν
705 3173 803 3242 οίσία
821 3174 948 3241 ἐστίν”
926 3200 1099 3257 ατρεπτος,
1123 3170 1162 3241 οὗ

134 3277 197 3344 διὰ
219 3276 360 3393 γνώμην,
384 3273 468 3343 άλλά
491 3277 547 3343 διὰ
570 3275 607 3340 τὸ
632 3301 664 3340 εν
689 3270 787 3359 οὐσίᾳ
810 3268 949 3354 ἀξίωμα.

85 3379 110 3432 Β
222 3367 423 3459 Ἀνατροπῆ
453 3371 535 3452 Ἕως
563 3374 646 3439 πότε
678 3367 747 3458 ῆκει
771 3365 920 3455 (γίριονί
903 3380 981 3455 ημιν
1005 3394 1101 3447 ουτος
1123 3371 1162 3435 τὸ

127 3462 221 3540 αὐτὸ
250 3473 355 3555 λέγειν
388 3497 439 3537 και
475 3472 577 3557 μηδὲν
607 3467 819 3586 σπερμαίνειν
852 3471 917 3532 τών
952 3467 1161 3551 ε’·γκειμίνιυνς
1169 3483 1201 3535 2⁶

125 3566 204 3637 ὅσα
236 3571 300 3653 γάρ
331 3564 441 3655 ἔφη’
423 3563 480 3634 απ’
512 3564 610 3652 ἀρχῆς
643 3566 699 3630 καὶ
728 3563 803 3647 ὄχρι
830 3567 944 3642 τέλους
973 3561 1056 3630 αίτά
1083 3568 1163 3650 περὶ

116 3672 204 3735 τῶν
227 3660 337 3732 αότών
365 3669 419 3732 καὶ
448 3661 543 3732 οὐδὲν
572 3666 683 3746 ἕτερον
707 3661 895 3747 διηγῆσατο,
931 3657 969 3727 υό
997 3662 1163 3748 μυστήρια

116 3762 217 3855 ἡμῖν
239 3759 428 3843 ὑποδείξας,
454 3759 492 3828 οό
507 3761 600 3839 θεὸν,
626 3759 662 3825 ὄν
682 3759 926 3844 ἐπαγγέλλεται,
952 3760 1097 3838 διδάξας,
1122 3756 1161 3823 οὐ

115 3868 265 3940 πίστιν,
290 3851 375 3927 δι”
355 3886 394 3948 ης
416 3862 620 3973 ἐνεργοῦντες
642 3852 884 3923 ἀπόστολοι
851 3883 909 3971 την
927 3860 985 3975 τῆς
1000 3851 1162 3941 ἀληθείας

118 3955 355 4044 ὀνομάζοντες
388 3955 523 4042 στερεάν
555 3954 733 4040 ὁμολογίαν
766 3951 898 4036 νεκροάς
938 3952 1071 4038 ἤγειραν
1106 3949 1203 4018 καὶσὺ

85 4057 283 4142 ἶλεπροὺς
316 4055 539 4140 ίκαθάρισαν,
577 4057 629 4120 καί
661 4049 766 4118 τόλλα
800 4050 911 4116 πάντα
945 4053 1004 4136 τῆς
1031 4043 1162 4134 ἀγαθῆς

124 4160 345 4242 υυμφωνίας,
369 4142 453 4233 ἐξ
426 4179 471 4219 ων
494 4154 535 4220 τὰ
557 4143 818 4236 ιποδείγματα“
803 4154 987 4235 υπέφαινον
1009 4150 1067 4230 τῆς
1082 4139 1162 4234 άλη-

127 4255 236 4340 θινῆς
258 4251 431 4337 ἐνεργείας,
455 4245 540 4318 ἀλλὰ
560 4254 723 4333 ματαίους
749 4250 801 4313 καί
831 4246 1021 4331 κομπώδεις
1043 4244 1162 4311 συλλο·
