2867 5084
273 916 315 993 οἱ
499 940 706 993 nummo!
722 940 818 993 xm
835 942 1022 993 ιινκτιιαιι
1036 944 1068 992 ι.

270 1092 478 1180 ἐξαπατῆσαι
499 1092 558 1160 τόν
575 1087 692 1177 Ἀόάμ.
720 1095 775 1162 καί
797 1093 856 1161 διὰ
876 1092 1010 1160 τούτων·
1022 1089 1186 1181 γέγονενῆ
1201 1092 1293 1161 πλό-

271 1214 324 1270 σις
345 1195 404 1258 τοῦ
425 1191 561 1276 κόσμου,
585 1191 620 1258 λιι
641 1193 699 1277 τῆς
719 1193 779 1258 τοῦ
800 1189 958 1275 ἄρχοντος
980 1193 1203 1278 δημιουργίας.

356 1295 407 1357 31.
440 1288 507 1355 Τόν
535 1289 572 1356 δὲ
599 1287 682 1356 θεόν
708 1293 755 1375 μὴ
783 1289 867 1372 ἔχειν
893 1296 993 1373 μέρος
1012 1284 1081 1372 μετ’
1106 1284 1207 1356 σύτοῦ
1229 1291 1290 1354 τοῦ

271 1386 406 1470 κόσμου,
428 1388 511 1474 μηδὲ
530 1393 658 1472 χαίρειν
679 1381 732 1454 ἐπ’
751 1380 851 1471 αύτῷ,
875 1386 933 1452 διὰ
953 1387 992 1452 τὸ
1015 1386 1051 1466 έξ
1071 1381 1172 1474 ἀρχῆς
1192 1410 1292 1454 σεσυ·

248 1485 398 1571 λλῆσθαι
424 1479 525 1551 σύτόν
552 1480 620 1550 ἀπὸ
641 1488 708 1550 τιύν
731 1479 912 1569 ἀρχόντων,
942 1488 995 1550 καὶ
1017 1490 1176 1569 γενέσθαι
1198 1478 1290 1570 αύτῷ

269 1582 403 1664 θλίψιν.
433 1583 552 1649 τούτου
572 1582 667 1666 χάριν
690 1588 819 1663 πέμπει
839 1584 892 1647 καί
916 1584 1000 1669 συλᾷ
1020 1577 1079 1648 ἀπ’
1100 1577 1210 1648 αὐτῶν
1229 1581 1291 1668 τὴν

269 1679 378 1766 ψυχὴν
405 1675 507 1746 αότοῦ
533 1675 609 1746 καθ’
633 1675 757 1766 ἡμέραν
780 1678 837 1745 όιά
857 1682 924 1745 τῶν
946 1680 1131 1768 φωοῐήρων
1151 1681 1290 1759 τούτων,

269 1772 438 1864 ἡλίουκαὶ
462 1776 613 1867 σελήνης,
643 1771 697 1865 ἀφ’
723 1767 770 1844 ὦν
793 1772 869 1855 όλος
891 1773 910 1842 ό
931 1775 1054 1861 κόσμος
1074 1781 1128 1843 καί
1151 1781 1246 1844 πᾶσα
1269 1773 1289 1865 ἦ

270 1880 376 1952 κτίσις
403 1868 597 1959 ἀρπάζεται.
641 1874 698 1940 τὸν
728 1876 762 1942 όὲ
790 1873 978 1960 λαλήσαντα
1002 1873 1086 1958 μετὰ
1113 1881 1291 1957 Μωυσέως

236 1975 323 2038 nonai
354 1974 420 2040 τῶν
438 1968 605 2041 Ἰουδαίων
630 1975 684 2040 καί
712 1976 779 2040 τῶν
808 1973 920 2057 ἱερέων
948 1972 1006 2038 τόν
1034 1969 1175 2056 ἄρχοντα
1204 1975 1294 2058 λέγει

270 2063 355 2136 εἶναι
376 2073 436 2139 σού
459 2070 611 2149 σκύτους·
635 2066 721 2138 ὥστε
743 2071 777 2139 ἕν
799 2070 865 2136 εἶσι
885 2071 939 2136 καὶ
955 2069 995 2135 τό
1009 2064 1090 2136 αύτὸ
1105 2071 1142 2137 σί
1153 2096 1189 2138 τε
1204 2077 1319 2157 Xon-B

270 2169 400 2235 σιιανοὶ
420 2173 475 2235 καί
498 2169 531 2235 ολ
549 2163 703 2236 Ἰουδαῖοι
725 2170 779 2235 καλ
802 2167 834 2234 σί
857 2167 995 2246 ἐθνικοί,
1018 2167 1075 2233 τὸν
1091 2162 1191 2234 αὐτὸν
1206 2169 1292 2237 θεὸν

270 2270 431 2351 σέβοντες.
476 2265 510 2333 έν
531 2266 592 2353 γὰρ
614 2278 690 2347 ταῖς
712 2266 912 2350 ἐπιθυμίαις
933 2260 1034 2331 αὐτοῦ
1057 2265 1208 2352 ἐξαπατᾷ
1230 2260 1294 2333 αύ·

268 2362 360 2443 τούς,
389 2358 447 2431 σύκ
469 2355 515 2430 ὢν
537 2359 698 2448 ἀληθείας
721 2362 811 2444 θεός.
856 2364 914 2430 διὰ
935 2366 1034 2429 τοῦτο
1056 2351 1113 2429 οὖν
1136 2359 1213 2430 ὅσοι
1235 2359 1291 2431 ἐπ’

233 2459 392 2528 ιοέκείνον
419 2461 592 2545 ἐλπίζουσι
619 2461 676 2528 τόν
704 2462 787 2529 θεὸν
808 2460 866 2527 τόν
887 2459 971 2545 μετὰ
993 2464 1168 2539 Μωυσέως
1189 2462 1295 2550 λαλή-

269 2581 373 2626 σαντα
394 2562 448 2625 καί
470 2562 537 2627 τῶν
558 2563 752 2649 προφητῶν,
785 2556 853 2643 μετ’
878 2555 979 2625 αύτοῦ
1002 2558 1114 2640 ἔχουσι
1136 2559 1291 2646 δεθῆναι,

269 2648 322 2720 ότι
350 2651 409 2722 ούκ
435 2653 582 2742 ἤλπισαν
605 2656 661 2724 ἐπὶ
685 2656 742 2723 τὸν
764 2657 847 2723 θεὸν
869 2661 928 2746 τῆς
949 2648 1120 2741 ἀληθείας.
1165 2655 1293 2739 ἐκεῖνος

268 2751 330 2839 γὰρ
357 2751 441 2819 κατὰ
466 2752 526 2833 τὰς
555 2753 741 2835 ἐπιθυμίας
769 2748 877 2820 αὐτῶν
905 2753 1044 2840 έλόλησε
1069 2748 1138 2839 μετ’
1169 2748 1291 2822 αὐτῶν.

268 2848 352 2935 μετὰ
381 2851 417 2917 όλ
447 2849 558 2918 πάντα
585 2854 690 2918 ταῦτα
720 2849 777 2919 λπί
805 2853 893 2919 τέλει
925 2853 1012 2937 λέγει
1042 2849 1158 2930 καθὼς
1189 2849 1293 2933 αὐτὸς

229 2945 423 3034 Νίγραψεν,
448 2943 465 3012 ό
487 2948 674 3035 πρεσβύτης
696 2942 776 3014 όταν
798 2947 954 3037 προφάνη
977 2943 1078 3014 αύτού
1093 2949 1152 3036 τὴν
1168 2949 1290 3030 εἰκόνα,

270 3042 346 3111 τότε
369 3039 387 3111 ὅ
410 3042 588 3132 ώμοφόρος
610 3041 749 3134 ἀφίησιν
772 3046 834 3126 ἔξω
849 3045 907 3133 τὴν
920 3048 988 3132 γῆν,
1012 3047 1067 3111 καὶ
1081 3041 1186 3125 σύτως
1201 3041 1291 3113 ἀπο·

271 3141 384 3211 λύεται
398 3143 436 3210 τὸ
448 3150 532 3230 μέγα
547 3147 615 3229 πῦρ
632 3146 687 3211 καὶ
704 3138 780 3210 ὅλον
796 3138 964 3211 ἀναλίσκει
978 3141 1037 3209 τόν
1052 3142 1185 3226 κόσμον.
1217 3138 1320 3221 eltae

270 3238 374 3306 πόλιν
402 3236 522 3330 ἀφίησι
548 3243 606 3330 τὴν
627 3244 736 3327 βῶλον
757 3241 840 3325 μετὰ
862 3243 920 3306 τοῦ
944 3246 1017 3306 νέου
1040 3240 1171 3321 αἰῶνος,
1195 3235 1293 3325 ὅπως

270 3340 380 3404 πᾶσαι
402 3340 437 3405 αἱ
458 3345 558 3422 ψυχαί
574 3343 640 3407 τῶν
656 3334 859 3423 ἁμαρτωλῶν
876 3339 1023 3405 όεθῶσιν
1039 3336 1086 3416 είς
1100 3337 1158 3405 τόν
1173 3339 1291 3406 αλῶνα.

230 3432 345 3502 νοτότε
367 3437 404 3501 όέ
425 3440 529 3503 ταῦτα
550 3436 730 3524 γενήσεται,
754 3433 834 3502 όταν
857 3431 876 3501 ό
898 3430 1034 3518 ἀνδριὰς
1056 3434 1150 3523 ἔλθῃ.
1194 3437 1231 3503 αἱ
1252 3439 1293 3505 δέ

226 3558 229 3565 ·
269 3533 434 3614 προβολαί
457 3537 576 3612 πᾶσαι,
600 3530 618 3597 ό
638 3530 769 3620 Ἰησοῦς,
793 3529 811 3598 ό
834 3533 867 3617 ἒν
889 3535 936 3618 τῷ
957 3535 1063 3618 μικρῷ
1085 3534 1195 3620 πλοίῳ
1202 3584 1211 3613 ,
1233 3539 1293 3603 καλ

269 3625 288 3716 ἡ
317 3628 422 3715 μήτηρ
450 3633 508 3718 τῆς
537 3631 633 3718 ζωῆς,
661 3635 714 3698 καὶ
744 3632 777 3698 ολ
806 3627 935 3697 όιύόεκα
955 3633 1163 3718 κυβερνῆται,
1192 3629 1292 3721 καλή

265 3731 443 3811 ’παρθένος
461 3730 521 3794 τοῦ
544 3727 672 3815 φωτὸς,
695 3730 749 3795 καί
774 3722 792 3793 ό
814 3727 1001 3814 πρεσβύτης
1021 3723 1041 3793 ό
1062 3734 1189 3811 τρίτος,
1213 3726 1232 3797 ό
1254 3731 1292 3798 έν

268 3827 315 3911 τῷ
343 3823 475 3912 μεγάλῳ
503 3827 626 3913 πλοίῳ,
655 3829 708 3892 καί
739 3823 779 3892 τό
808 3826 871 3906 ζῶν
905 3829 1036 3909 πνεῦμα
1066 3827 1120 3892 καλ
1149 3826 1193 3893 τό
1220 3836 1292 3895 τεί-

230 3938 326 4005 οοχσς
360 3924 419 3987 τού
455 3922 597 4008 μεγάλου
634 3923 741 4008 πυρὸς
770 3926 829 3991 ’καὶ
862 3921 901 3988 τό
933 3933 1041 4006 τεῖχος
1072 3924 1132 3990 τού
1165 3922 1290 4009 ἀνέμου

268 4021 323 4085 καὶ
350 4021 409 4085 τού
440 4015 535 4105 ἀέρος
568 4023 622 4085 καί
652 4024 711 4086 τοῦ
743 4016 864 4099 ύόατσς
891 4023 948 4088 καί
974 4025 1033 4087 τού
1064 4014 1193 4089 ἔσωθεν
1222 4048 1291 4090 πυ-

269 4117 327 4207 ρὸς
353 4119 414 4182 τοῦ
442 4118 566 4199 ζῶντος
592 4118 679 4202 πρὸς
705 4117 763 4184 τόν
791 4116 908 4202 μικρὸν
934 4121 1097 4205 φωστῆρν
1114 4116 1315 4201 -σίκούσιν,ο
1350 4206 1355 4215 Ι

264 4211 362 4296 ἀγρις
397 4208 436 4279 ἀν
473 4217 511 4280 τό
542 4218 611 4300 πῦρ
642 4214 857 4302 καταναλώσῃ
891 4212 961 4282 τόν
981 4216 1105 4301 κόσμον
1138 4213 1217 4285 όλον
1248 4218 1285 4286 έν
1329 4254 1333 4271 ν
