2867 5084
230 921 292 981 540
463 930 667 980 ευιοκιιιοκ
682 929 779 978 xm
797 927 984 978 ιιοεεειιυ
1001 929 1030 977 r.

227 1083 262 1150 δὲ
286 1083 397 1158 οἰ’κσυς
419 1080 550 1159 ἑαυτοῖς
571 1078 881 1157 κατασκευάσαντες,
904 1072 926 1166 ἢ
947 1077 1077 1156 τόπους
1100 1079 1247 1156 πλατεῖς,

228 1178 343 1266 φόρευν
365 1178 466 1263 δίκην,
489 1177 676 1261 προσευχάς
696 1176 819 1253 ταύτας
841 1175 986 1242 ἐκάλουν.
1017 1176 1076 1241 καὶ
1091 1164 1181 1262 ἦσαν
1195 1179 1249 1258 μὲν

227 1276 266 1342 τὸ
289 1275 434 1340 παλαιόν
458 1279 650 1358 προσευχῶν
671 1273 774 1339 τόποι
797 1272 831 1338 ἓν
851 1297 889 1338 τε
902 1283 975 1350 τοῖς
992 1266 1172 1351 Ἰουδαίοις
1194 1275 1250 1351 ἔξω

228 1373 360 1449 πόλεως
381 1375 436 1437 καὶ
458 1371 491 1437 ἒν
514 1382 586 1449 τοῖς
607 1376 838 1454 Σαμαρείταις,
865 1365 910 1447 ιῦς
931 1372 985 1435 καλ
1009 1369 1044 1434 ἔν
1067 1381 1147 1448 ταῖς
1162 1369 1249 1453 Πρό-
1258 1392 1292 1443 1oe

205 1471 300 1550 εξεσι
321 1476 387 1534 τιῦν
410 1465 608 1535 ἀποστόλων
638 1465 795 1554 ηῦρομεν,
824 1467 909 1533 ἔνθα
935 1462 954 1552 ἡ
984 1467 1250 1552 πορφυρόπωλις

228 1568 344 1633 Λυδία
366 1577 437 1643 τοῖς
460 1570 536 1649 περὶ
559 1566 617 1630 τὸν
641 1563 736 1649 άγιον
756 1566 889 1629 Παῦλον
911 1558 1109 1648 ἀπήντηκεν,
1136 1560 1183 1642 ιῦς
1202 1567 1248 1629 καὶ

230 1661 336 1741 οῦτως
357 1663 396 1727 τὸ
420 1670 517 1728 θεῖον
539 1662 672 1747 γράμμα
689 1663 860 1747 διηγεῖται,
886 1657 976 1725 “ihc’'
999 1665 1102 1746 φησὶν
1129 1662 1248 1728 “ε’δόκει

230 1760 335 1837 τόπος
358 1763 541 1842 προσευχῆς
564 1755 680 1826 εἷναι·“’
702 1761 755 1824 καί
773 1760 979 1847 προσῆλθον,
1004 1765 1058 1824 καί
1080 1759 1247 1824 ἐδίδασκον

232 1858 264 1921 οἱ
288 1853 474 1921 ἀπόστολοι
496 1856 555 1934 τάς
577 1854 806 1932 συνελθούσας
831 1851 899 1921 κατ’
925 1855 1029 1920 ἐκεῖνο
1058 1859 1179 1939 καιροῦ
1200 1881 1247 1941 γο-

195 1964 355 2030 1οναῒκας.
393 1947 477 2018 άλλά
498 1955 552 2018 καὶ
575 1957 759 2039 προσευχῆς
780 1952 885 2029 τόπος
908 1952 941 2017 ἐν
964 1958 1128 2034 Σικίμοις,
1161 1953 1194 2018 ἒν
1214 1954 1246 2037 τῇ

232 2053 302 2116 νυνλ
325 2052 505 2136 καλουμένη
530 2050 701 2117 Νεαπόλει
731 2051 792 2128 ἔξω
820 2053 879 2134 τῆς
901 2049 1042 2126 πόλεως,
1074 2049 1109 2115 ἐν
1132 2052 1174 2136 τῇ
1196 2073 1246 2114 πε-

232 2148 333 2225 διάδι,
358 2143 403 2225 ὡς
418 2142 488 2213 άπὸ
505 2155 648 2233 σημείων
665 2147 733 2224 δύο,
758 2145 985 2231 θεατροειδὴς,
1010 2141 1119 2223 οὕτως
1133 2145 1170 2212 ἐν
1185 2140 1246 2228 άίρι

169 2237 181 2245 ’
232 2251 284 2311 καὶ
309 2245 434 2330 αίθρίηι
457 2245 552 2330 τόπῳ
575 2245 643 2312 ἐστὶ
666 2242 950 2321 κατασκευασθεὶς
973 2238 1039 2307 ῦπὸ
1062 2246 1131 2308 τῶν
1145 2249 1246 2327 Σαμα-

233 2348 350 2427 ρειτῶν
373 2341 483 2407 πάντα
505 2341 547 2407 τά
568 2346 635 2407 τιῦν
654 2337 820 2407 Ἰουδαίων
842 2345 1065 2423 μιμουμένων.
1251 2351 1263 2398 ε

196 2462 225 2511 ιε
319 2447 348 2505 2.
384 2429 486 2504 Οὗτοι
516 2440 551 2504 δὲ
581 2439 613 2503 ολ
642 2439 806 2522 πρότερον
829 2434 1072 2503 Μασσαλιανσὶ
1095 2436 1132 2515 ἐξ
1149 2431 1246 2522 Ἑλλη-

234 2562 298 2602 νων
322 2531 517 2619 όρμιόμενοι,
543 2537 574 2601 οἱ
597 2535 665 2619 πρό
687 2539 752 2601 τιῦν
775 2538 855 2613 νυνὶ,
879 2537 945 2599 τιῦν
968 2533 1074 2618 δῆθεν
1090 2529 1162 2599 άπὸ
1185 2528 1245 2597 δνό-

233 2648 338 2716 ματος
360 2636 509 2717 Χριστοῦ
533 2631 742 2717 όρμωμένων,
772 2635 825 2697 καί
849 2626 942 2697 αὐτοὶ
973 2634 1020 2716 πῆ
1043 2633 1104 2713 μὲν
1134 2631 1168 2697 ἔν
1188 2650 1245 2695 τισι

167 2728 177 2741 '
232 2729 356 2813 χώραις
388 2733 527 2795 τοιαῦτα
554 2730 724 2814 τροπάριά
755 2754 831 2794 τινα
862 2726 1176 2805 κατασκευάσαντες,
1210 2719 1244 2799 τός

235 2825 421 2909 προσευχάς
443 2827 663 2908 καλουμένους
684 2829 736 2894 καὶ
762 2821 922 2911 εῦκτήρτα,
950 2825 983 2890 ἐν
1007 2822 1124 2903 ἄλλοις
1146 2825 1182 2890 δὲ
1201 2820 1245 2887 τό·

195 2941 316 2999 κόποις
339 2923 438 3007 φύσει
460 2926 512 2988 καί
537 2924 707 3011 ἐκκλησίας
730 2919 919 3006 ὁμοιώματι
940 2922 1074 2999 ἑαυτοῖς
1096 2921 1245 3005 ποιήσαι·

235 3044 303 3097 τες,
337 3015 419 3084 καθ’
452 3019 597 3105 ἑσπέραν
629 3023 685 3087 καὶ
717 3021 801 3086 κατὰ
828 3020 886 3104 τὴν
916 3020 974 3098 ἕω,
1019 3018 1105 3101 μετὰ
1135 3018 1245 3100 πολλῇς

236 3118 420 3199 λυχναψίας
450 3121 502 3183 καὶ
528 3119 648 3204 φώτων
677 3114 990 3201 συναθροιζόμενοι,
1021 3116 1079 3182 ἐπὶ
1108 3113 1195 3181 πολῦ
1218 3134 1244 3176 τε

235 3215 478 3298 καταλεγμάτιά
499 3241 575 3281 τινα
596 3211 664 3280 ῦπὸ
687 3218 753 3280 τιῦν
767 3209 844 3298 παρ’
864 3209 978 3290 αὐτοῖς
994 3213 1191 3279 σπουδαίων
1202 3209 1244 3276 καὶ

237 3303 400 3395 εῦφημίας
427 3312 520 3391 τινάς
548 3315 652 3398 δῆθεν
686 3312 732 3390 είς
760 3310 818 3377 τὸν
848 3312 931 3377 θεὸν
965 3309 1180 3392 ποιούμενοι,
1211 3300 1263 3380 ὦςῦ

196 3409 503 3491 25καταλεγματίων
523 3413 578 3475 καί
594 3406 774 3496 εὐφημιῶν,
799 3403 913 3491 ὥσπερ
929 3405 1012 3473 θεὸν
1027 3407 1245 3491 ἐξιλεοόμειοι,

237 3503 374 3583 ἑαυτοὺς
407 3501 591 3573 άπατιῦσιν.
643 3504 663 3595 ἡ
693 3508 730 3573 δὲ
763 3501 909 3590 όιγνωσία
942 3501 1052 3590 τυφλή
1089 3530 1143 3583 τις
1179 3493 1248 3570 οῦσυ

236 3599 347 3666 πάντα
369 3607 473 3669 ταῦτα
496 3605 628 3692 δοκήσει
652 3602 793 3693 οίησεως
813 3612 886 3679 τοῖς
902 3602 1174 3685 πεπλανημένοις
1195 3624 1249 3666 πα-

237 3698 437 3781 ρασκευάζει.
469 3701 751 3787 ἕκεραυνοβοληθη
775 3701 812 3766 δὲ
827 3698 894 3784 πρὸ
913 3698 1034 3783 χρόνου
1057 3701 1092 3765 ἓν
1110 3701 1178 3764 τοῖν
1191 3718 1251 3763 τοι·

238 3795 343 3861 οῦτων
364 3799 700 3882 κατασκευασμάτων,
738 3793 796 3863 οῦκ
824 3798 885 3878 ἔχω
915 3796 952 3861 δὲ
979 3796 1087 3880 λέγειν
1116 3795 1151 3862 ἐν
1174 3798 1252 3876 ποίη

198 3892 342 3979 θοτόπην,
371 3895 453 3976 τάχα
477 3898 512 3962 δὲ
536 3896 569 3962 ἐν
591 3899 631 3982 τῇ
656 3902 795 3981 Φοινίκῃ
818 3897 917 3958 τοῦτο
938 3886 1135 3978 ἠκούσαμεν.
1180 3886 1254 3957 άλλὰ

178 4004 183 4011 “
237 3996 293 4055 καί
320 4015 407 4069 τινες
435 3996 502 4058 τῶν
531 3989 698 4078 άρχόντιον
727 3992 869 4075 ζηλωταὶ
897 3988 1045 4066 πολλοὺς
1075 3989 1112 4056 ἐκ
1138 3987 1256 4054 τοῦτον

238 4082 449 4168 ἀπέκτειναν,
485 4090 541 4156 διά
568 4090 607 4155 τὸ
636 4088 904 4174 παραχαράττειν
931 4084 989 4172 τὴν
1012 4082 1180 4174 ἀλήθειαν
1210 4084 1257 4150 καὶ

238 4179 495 4269 άντιμιμεῖσθαι
511 4186 682 4273 ἐκκλησίας
696 4184 832 4271 τρόπον,
855 4182 896 4268 μὶ
916 4179 1016 4261 όντας
1027 4181 1258 4268 Χριστιανοὺς,
