2867 5084
255 968 315 1032 188
478 980 682 1030 πυωκαιου
697 979 793 1029 xm
810 979 996 1029 ,111³sssz
1015 983 1043 1028 B.

252 1129 472 1213 ίτοιμάζουσοι
494 1130 553 1215 τὴν
576 1125 676 1215 άκοην
690 1133 758 1196 τῶν
774 1124 975 1211 ἀνθρώπων.
1010 1123 1049 1194 οῦ
1071 1128 1133 1215 γὰρ
1155 1116 1196 1216 ἦν
1220 1123 1282 1194 αῦ-

251 1226 308 1306 τὸς
331 1225 349 1292 5
373 1227 477 1311 λόγος,
502 1223 587 1292 ἀλλὰ
607 1221 676 1310 μετ’
701 1222 802 1293 αὐτὸν
824 1216 929 1312 ἢλθεν
952 1223 970 1292 5
994 1226 1099 1310 λόγος,
1132 1220 1172 1291 δι’
1198 1224 1238 1291 ὃν
1260 1222 1280 1310 ἡ

252 1322 464 1410 ἐτοιμαστικη
488 1323 581 1411 φωνὴ
604 1329 725 1408 γέγονε.
769 1325 823 1388 καὶ
847 1323 904 1387 διὰ
925 1327 1025 1388 τοῦτο
1049 1324 1150 1407 λέγει,
1182 1323 1280 1410 φωνὴ

251 1425 396 1506 βοῶντος·
420 1422 454 1488 ἐν
484 1425 524 1507 τῇ
547 1421 670 1507 ἐρημιμ,
706 1420 905 1503 ἑτοιμάσατε
936 1420 996 1498 τὰς
1026 1415 1123 1497 ὁδοὺς
1152 1426 1280 1503 κυρίου.

229 1514 271 1603 εὴ
293 1519 353 1604 γὰρ
377 1519 471 1605 φωνὴ
495 1518 671 1603 ἑτοιμάζοι,
696 1514 713 1582 5
731 1520 766 1584 δὲ
781 1517 894 1600 κύριος
909 1517 1076 1602 ἐπιβαίνει
1092 1527 1167 1595 ταῖς
1183 1512 1280 1594 ὁδοῖς

252 1627 326 1694 ταῖς
341 1612 608 1703 ἡτοιμασμέναις.
638 1619 692 1680 καί
707 1611 728 1701 ἡ
745 1614 838 1702 φωνὴ
862 1614 956 1681 λαλεῖ
977 1613 1035 1702 την
1052 1608 1159 1698 ἀκοήν.
1198 1609 1309 1680 5¹ve

253 1714 290 1779 δὲ
311 1710 330 1798 ἡ
354 1709 433 1799 ἀκοὴ
457 1714 619 1798 σχολάσῃ,
653 1710 730 1777 τότε
761 1707 779 1777 5
810 1711 906 1795 λόγος
934 1711 968 1777 ἐν
997 1715 1036 1798 τῇ
1066 1706 1148 1797 ἀκοῇ
1177 1735 1283 1776 κατα-

252 1809 411 1894 βάλλεται
432 1813 498 1875 τῶν
522 1811 712 1892 δεχομένων.
759 1805 905 1892 οὐδαμοῦ
935 1815 1045 1874 τοίνυν
1075 1808 1284 1892 ἐπιλήψεται

248 1903 381 1989 ’Ἀρειος
408 1905 464 1971 καί
493 1907 525 1972 οί
549 1902 605 1972 ἀπ’
631 1901 733 1971 αὐτοῦ
757 1910 820 1992 τῆς
841 1909 900 1971 τοῦ
923 1910 1007 1972 θεοῦ
1041 1901 1205 1991 ἀληθείας
1229 1898 1281 1971 ἀεί

217 2002 517 2087 κυκαταυγαζοάσης
551 2004 688 2086 καρδίας
717 2006 848 2070 πιστῶν
878 2003 925 2080 είς
946 2003 985 2068 τὸ
1007 2002 1052 2089 μὴ
1076 2002 1283 2088 ἐκτραπῆναι

254 2095 325 2167 ἀπὸ
346 2104 404 2184 τῆς
427 2101 528 2185 ἐντῷ
552 2100 637 2186 λόγῳ
660 2100 722 2185 υἱῷ
744 2103 829 2167 θεοῦ
852 2099 886 2166 ἐν
903 2096 1047 2187 ἀληθείᾳ
1065 2093 1211 2186 ἀκτίστῳ
1227 2101 1283 2166 καὶ

254 2191 417 2284 ἀγεννητῳ
440 2194 612 2282 σωτηρίας.
698 2271 707 2282 ·

340 2301 390 2361 42.
435 2292 702 2377 Προκοπτόντων
732 2295 768 2359 δὲ
796 2293 900 2361 πάλιν
930 2290 1020 2381 ἡμῶν
1049 2295 1102 2359 καί
1133 2291 1190 2358 ἐπί
1222 2291 1285 2371 τὰς

255 2391 329 2478 ἑξῆς
358 2391 557 2477 βαινάντων,
590 2386 685 2457 οῦδὲν
714 2393 970 2476 παραλείψομεν
1000 2395 1066 2456 τιῦν
1095 2388 1164 2457 ἀνω
1195 2412 1286 2473 προ·

218 2496 459 2574 κατεταγμένων
497 2487 543 2566 είς
585 2487 754 2567 ἐπίλυσιν,
803 2482 871 2555 ἀλλ’
913 2479 1014 2566 αὖθις
1056 2487 1158 2553 πάλιν
1205 2485 1286 2552 ἐπι-

255 2585 438 2672 λησόμεθα
466 2589 525 2673 τῆς
559 2579 772 2663 ἀκολουθίας.
824 2586 1092 2672 προφασίζονται
1120 2583 1181 2668 γὰρ
1214 2582 1287 2649 πά-

256 2684 307 2748 λιν
337 2682 450 2765 ἑτέραν
479 2681 652 2769 πρόφασιν
684 2681 744 2767 τὴν
772 2678 846 2746 ΙΙὑπὸ
873 2685 933 2747 τοῦ
962 2678 1057 2764 ἁγίου
1083 2686 1219 2764 Πέτρου
1248 2680 1285 2747 ἐν

254 2789 330 2856 ταῖς
362 2778 530 2861 Πράξεσιν
567 2768 736 2865 εἰρημένην
774 2775 827 2844 ὅτι
869 2792 887 2816 “
897 2778 1041 2865 φανερὸν
1079 2778 1165 2844 ἐστω
1203 2773 1285 2860 ῦμίν

256 2879 325 2952 πᾶς
352 2870 441 2954 οἶκος
459 2872 601 2964 Ἰσραὴλ,
640 2872 693 2941 ὅτι
721 2878 838 2940 τοῦτον
867 2875 924 2940 τὸν
943 2870 1066 2961 Ἰησοῦν
1095 2873 1131 2940 ὃν
1161 2873 1317 2943 ἐσταυ-Ιι

216 2973 386 3056 κυρώσατε
413 2973 467 3039 καί
490 2974 600 3057 κύριον
627 2976 681 3038 καί
705 2973 854 3057 Χριστὸν
882 2967 982 3038 αὐτὸν
1012 2970 1029 3037 5
1052 2972 1135 3050 θεὸς
1162 2970 1288 3057 ἐποίη-

256 3074 325 3137 σε”.
371 3073 424 3136 καί
454 3072 586 3155 λέγουσι
613 3069 716 3136 πάλιν
746 3066 798 3135 ὅτι
826 3069 864 3135 τὸ
893 3069 1042 3135 ἐνταῦθα
1067 3070 1208 3155 ἐποίησε
1229 3075 1288 3154 γέ-

255 3193 417 3254 γραπται,
451 3171 506 3233 καί
535 3164 592 3249 οῦχ
621 3162 726 3250 δρῶσι
753 3167 792 3232 τὸ
826 3166 925 3253 ῥητὸν
959 3162 1053 3242 (αὐτὸ
1084 3165 1146 3252 γάρ
1180 3166 1287 3234 ἑαυτὸ

255 3264 295 3330 τὸ
324 3265 422 3351 ῥητὸν
449 3264 594 3350 μηνάει)·
634 3267 752 3330 τοῦτον
779 3263 840 3350 γὰρ
868 3263 926 3330 τὸν
951 3259 1090 3350 Ἰησοῦν,
1130 3263 1186 3330 ἵνα
1223 3286 1287 3351 ση-

255 3362 342 3448 μάνῃ
365 3362 422 3446 τὴν
452 3360 707 3447 ἐνανθρώπησιν
736 3368 858 3445 κυρίου.
905 3355 974 3426 ἀπὸ
1003 3364 1061 3426 τοῦ
1090 3359 1152 3446 γὰρ
1182 3363 1287 3427 “τσῦ-

218 3481 314 3533 mov
336 3458 394 3524 τὸν
413 3454 535 3545 Ἰησοῦν
558 3456 595 3522 ὃν
618 3458 866 3541 ἐσταυρώσατε”
893 3458 1036 3544 φανερόν
1059 3465 1091 3524 τί
1114 3457 1205 3523 ἐστιν
1230 3453 1289 3524 ὅτι

256 3555 295 3644 ἢν
318 3556 530 3639 ἐσταύρωσαν
552 3555 665 3639 σάρκα.
698 3556 804 3639 σάρκα
824 3555 885 3640 γὰρ
908 3555 1129 3639 ἐσταύρωσαν,
1153 3557 1210 3620 καὶ
1226 3554 1289 3621 διὰ

257 3656 355 3719 τοῦτο
385 3649 404 3717 5
432 3652 544 3736 κύριος
571 3652 605 3718 ἐν
633 3656 680 3738 τῷ
710 3646 886 3737 εῦαγγελίῳ
916 3657 994 3718 “νῦν
1023 3653 1058 3718 δὲ
1087 3653 1216 3738 ζητεῖτέ
1241 3676 1289 3735 με

258 3747 454 3818 ἀποκτεῖναι
476 3747 671 3831 ἄνθρωπον,
695 3748 732 3827 ὃς
754 3749 812 3837 τὴν
836 3745 998 3836 ἀληθειαν
1016 3745 1093 3833 ὑμῖν
1108 3746 1286 3835 λελάληκα,

258 3847 296 3934 ἣν
318 3847 445 3936 ἤκουσα
466 3844 561 3929 παρὰ
581 3850 641 3911 τοῦ
664 3847 792 3931 πατρός
812 3849 905 3929 μου.”
953 3841 1021 3913 ἀλλ’
1047 3841 1084 3911 οῦ
1108 3849 1166 3932 τῆς
1187 3844 1344 3919 ἀναν-τω

221 3944 470 4032 κοθρωπήσεως
492 3944 645 4027 διορίζων
665 3944 725 4032 την
747 3945 903 4030 θεότητα.
935 3943 1011 4010 οὔτε
1033 3944 1094 4028 γὰρ
1117 3941 1211 4021 ἐκτὸς
1225 3946 1291 4030 τῆς

261 4039 549 4127 ἐνανθρωιτήσεως
569 4036 712 4129 ὑπῆρχεν
734 4037 754 4128 ἡ
770 4042 902 4124 θεότης,
928 4037 1070 4126 ὁπηνίκα
1086 4040 1201 4124 ἐμελλε
1216 4040 1292 4107 πά-

261 4158 364 4217 σχειν,
399 4137 475 4205 οῦτε
497 4138 599 4223 ἐντῷ
621 4138 762 4220 πάσχειν
785 4137 1024 4225 ἐγκατελείφθη
1052 4133 1121 4203 άπὸ
1144 4140 1204 4204 τοῦ
1229 4140 1291 4204 λδ-

261 4254 319 4316 γου
341 4229 361 4319 ἡ
385 4234 540 4317 ἐνσαρκος
562 4241 741 4319 παρουσία.
790 4230 858 4299 ἀλλ’
884 4234 960 4301 οῦδί
983 4231 1002 4299 5
1026 4230 1165 4320 ἀπαθὴς
1186 4234 1291 4322 λόγος
