2867 5084
591 1004 711 1058 εκκιι.
730 1008 920 1060 Ανουοιοι.
1200 1003 1263 1065 405

240 1152 303 1220 σὺν
331 1156 379 1240 τῷ
408 1153 455 1219 ἑνί
484 1156 663 1241 πνεύματι,
699 1154 783 1245 ὅπερ
812 1159 883 1226 ἐστὶ
909 1167 972 1245 μία
999 1162 1093 1248 τριάς
1120 1167 1175 1230 καλ
1202 1172 1265 1247 μία

238 1249 365 1337 θεότης
392 1253 445 1316 καλ
475 1259 536 1335 μία
565 1255 797 1343 προσκύνησις.
843 1247 907 1341 άρα
935 1247 992 1323 οὖν
1022 1259 1052 1325 εί
1078 1263 1177 1327 τοῦτο
1207 1261 1265 1329 διὰ

236 1352 339 1414 τοῦτο
362 1350 645 1434 συλλογιστέονᾎ
628 1376 721 1419 εσται
743 1356 803 1436 μὲν
823 1349 904 1419 αὑτο
891 1354 953 1421 ἐν
969 1349 1122 1444 ἀληθείᾳ,
1147 1357 1263 1445 ἐπειδὴ

185 1441 298 1528 νιεοὺχ
321 1440 437 1529 ὅμοιος
467 1443 485 1511 ὑ
515 1443 562 1526 εἷς
585 1447 681 1533 λόγος
708 1461 781 1529 τοῖς
809 1454 894 1518 πᾶσι
918 1450 1044 1536 λόγοις,
1075 1449 1190 1522 οὐδὲ(
1175 1478 1192 1520 ο
1216 1451 1264 1535 εἷς

235 1541 312 1621 υίὸς
332 1553 404 1621 τοῖς
426 1548 512 1611 πᾶσι
534 1548 617 1611 κατὰ
629 1543 809 1663 ’ἀναγωγὴν
824 1552 1121 1672 κικλησκομίνοις”
1106 1576 1197 1635 ισος,·
1224 1546 1288 1620 οὑυ

235 1641 300 1756 γάρ
325 1640 395 1707 ἔστι
418 1644 478 1709 σὺν
500 1653 573 1720 τοῖς
595 1647 709 1723 πᾶσιν,
742 1639 827 1711 ἀλλὰ
850 1642 898 1712 δι
924 1636 963 1711 οὑ
991 1647 1023 1713 οἱ
1046 1648 1177 1729 πάντες.
1223 1650 1262 1715 τὸ

187 1770 193 1789 ·
235 1741 318 1825 γοῦν
340 1733 511 1817 ἀδυνάτως
532 1766 601 1824 παρ
636 1736 725 1828 αὑτῶ
744 1746 791 1828 τῷ
811 1737 929 1830 Ἀετίιν
952 1747 1076 1827 ταχθὲν
1099 1742 1172 1826 λξ’
1155 1770 1264 1831 υπαρ-

233 1838 296 1922 γῆς
323 1837 376 1901 καλ
407 1836 454 1915 είς
481 1833 576 1922 ὕβριν
606 1838 724 1921 ίπίχον
757 1839 863 1905 τύπον
895 1843 1111 1929 βλασφημίας
1139 1842 1196 1911 διὰ
1224 1843 1263 1910 τὸ

234 1937 353 2017 μέρος,
390 1930 407 1998 ὁ
439 1933 565 2020 εἠην
532 1935 565 2000 ίν
593 1931 715 2022 θεῶ
696 1962 748 2016 ον,
790 1933 873 2022 ὅπερ
902 1934 939 2004 οὑ
970 1941 1136 2025 διαφοράς
1163 1947 1263 2025 μέρος

234 2025 389 2114 ὑπάρχει,
414 2026 522 2098 άλλΗ
510 2031 671 2151 ισάτητος,
694 2039 749 2100 καὶ
772 2031 847 2100 οὔτε
866 2036 1140 2122 μεριζομένης
1101 2065 1159 2126 της
1181 2038 1263 2105 θεά·
1275 2054 1303 2105 ιθ

233 2153 353 2214 τητος,
387 2122 456 2196 ἀλλ’
481 2124 655 2218 άελόάσης
682 2132 905 2217 τελειοτάτης,
939 2141 1015 2217 τρία
1039 2133 1119 2200 ὄντα
1141 2136 1260 2215 τέλεια,

233 2234 299 2310 μία
322 2226 458 2312 θεότης,
492 2229 677 2310 μᾶλλονδὲ
707 2231 754 2307 είς
782 2229 941 2296 σύστασιν
969 2234 1028 2317 τῆς
1055 2232 1089 2298 ίν
1118 2226 1263 2350 ἀληθείη

234 2332 386 2402 πίστεως
413 2324 452 2390 τὸ
475 2319 634 2408 άνόμοιον
656 2322 735 2412 ἡμῖν
764 2326 936 2415 ἒπησφαλί
938 2351 1036 2407 σατο,
1071 2329 1118 2406 είς
1150 2335 1188 2394 τὸ
1216 2329 1261 2417 μὴ

208 2423 383 2506 Βνομίζειν
415 2424 499 2509 μηδὲ
532 2429 723 2490 πείθεσθαι
754 2434 827 2501 τοῖς
861 2422 955 2511 παρά
984 2421 1078 2504 άξίαν
1104 2421 1262 2512 Ἑλλήνων

234 2527 373 2586 πταίειν
388 2527 592 2605 προπετείας
608 2519 787 2605 προλήψει,
811 2528 1089 2606 κατεγνωσμένοις
1114 2522 1172 2609 τὴν
1194 2527 1263 2589 πᾶ·
1275 2542 1303 2593 1⁶

235 2641 300 2685 σαν
333 2623 440 2683 κτίσιν
471 2628 683 2701 προσκυνεῖν,
721 2618 779 2706 τὴν
813 2615 930 2685 άνοιαν
961 2609 1062 2686 οὖσαν
1091 2619 1177 2705 πρὸς
1204 2620 1261 2688 τὸν

234 2713 525 2802 προσκυνούμενον
553 2721 682 2798 πατέρα
715 2715 749 2781 ίν
777 2716 855 2801 υλῷ,
893 2716 965 2782 υλὸν
999 2717 1032 2784 ἐν
1065 2718 1170 2801 πατρὶ
1203 2719 1262 2785 σὺν

235 2810 322 2901 ἁγίῳ
345 2812 518 2897 πνεύματι,
543 2803 570 2898 ᾦ
591 2808 610 2898 ἡ
634 2814 715 2893 δόξα
739 2813 786 2891 εἷς
807 2811 885 2892 τοὺς
907 2815 1040 2893 αἰῶνας.

325 2909 379 2976 ια’.
411 2910 453 2976 El
475 2906 650 2997 ἆγεννητου
674 2910 807 2997 φάσεως
828 2905 985 2993 ὑπάρχων
1002 2907 1020 2975 ὑ
1037 2911 1119 2990 θεὸς
1142 2909 1262 2978 ὑπαν-

233 3007 406 3093 τοκράτωρ
428 3012 581 3095 χεννηιῆς
604 3008 736 3094 φάσεως
759 3004 817 3073 οὑκ
839 3002 927 3074 older
950 3009 1076 3087 ἑαυτὸν,
1104 3006 1175 3074 ὑὸὲ
1192 3011 1302 3088 υἱὸςεο

196 3108 391 3193 Εχεννητῆς
406 3106 538 3194 φάσεως
562 3102 720 3191 ὑπάρχων
742 3109 840 3170 τοῦτο
856 3105 1008 3189 γινώσκει
1025 3105 1152 3184 ἑαυτὸν,
1177 3102 1261 3189 ὅπερ

235 3204 325 3283 ἐστὶ,
360 3208 434 3283 πῶς
456 3201 514 3271 οὑκ
537 3197 576 3270 άν
600 3205 649 3291 είη
679 3202 718 3269 τὸ
742 3198 920 3285 ὁμοοάοιον
943 3202 1082 3285 ψεῦδος,
1120 3205 1261 3285 τοῦμὲν

234 3301 455 3387 γινώσκοντος
477 3301 593 3369 ἑαυτὸν
616 3297 799 3386 ἀγέννητον,
823 3303 881 3363 τοῦ
906 3300 939 3364 δὲ
961 3299 1132 3383 χεννητάν,·

319 3394 518 3486 Ἀνατροπη.
547 3395 688 3485 Ἔφησεν
707 3392 845 3473 Ἀίτιος,
870 3400 921 3461 καὶ
940 3391 1136 3482 ἀπεφήνατο
1154 3393 1171 3461 ὑ
1188 3397 1262 3462 δια-

237 3497 373 3574 στολεὺς
395 3499 447 3563 καλ
472 3492 634 3582 ὑροθέτης
663 3495 718 3562 ίπλ
749 3493 882 3580 φάσεως
902 3496 986 3559 θεοῦ
1016 3493 1301 3578 διαλαμβάνωνῶ

236 3593 422 3680 ἄνθρωπος
444 3587 489 3659 ιὺν
511 3596 551 3680 τῇ
580 3592 695 3679 φάσει,
724 3594 777 3657 καὶ
801 3589 842 3656 τά
866 3585 949 3676 ὑπὲρ
976 3590 1078 3678 φάσιν
1099 3592 1261 3676 βουλόμε-

236 3716 293 3770 νος
322 3691 462 3758 εἰδέναι·
497 3691 619 3758 εἰδέναι
647 3691 682 3755 δὲ
711 3685 750 3752 οὑ
783 3687 865 3753 κατὰ
895 3683 1098 3754 ἀκολουθίαν
1120 3693 1259 3774 γραφῆς,

236 3785 306 3856 ἀλλ’
333 3788 367 3856 ἐκ
390 3789 618 3873 συλλογισμῶν
640 3791 799 3871 βροτείων
823 3781 1111 3871 διανοημάτων,“
1092 3810 1143 3850 οτι
1167 3778 1261 3869 ἆγεν·

185 3886 274 3940 Β
238 3910 336 3972 νητου
360 3885 493 3973 φάσεως
514 3881 671 3967 ὑπάρχων
700 3880 717 3946 ὑ
743 3877 864 3959 θεὸςς
849 3907 866 3946 ο
889 3881 1126 3965 παντοκράτωρ
1148 3905 1261 3965 γεννη·

236 3987 295 4071 τῆς
318 3983 451 4070 φάσεως
474 3977 531 4049 οὑκ
554 3976 679 4048 ολδενλ
665 3975 792 4047 ἑαυτόν.
831 3977 976 4045 πάντοτε
998 3980 1033 4044 δὲ
1056 3973 1107 4043 άελ
1129 4002 1184 4042 και
1200 4002 1251 4042 απ
1268 3995 1301 4047 ω

239 4076 339 4168 άρχῆς
361 4084 420 4148 τοὺ
443 4080 556 4167 λόγον,
592 4074 699 4145 οὐκέτι
726 4076 811 4142 κατὰ
823 4074 917 4151 τοὺς
945 4073 1111 4150 παλαιοὺς
1128 4068 1261 4156 Ἀρεια-

238 4204 325 4260 νοις,
348 4172 409 4246 κάν
431 4175 727 4260 ἀποκεκρυμμένος
743 4171 816 4237 υἱὸν
830 4168 990 4256 βούληται
1005 4172 1109 4256 λίχειν
1127 4168 1185 4236 τὸν
1199 4193 1262 4254 μο-

237 4279 363 4364 νογενῆ.
398 4276 432 4344 ἐν
454 4278 541 4343 πᾶσι
564 4275 599 4341 δὲ
622 4271 826 4358 θεωρήσατε,
850 4265 979 4333 υἱοὶ·
940 4292 999 4355 της
1021 4262 1240 4354 ἀληθείας(
1216 4292 1262 4346 ως

1227 4456 1358 4496 Α
