2867 5084
1054 226 1057 233 .

428 960 635 1010 ιιπιοινιου
651 962 747 1012 xm
765 964 953 1015 πυρετόν
968 966 998 1017 r
1163 953 1223 1016 241

220 1107 232 1155 ⁰
303 1114 329 1174 3.
351 1110 611 1192 Μαρκελλιανοί,
629 1134 660 1176 οι
652 1105 949 1195 αποΜαρκελλου
960 1138 1017 1181 τοι
1031 1107 1100 1180 άπὸ
1112 1108 1228 1200 Ἀγκύ-

232 1219 279 1277 ίας
294 1230 346 1290 της
370 1207 544 1284 Γαλατίας.
576 1197 673 1286 οὗτος
695 1208 729 1274 ἐν
745 1203 824 1330 άρχη
811 1213 1042 1298 παραπλησί
1043 1237 1088 1290 ως
1102 1213 1228 1296 Σαβελ-

228 1290 276 1380 λίην
295 1326 460 1424 ιγρονηοας
483 1305 701 1391 διεφημίσθη.
734 1306 781 1383 είς
803 1301 986 1393 ἀπολογίας
1009 1309 1045 1375 δὲ
1066 1308 1228 1387 πολλάκις

226 1361 318 1463 ίλθών
333 1403 385 1465 καί
403 1399 575 1520 ἐγγράφως
590 1356 884 1525 άπολὸγησάμενος
899 1430 992 1489 παρα
979 1404 1141 1472 πολλῶν
1156 1416 1228 1483 τοῖς

224 1485 322 1572 αι’τοῖς
344 1496 494 1578 ἐμμένειν
517 1500 726 1586 κατηγορηθη
730 1551 736 1565 .
783 1501 865 1578 ἴσως
888 1502 924 1567 δὲ
945 1502 1125 1587 μεταγνούς
1146 1502 1255 1584 τάχαο

223 1583 325 1657 ἑαυτὸν
348 1590 626 1677 διωρθώσατο,”
605 1622 624 1679 η
647 1598 680 1662 οἱ
704 1591 804 1662 αὐτοῦ
827 1603 989 1683 μαθηταί.
1020 1593 1104 1682 ὑπὲρ
1129 1595 1228 1663 αὐτοῦ

225 1685 272 1770 γάρ
298 1684 318 1775 ἢ
339 1685 424 1774 ύπὲρ
451 1694 517 1756 τῶν
552 1686 652 1765 αὐτοῦ
674 1695 837 1779 μαθητῶν
861 1687 1042 1777 όρθόδοξοί
1063 1719 1150 1773 τινες
1171 1701 1231 1777 μέ-

226 1801 278 1862 νος
297 1781 616 1872 ύπεραπελογοῦντο.

295 1891 322 1948 4.
350 1878 547 1968 Ἡμιάρειοι,
579 1886 611 1951 οἱ
632 1884 781 1970 Χριστὸν
804 1889 863 1968 μὲν
889 1894 1009 1971 κτίσμα
1032 1883 1230 1973 ὁμολογοῦν·

231 1996 280 2055 τες,
315 1981 467 2067 εἰρωνείᾳ
432 1983 536 2048 ίδὲ
569 1989 689 2065 κτίσμα
723 1977 822 2048 αὐτὸν
857 1983 1054 2071 φάσκοντες,
1094 1981 1152 2066 οὐχ
1186 1979 1271 2062 ιῦςιθ

183 2070 330 2142 ε(λθῖιτιῦν
353 2079 551 2162 κτισμάτων,
583 2073 682 2157 ἀλλά,
707 2081 828 2165 φασὶν,
853 2081 1090 2165 ολδνλίγομεν,
1116 2079 1231 2146 διὰδὲ

235 2167 260 2232 τὸ
280 2173 319 2259 μὴ
349 2175 467 2253 πάθος
486 2175 669 2292 προσάψαι
691 2177 738 2261 τῶ
761 2186 863 2260 πατρὶ
889 2177 944 2245 διὰ
966 2181 1025 2243 τοῦ
1048 2183 1232 2262 γεγεννηκέ-

236 2287 270 2332 ναι
298 2272 428 2337 κτιστὸν
457 2267 557 2338 αύτὸν
593 2238 737 2358 λέγομεύ.
795 2269 954 2352 ιὸσαύτως
982 2272 1039 2340 καὶ
1066 2272 1144 2356 περὶ
1173 2275 1231 2338 τοῦ

238 2365 398 2448 πνεύματος
420 2375 478 2434 τοῦ
502 2365 596 2454 άγίου
619 2379 741 2454 κτίσμα
756 2371 929 2447 παντελῶς
945 2365 1119 2453 ὁρίζονται,
1144 2393 1232 2452 παρ-

239 2463 423 2544 αβάλλοντες
445 2467 517 2531 υἱοῦ
540 2466 579 2531 τὸ
596 2461 784 2549 ὁμοούσισν,
810 2461 1023 2550 ὁμοιοσύσιον
1041 2467 1076 2532 δὲ
1091 2467 1232 2532 θέλουσι
1246 2481 1272 2533 15

239 2552 324 2639 λέγειν.
356 2561 453 2629 ἄλλοι
476 2564 511 2629 δὲ
534 2562 570 2642 ἐξ
591 2557 699 2629 αὐτῶν
722 2565 775 2629 καί
798 2562 837 2627 τὸ
861 2558 1072 2645 ὁμοιοούσιον
1092 2564 1232 2646 παρεξέ-

239 2656 322 2728 βολον.

300 2761 325 2818 5.
355 2754 644 2839 Πνευματομάχοι.
677 2743 771 2820 οὗτοι
792 2757 921 2839 περλγὶ
898 2756 1232 2839 ιενΧριστοῦκαλιῦς

243 2865 333 2960 ῐηοισι,
361 2851 402 2917 τὸ
425 2853 461 2918 δὲ
487 2855 618 2935 πνεῦμα
640 2851 678 2917 τὸ
702 2847 796 2935 άγιον
821 2853 1067 2938 βλασφημοῦσι,
1101 2851 1232 2918 κτιστόν

244 2934 300 3010 οίτὸ
319 2946 504 3032 ὁριζόμενοι
526 2950 581 3014 καὶ
596 2942 655 3014 οῦκ
670 2941 707 3013 όν
723 2947 810 3014 ἐκ
772 2972 830 3032 της
849 2948 1021 3035 θεότητος,
1047 2950 1274 3032 μᾶλλονυο
1197 2949 1274 3016 δὲυο

245 3048 478 3131 καταχρηστικῶς
500 3039 541 3111 δι
561 3045 723 3129 ἐνέργειαν
739 3041 964 3125 κεκτίσθαι,“
945 3044 1136 3130 αγιαστικην
1152 3038 1232 3110 αῦτὸ

229 3090 352 3222 ίδύιαμιν
374 3141 558 3228 φάσκοντες
580 3137 666 3208 εἶναι
686 3141 798 3257 μόνον.

305 3246 330 3304 6.
357 3236 536 3322 Ἀεριανοί
568 3227 664 3318 οὗτος
682 3262 700 3303 ο
688 3231 876 3321 (Ἀέριος’
858 3237 927 3303 απὸ
939 3237 1071 3303 Πόντου
1088 3230 1233 3327 ιῦρμᾶτο.

243 3326 322 3401 ἔτιδὲ
345 3337 442 3419 δεῦρο
465 3342 616 3420 περίεστι
638 3333 825 3418 πειρασμὸς
846 3359 893 3419 τῳ
878 3337 981 3420 βίῳ.
1013 3332 1235 3417 πρεσβύτερος

244 3414 314 3509 οὗτος
341 3422 377 3519 ἦν
407 3436 465 3498 τοῦ
489 3432 676 3499 ἐπισκόπου
699 3425 893 3497 Εύσταθίου
916 3433 975 3496 τοῦ
999 3430 1032 3497 ἐν
1052 3424 1276 3513 Ἀρειανοίς25

242 3521 298 3610 ὄιοβ
298 3530 465 3614 ληθίντυς.
498 3532 552 3596 καὶ
576 3528 691 3614 ἐπειδὴ
715 3521 815 3603 αύτὸς
833 3521 963 3611 >Λέριος
986 3520 1023 3593 ού
1046 3526 1234 3611 κατεστάθη

241 3630 402 3705 ἐπίσκοπος
408 3676 417 3706 ,
446 3624 557 3693 πολλὰ
579 3625 663 3692 κατὰ
684 3626 742 3710 τῆς
765 3623 935 3708 ἐκκλησίας
956 3621 1166 3708 ἐδογμάτισε,
1196 3625 1235 3708 τῇ

239 3718 282 3795 μὲν
300 3731 412 3791 πίστει
435 3716 480 3788 ιῦν
500 3716 671 3806 Ἀρειανὸς
692 3720 954 3800 τελειότατος,
944 3720 1177 3803 περιττότερον
1201 3719 1237 3783 δὲ

240 3810 416 3901 δογματίζει.
439 3818 482 3905 μὴ
508 3819 576 3886 δεῖν
600 3842 684 3905 φησι
706 3812 950 3902 προσφίρειν“
932 3817 1017 3900 νπὲρ
1033 3841 1099 3881 των
1116 3837 1237 3898 προκε-

239 3922 433 3999 κοιμημένων,
466 3915 631 4001 νηστεύειν
654 3916 690 3981 δὲ
705 3912 846 3997 τετράδα
860 3915 915 3978 καὶ
931 3911 1167 3997 προσάββατον
1182 3910 1236 3974 καὶ
1247 3925 1279 3975 30

222 4009 484 4097 ῑτιοσαρακοστην
506 4037 561 4077 και
553 4010 697 4094 Πάσχα
719 4008 845 4088 κωλύει,
870 4004 1055 4087 άποταξίαν
1071 4005 1234 4090 κηρύσσει,

240 4116 407 4223 σμρκοφαγί
407 4133 462 4187 αις
484 4109 520 4175 δὲ
535 4114 712 4186 παντοίαις
727 4111 877 4191 κέχρηται
892 4107 945 4170 καί
965 4112 1107 4189 τρυφαῖς
1123 4095 1236 4179 άδειῦς.

239 4224 260 4264 ιι
256 4199 310 4269 ’δέ
330 4231 380 4284 τις
401 4208 469 4271 τῶν
492 4199 592 4270 αὐτοῦ
613 4203 769 4289 βούλοιτο
793 4201 968 4289 νηστεύειν,
991 4224 1035 4285 μη
1023 4197 1086 4263 ἐν
1102 4192 1239 4285 ημέραις

277 4303 416 4358 Epiphanius
436 4301 1089 4353 111.16
