2867 5084
235 913 297 973 274
471 926 675 976 ιειιιοινιον
691 926 787 976 xm
805 925 992 976 Αινιιειιασ
1006 928 1036 975 r.

240 1070 447 1143 Ἀθανάσιον
470 1080 546 1160 περὶ
569 1077 688 1143 τούτου
713 1080 772 1143 τοό
795 1079 995 1160 Μαρκέλλου
1023 1079 1098 1155 πῶς
1126 1104 1168 1145 αν
1196 1078 1264 1160 ἔχοι

242 1179 320 1259 περὶ
350 1170 461 1239 αὐτοῦ.
507 1171 525 1237 ό
555 1176 590 1241 δέ
613 1172 689 1241 οὔτε
715 1170 1033 1260 όπεραπελογησατο
1063 1172 1141 1242 οὔτε
1163 1175 1263 1241 πάλιν

243 1272 328 1355 πρός
351 1266 449 1336 αὐτόν
473 1266 631 1354 ἀπεχθῶς
653 1267 786 1357 ἠνέχθη,
810 1271 913 1353 μόνον
936 1274 970 1338 δὲ
995 1271 1051 1337 διὰ
1072 1276 1132 1337 τοῦ
1157 1286 1286 1356 προσώ

243 1369 337 1434 τόπου
359 1369 535 1452 μειδιάσας
558 1365 706 1454 όπέφηνε
727 1374 916 1452 μοχθηρίας
942 1368 987 1453 μη
1010 1369 1140 1452 μακρὰν
1164 1365 1261 1436 αότόν

180 1464 183 1475 '
219 1461 335 1545 σεῖναι,
361 1461 428 1531 ἀλλ’
454 1463 499 1545 ιός
522 1462 815 1551 ἀπολογησάμενον
841 1461 915 1548 εἶχε.

327 1574 356 1630 5.
388 1564 640 1648 Παραθησομαι
663 1565 699 1628 δέ
722 1559 819 1628 άτινα
846 1565 934 1641 τινὲς
962 1558 1112 1647 εόρόντες
1135 1562 1170 1630 έν
1192 1573 1262 1642 τοῖς

241 1656 341 1727 αὐτοῦ
371 1662 569 1744 Μαρκέλλου
603 1659 841 1744 συντάγμασιν,
880 1660 901 1724 ά
935 1660 1041 1726 έδόκει
1069 1660 1259 1746 ἐπιλήψιμα

241 1754 355 1834 αὐτοῖς
383 1764 582 1842 (μαίνεσθαι,
617 1757 703 1839 πρὸς
731 1756 767 1821 όν
797 1753 1052 1841 ἀποτεινόμενοι
1084 1761 1140 1824 καὶ
1170 1753 1259 1824 αότολ

242 1850 503 1932 ἀντισυνέταξαν.
535 1850 601 1919 ὑπὸ
625 1856 661 1920 δὲ
683 1853 792 1919 ἀλλων
814 1854 917 1920 πάλιν
940 1854 1056 1920 διὰτὸ
1078 1855 1159 1934 τοὺς
1175 1850 1260 1922 ἀντι-

203 1951 471 2029 1οσυντάξαντας,
495 1948 631 2034 ὕστερον
648 1951 695 2028 είς
710 1949 791 2016 ἀλλο
810 1958 995 2033 τραπέντος
1011 1951 1142 2035 ἐλέγχου
1156 1953 1256 2036 χάριν,

239 2048 281 2114 τά
313 2043 614 2129 ἀντισυνταχθέντα
646 2043 700 2113 ὑπ’
736 2043 843 2113 αὐτῶν
876 2049 1145 2132 προβαλλόμενοι
1179 2050 1256 2117 ἐδεί-

239 2171 349 2224 κνυον,
387 2149 439 2210 καὶ
464 2146 497 2212 έν
519 2156 591 2223 τοῖς
620 2148 714 2231 σφῶν
738 2140 845 2210 αἴτιόν
869 2145 1069 2229 συντάγμασι
1094 2147 1180 2213 κατὰ
1201 2145 1276 2223 τὰςυ

239 2249 414 2329 γενομένας
438 2245 615 2327 διαιρέσεις
638 2239 701 2308 ἀνά
722 2249 824 2325 μέσον
846 2246 911 2309 τῶν
935 2245 1011 2324 περὶ
1029 2238 1185 2309 Ἀκάκιον
1207 2245 1254 2308 καὶ

240 2344 418 2408 Βασίλειον
446 2342 503 2406 τὸν
529 2339 676 2426 Γαλάτην
704 2343 758 2405 καί
785 2347 812 2403 Γ
810 2340 946 2424 ειόργιον
974 2339 1030 2404 τόν
1053 2341 1253 2417 Λαοδικείας

205 2437 441 2521 Ιδέποιησαντο
470 2438 554 2521 πρὸς
584 2439 710 2520 έλεγχον
739 2440 797 2501 τοῦ
827 2431 927 2501 αὐτοῦ
947 2431 1112 2503 Ἀκακίου.
1165 2427 1253 2514 οὗτος

238 2536 299 2620 γάρ
322 2526 360 2621 ἦν
384 2530 486 2599 όάπὸ
502 2538 567 2599 τῶν
583 2535 782 2616 Μαρκέλλου
804 2534 1038 2618 συνταγμάτων
1060 2535 1144 2599 κατὰ
1160 2541 1252 2616 Μαρ·

238 2634 352 2698 κέλλου
376 2631 489 2707 είπιόν,
513 2631 568 2695 ἵνα
592 2630 625 2695 έν
649 2634 753 2697 πᾶσιν
775 2626 870 2714 ἡμεῖς
890 2635 948 2716 τῆς
971 2626 1133 2716 ἀληθείας
1158 2633 1251 2718 μηδὲν

238 2729 506 2810 παραλείψαντες
529 2727 684 2808 δείξωμεν
709 2723 761 2792 ότι
784 2726 860 2794 οὔτε
883 2723 1102 2810 ἀπειχόμεθα
1115 2727 1159 2794 τὰ
1174 2727 1249 2812 πρὸς

239 2824 423 2906 διόρθωσιν
446 2821 522 2889 οὔτε
549 2833 714 2889 συναινεῒν
739 2824 933 2907 βουλόμεθα
954 2836 1026 2902 τοῖς
1048 2851 1081 2892 τι
1105 2825 1198 2910 παρὰ
1216 2822 1247 2889 τό

199 2916 400 3007 Μάληθινὸν
424 2920 637 3004 ἐπιχειροῦσι.
675 2922 728 2985 καὶ
753 2922 824 2987 έστι
845 2925 949 2987 ταῦτα
972 2922 1006 2988 έκ
1027 2926 1085 3008 τῆς
1104 2918 1246 2990 Ἀκακίον

238 3018 324 3103 πρὸς
346 3017 543 3103 Μάρκελλον
566 3012 755 3102 ἀντιλογίας
777 3018 865 3084 τάδε.

504 3343 631 3408 Ταῦτα
660 3335 725 3409 διὰ
754 3335 990 3429 Μαρκέλλου.
1254 3337 1296 3394 ³⁸

323 3512 351 3572 6.
367 3509 503 3570 ’ίΤαῦτα
516 3505 576 3587 μὲν
592 3493 648 3568 σόν
664 3506 716 3570 καὶ
732 3502 775 3569 τόι
789 3505 925 3569 τοιαῦτα
939 3502 1023 3585 μετὰ
1037 3503 1095 3591 τὴν
1111 3502 1263 3591 moseri*

237 3625 332 3688 γησιν
353 3606 419 3666 τιῦν
438 3602 484 3678 είς
499 3598 558 3677 τὰς
573 3608 756 3682 παροιμίας
771 3602 877 3686 ῥητιόν
892 3607 1052 3687 γέγραφεν
1070 3597 1278 3686 όΜάρκελΙ

198 3702 303 3779 mog,
327 3700 436 3764 λαλῶν
458 3723 493 3763 τε
512 3695 595 3761 κατὰ
616 3701 675 3762 τοῦ
697 3702 781 3765 θεοῦ
809 3694 949 3776 ἀδικίαν,
980 3698 1128 3783 ἐπαίρων
1152 3702 1189 3767 δὲ
1212 3700 1294 3777 είᾷ

236 3795 325 3878 όιγος
352 3796 390 3862 τό
419 3800 514 3879 κέρας
543 3789 659 3872 αὑτοῦ,
692 3795 865 3878 γενόμενος
897 3791 981 3879 ὑπὲρ
1013 3796 1056 3861 τὰ
1083 3803 1171 3880 μέσα
1198 3782 1281 3863 τοις

235 3897 367 3980 βιβλίου
389 3893 444 3958 καί
466 3889 569 3956 πάλιν
591 3894 666 3968 θείς
685 3887 857 3975 Ἀστερίου
885 3891 927 3957 τά
953 3894 1089 3977 λέγοντα
1110 3892 1295 3980 ῥήματα(

237 3992 337 4070 ἀλλος
364 3993 424 4073 μὲν
451 3987 511 4074 γάρ
541 3987 630 4053 έστιν
662 3984 679 4052 ὁ
709 3988 819 4072 πατὴρ
850 3983 1046 4074 όγεννήσας
1074 3992 1109 4070 ἐξ
1137 3986 1271 4060 ἑαυτοῖ

236 4089 293 4153 τὸν
320 4090 477 4173 μονογενῆ
507 4085 603 4169 λόγον
638 4087 691 4150 καί
721 4082 933 4164 πρωτότοκον
963 4087 1074 4175 πάσης
1105 4095 1255 4170 κτίσεως,

197 4185 337 4264 θυμόνος
357 4185 468 4266 μόνον,
491 4185 616 4260 τέλειος
637 4182 772 4256 τέλειον,
794 4182 949 4262 βασιλεὺς
970 4190 1120 4268 βασιλέα,
1145 4187 1258 4272 κύριος
