<?xml version="1.0" encoding="UTF-8"?>
<!DOCTYPE html PUBLIC "-//W3C//DTD XHTML 1.0 Transitional//EN"
    "http://www.w3.org/TR/xhtml1/DTD/xhtml1-transitional.dtd">
<html xmlns="http://www.w3.org/1999/xhtml" xml:lang="en" lang="en">
 <head>
  <title>
</title>
<meta http-equiv="Content-Type" content="text/html;charset=utf-8" />
  <meta name='ocr-system' content='tesseract 3.04.00' />
  <meta name='ocr-capabilities' content='ocr_page ocr_carea ocr_par ocr_line ocrx_word'/>
</head>
<body>
  <div class='ocr_page' id='page_1' title='image "./opera01dindgoog_0320.png"; bbox 0 0 2867 5084; ppageno 0'>
   <div class='ocr_carea' id='block_1_1' title="bbox 230 904 1029 976">
    <p class='ocr_par' dir='ltr' id='par_1_1' title="bbox 230 904 1029 976">
     <span class='ocr_line' id='line_1_1' title="bbox 230 904 1029 976; baseline -0.008 0"><span class='ocrx_word' id='word_1_1' title='bbox 230 913 293 976; x_wconf 77' lang='lat'><strong><em>290</em></strong></span> <span class='ocrx_word' id='word_1_2' title='bbox 459 904 666 973; x_wconf 70' lang='grc' dir='ltr'><strong><em>οπιυμιῖον</em></strong></span> <span class='ocrx_word' id='word_1_3' title='bbox 681 922 778 973; x_wconf 76' lang='lat' dir='ltr'><strong><em>xm</em></strong></span> <span class='ocrx_word' id='word_1_4' title='bbox 797 922 983 971; x_wconf 68' lang='grc' dir='ltr'><strong><em>Αινεῑιιαν</em></strong></span> <span class='ocrx_word' id='word_1_5' title='bbox 999 923 1029 970; x_wconf 78' lang='lat' dir='ltr'><strong><em>r.</em></strong></span> 
     </span>
    </p>
   </div>
   <div class='ocr_carea' id='block_1_2' title="bbox 197 1063 1301 4264">
    <p class='ocr_par' dir='ltr' id='par_1_2' title="bbox 197 1063 1293 3099">
     <span class='ocr_line' id='line_1_2' title="bbox 230 1063 1253 1164; baseline -0.01 -21"><span class='ocrx_word' id='word_1_6' title='bbox 230 1081 288 1164; x_wconf 78' lang='grc' dir='ltr'><strong><em>γῆς</em></strong></span> <span class='ocrx_word' id='word_1_7' title='bbox 310 1071 533 1157; x_wconf 84' lang='grc' dir='ltr'><strong><em>όνομάζεται,”</em></strong></span> <span class='ocrx_word' id='word_1_8' title='bbox 565 1066 641 1139; x_wconf 77' lang='grc' dir='ltr'><strong><em>καθ’</em></strong></span> <span class='ocrx_word' id='word_1_9' title='bbox 667 1067 848 1156; x_wconf 78' lang='grc' dir='ltr'><strong><em>ὁμοιότητα</em></strong></span> <span class='ocrx_word' id='word_1_10' title='bbox 874 1077 941 1138; x_wconf 87' lang='grc' dir='ltr'><strong><em>τῶν</em></strong></span> <span class='ocrx_word' id='word_1_11' title='bbox 969 1071 1099 1137; x_wconf 79' lang='grc' dir='ltr'><em>οἰκείων</em></span> <span class='ocrx_word' id='word_1_12' title='bbox 1129 1063 1253 1134; x_wconf 82' lang='grc' dir='ltr'><strong><em>οόσιῶν</em></strong></span> 
     </span>
     <span class='ocr_line' id='line_1_3' title="bbox 230 1160 1253 1255; baseline -0.009 -17"><span class='ocrx_word' id='word_1_13' title='bbox 230 1173 308 1250; x_wconf 79' lang='grc' dir='ltr'><strong><em>τοὺς</em></strong></span> <span class='ocrx_word' id='word_1_14' title='bbox 330 1170 421 1248; x_wconf 76' lang='grc' dir='ltr'><strong><em>υἱοὺς</em></strong></span> <span class='ocrx_word' id='word_1_15' title='bbox 444 1169 579 1252; x_wconf 70' lang='grc' dir='ltr'><strong><em>ἔχοντες.</em></strong></span> <span class='ocrx_word' id='word_1_16' title='bbox 620 1165 707 1235; x_wconf 75' lang='grc' dir='ltr'><strong><em>οότιυ</em></strong></span> <span class='ocrx_word' id='word_1_17' title='bbox 730 1173 782 1236; x_wconf 82' lang='grc' dir='ltr'><strong><em>καί</em></strong></span> <span class='ocrx_word' id='word_1_18' title='bbox 807 1168 916 1255; x_wconf 76' lang='grc' dir='ltr'><strong><em>πατὴρ</em></strong></span> <span class='ocrx_word' id='word_1_19' title='bbox 946 1167 979 1234; x_wconf 74' lang='grc' dir='ltr'><strong><em>ἓν</em></strong></span> <span class='ocrx_word' id='word_1_20' title='bbox 1002 1162 1157 1250; x_wconf 72' lang='grc' dir='ltr'><strong><em>σι’·ρανοῖς</em></strong></span> <span class='ocrx_word' id='word_1_21' title='bbox 1180 1160 1253 1230; x_wconf 81' lang='grc' dir='ltr'><strong><em>ὀνο-</em></strong></span> 
     </span>
     <span class='ocr_line' id='line_1_4' title="bbox 230 1256 1252 1354; baseline -0.01 -17"><span class='ocrx_word' id='word_1_22' title='bbox 230 1267 384 1354; x_wconf 86' lang='grc' dir='ltr'><strong><em>μάζεται,</em></strong></span> <span class='ocrx_word' id='word_1_23' title='bbox 420 1262 476 1354; x_wconf 74' lang='grc' dir='ltr'><strong><em>ἀφ’</em></strong></span> <span class='ocrx_word' id='word_1_24' title='bbox 507 1256 544 1331; x_wconf 79' lang='grc' dir='ltr'><strong><em>οὗ</em></strong></span> <span class='ocrx_word' id='word_1_25' title='bbox 575 1266 606 1331; x_wconf 80' lang='grc' dir='ltr'><strong><em>οἱ</em></strong></span> <span class='ocrx_word' id='word_1_26' title='bbox 635 1273 776 1350; x_wconf 77' lang='grc' dir='ltr'><strong><em>πατέρες</em></strong></span> <span class='ocrx_word' id='word_1_27' title='bbox 806 1267 838 1331; x_wconf 82' lang='grc' dir='ltr'><strong><em>σί</em></strong></span> <span class='ocrx_word' id='word_1_28' title='bbox 867 1266 922 1332; x_wconf 79' lang='grc' dir='ltr'><strong><em>ἐπὶ</em></strong></span> <span class='ocrx_word' id='word_1_29' title='bbox 952 1269 1010 1351; x_wconf 76' lang='grc' dir='ltr'><strong><em>γῆς</em></strong></span> <span class='ocrx_word' id='word_1_30' title='bbox 1037 1259 1104 1330; x_wconf 80' lang='grc' dir='ltr'><strong><em>κατ’</em></strong></span> <span class='ocrx_word' id='word_1_31' title='bbox 1137 1258 1252 1329; x_wconf 80' lang='grc' dir='ltr'><strong><em>οὐσίαν</em></strong></span> 
     </span>
     <span class='ocr_line' id='line_1_5' title="bbox 233 1358 1252 1449; baseline -0.005 -18"><span class='ocrx_word' id='word_1_32' title='bbox 233 1362 490 1449; x_wconf 71' lang='grc' dir='ltr'><strong><em>ὠνομάσθησαν,</em></strong></span> <span class='ocrx_word' id='word_1_33' title='bbox 514 1358 588 1429; x_wconf 71' lang='grc' dir='ltr'><strong><em>καθ’</em></strong></span> <span class='ocrx_word' id='word_1_34' title='bbox 609 1358 790 1449; x_wconf 82' lang='grc' dir='ltr'><strong><em>ὁμοιότητα</em></strong></span> <span class='ocrx_word' id='word_1_35' title='bbox 811 1366 869 1449; x_wconf 78' lang='grc' dir='ltr'><strong><em>τῆς</em></strong></span> <span class='ocrx_word' id='word_1_36' title='bbox 887 1362 1004 1428; x_wconf 75' lang='grc' dir='ltr'><strong><em>ἑαυτοῦ</em></strong></span> <span class='ocrx_word' id='word_1_37' title='bbox 1027 1358 1146 1438; x_wconf 81' lang='grc' dir='ltr'><strong><em>οὐσίας</em></strong></span> <span class='ocrx_word' id='word_1_38' title='bbox 1167 1360 1252 1426; x_wconf 87' lang='grc' dir='ltr'><strong><em>πάν-</em></strong></span> 
     </span>
     <span class='ocr_line' id='line_1_6' title="bbox 209 1452 1293 1545; baseline -0.009 -15"><span class='ocrx_word' id='word_1_39' title='bbox 209 1473 297 1541; x_wconf 70' lang='grc' dir='ltr'><strong><em>δτιυς</em></strong></span> <span class='ocrx_word' id='word_1_40' title='bbox 318 1462 376 1527; x_wconf 88' lang='grc' dir='ltr'><strong><em>τὸν</em></strong></span> <span class='ocrx_word' id='word_1_41' title='bbox 399 1461 434 1540; x_wconf 77' lang='grc' dir='ltr'><strong><em>ἐξ</em></strong></span> <span class='ocrx_word' id='word_1_42' title='bbox 456 1456 556 1527; x_wconf 81' lang='grc' dir='ltr'><strong><em>αὐτοῦ</em></strong></span> <span class='ocrx_word' id='word_1_43' title='bbox 580 1460 659 1542; x_wconf 81' lang='grc' dir='ltr'><em>’έχων</em></span> <span class='ocrx_word' id='word_1_44' title='bbox 681 1467 910 1545; x_wconf 78' lang='grc' dir='ltr'><em>γεγεννημένον</em></span> <span class='ocrx_word' id='word_1_45' title='bbox 932 1458 1013 1525; x_wconf 76' lang='grc' dir='ltr'><strong><em>υἱόν.</em></strong></span> <span class='ocrx_word' id='word_1_46' title='bbox 1056 1460 1109 1524; x_wconf 86' lang='grc' dir='ltr'><strong><em>καί</em></strong></span> <span class='ocrx_word' id='word_1_47' title='bbox 1135 1452 1173 1522; x_wconf 80' lang='grc' dir='ltr'><strong><em>σι’·</em></strong></span> <span class='ocrx_word' id='word_1_48' title='bbox 1197 1455 1293 1522; x_wconf 56' lang='lat' dir='ltr'><strong><em>dm</em></strong></span> 
     </span>
     <span class='ocr_line' id='line_1_7' title="bbox 233 1552 1253 1646; baseline -0.009 -19"><span class='ocrx_word' id='word_1_49' title='bbox 233 1586 329 1626; x_wconf 91' lang='grc' dir='ltr'><strong><em>ναται</em></strong></span> <span class='ocrx_word' id='word_1_50' title='bbox 350 1555 370 1646; x_wconf 74' lang='grc' dir='ltr'>ἡ</span> <span class='ocrx_word' id='word_1_51' title='bbox 394 1558 450 1624; x_wconf 81' lang='grc' dir='ltr'><strong><em>ίπί</em></strong></span> <span class='ocrx_word' id='word_1_52' title='bbox 479 1562 545 1623; x_wconf 85' lang='grc' dir='ltr'><strong><em>τῶν</em></strong></span> <span class='ocrx_word' id='word_1_53' title='bbox 573 1561 837 1645; x_wconf 74' lang='grc' dir='ltr'><strong><em>καταχρηστικῶς</em></strong></span> <span class='ocrx_word' id='word_1_54' title='bbox 866 1560 921 1623; x_wconf 83' lang='grc' dir='ltr'><strong><em>καὶ</em></strong></span> <span class='ocrx_word' id='word_1_55' title='bbox 950 1552 1134 1639; x_wconf 81' lang='grc' dir='ltr'><em>ὁμωνύμως</em></span> <span class='ocrx_word' id='word_1_56' title='bbox 1162 1556 1253 1638; x_wconf 84' lang='grc' dir='ltr'><strong><em>λεγο-</em></strong></span> 
     </span>
     <span class='ocr_line' id='line_1_8' title="bbox 231 1648 1253 1743; baseline -0.008 -19"><span class='ocrx_word' id='word_1_57' title='bbox 231 1665 338 1743; x_wconf 81' lang='grc' dir='ltr'><strong><em>μένων</em></strong></span> <span class='ocrx_word' id='word_1_58' title='bbox 361 1656 440 1721; x_wconf 87' lang='grc' dir='ltr'><strong><em>υίῶν</em></strong></span> <span class='ocrx_word' id='word_1_59' title='bbox 464 1658 574 1720; x_wconf 76' lang='grc' dir='ltr'><strong><em>ἔννοια</em></strong></span> <span class='ocrx_word' id='word_1_60' title='bbox 595 1658 641 1739; x_wconf 76' lang='grc' dir='ltr'><strong><em>τῷ</em></strong></span> <span class='ocrx_word' id='word_1_61' title='bbox 664 1666 835 1740; x_wconf 85' lang='grc' dir='ltr'><strong><em>μονογενεῐ</em></strong></span> <span class='ocrx_word' id='word_1_62' title='bbox 851 1650 1012 1739; x_wconf 79' lang='grc' dir='ltr'><strong><em>ἁρμόζειν.</em></strong></span> <span class='ocrx_word' id='word_1_63' title='bbox 1055 1648 1171 1735; x_wconf 82' lang='grc' dir='ltr'><strong><em>ῶσπερ</em></strong></span> <span class='ocrx_word' id='word_1_64' title='bbox 1194 1650 1253 1735; x_wconf 86' lang='grc' dir='ltr'><strong><em>γὰρ</em></strong></span> 
     </span>
     <span class='ocr_line' id='line_1_9' title="bbox 233 1750 1255 1836; baseline -0.008 -16"><span class='ocrx_word' id='word_1_65' title='bbox 233 1758 352 1833; x_wconf 84' lang='grc' dir='ltr'><em>πυξίον</em></span> <span class='ocrx_word' id='word_1_66' title='bbox 380 1754 439 1834; x_wconf 84' lang='grc' dir='ltr'><strong><em>μὲν</em></strong></span> <span class='ocrx_word' id='word_1_67' title='bbox 469 1752 596 1835; x_wconf 80' lang='grc' dir='ltr'><strong><em>λέγεται</em></strong></span> <span class='ocrx_word' id='word_1_68' title='bbox 624 1759 742 1836; x_wconf 80' lang='grc' dir='ltr'><em>κυρίως</em></span> <span class='ocrx_word' id='word_1_69' title='bbox 769 1750 808 1817; x_wconf 88' lang='grc' dir='ltr'><strong><em>τὸ</em></strong></span> <span class='ocrx_word' id='word_1_70' title='bbox 838 1750 872 1816; x_wconf 76' lang='grc' dir='ltr'><strong><em>ἐκ</em></strong></span> <span class='ocrx_word' id='word_1_71' title='bbox 895 1751 1015 1829; x_wconf 87' lang='grc' dir='ltr'><strong><em>πυξίου</em></strong></span> <span class='ocrx_word' id='word_1_72' title='bbox 1038 1770 1255 1817; x_wconf 52' lang='grc' dir='ltr'><strong><em>κατεσκευασν</em></strong></span> 
     </span>
     <span class='ocr_line' id='line_1_10' title="bbox 233 1842 1256 1934; baseline -0.006 -18"><span class='ocrx_word' id='word_1_73' title='bbox 233 1858 346 1934; x_wconf 80' lang='grc' dir='ltr'><strong><em>μένον,</em></strong></span> <span class='ocrx_word' id='word_1_74' title='bbox 381 1849 567 1931; x_wconf 89' lang='grc' dir='ltr'><strong><em>κοινότερον</em></strong></span> <span class='ocrx_word' id='word_1_75' title='bbox 600 1850 635 1913; x_wconf 79' lang='grc' dir='ltr'><strong><em>δὲ</em></strong></span> <span class='ocrx_word' id='word_1_76' title='bbox 668 1853 721 1915; x_wconf 89' lang='grc' dir='ltr'><strong><em>καὶ</em></strong></span> <span class='ocrx_word' id='word_1_77' title='bbox 750 1849 1014 1934; x_wconf 76' lang='grc' dir='ltr'><strong><em>καταχρηστικῶς</em></strong></span> <span class='ocrx_word' id='word_1_78' title='bbox 1041 1842 1098 1913; x_wconf 78' lang='grc' dir='ltr'><strong><em>ἄντ’</em></strong></span> <span class='ocrx_word' id='word_1_79' title='bbox 1132 1845 1256 1913; x_wconf 76' lang='grc' dir='ltr'><strong><em>ἐκείνου</em></strong></span> 
     </span>
     <span class='ocr_line' id='line_1_11' title="bbox 197 1942 1256 2028; baseline 0 -20"><span class='ocrx_word' id='word_1_80' title='bbox 197 1959 225 2010; x_wconf 79' lang='grc'><strong><em>10</em></strong></span> <span class='ocrx_word' id='word_1_81' title='bbox 235 1951 353 2026; x_wconf 85' lang='grc' dir='ltr'><strong><em>πυξίον</em></strong></span> <span class='ocrx_word' id='word_1_82' title='bbox 376 1944 490 2010; x_wconf 81' lang='grc' dir='ltr'><strong><em>καὶτὸ</em></strong></span> <span class='ocrx_word' id='word_1_83' title='bbox 514 1944 548 2010; x_wconf 77' lang='grc' dir='ltr'><strong><em>ἐκ</em></strong></span> <span class='ocrx_word' id='word_1_84' title='bbox 569 1946 709 2027; x_wconf 78' lang='grc' dir='ltr'><em>μολίβου</em></span> <span class='ocrx_word' id='word_1_85' title='bbox 741 1948 794 2010; x_wconf 83' lang='grc' dir='ltr'><strong><em>καί</em></strong></span> <span class='ocrx_word' id='word_1_86' title='bbox 816 1947 936 2027; x_wconf 79' lang='grc' dir='ltr'><strong><em>χαλκοῦ</em></strong></span> <span class='ocrx_word' id='word_1_87' title='bbox 964 1948 1018 2010; x_wconf 83' lang='grc' dir='ltr'><strong><em>καί</em></strong></span> <span class='ocrx_word' id='word_1_88' title='bbox 1041 1942 1144 2028; x_wconf 75' lang='grc' dir='ltr'><strong><em>ἄλλης</em></strong></span> <span class='ocrx_word' id='word_1_89' title='bbox 1166 1943 1256 2020; x_wconf 87' lang='grc' dir='ltr'><strong><em>τινὸς</em></strong></span> 
     </span>
     <span class='ocr_line' id='line_1_12' title="bbox 234 2032 1257 2127; baseline -0.003 -18"><span class='ocrx_word' id='word_1_90' title='bbox 234 2041 312 2127; x_wconf 72' lang='grc' dir='ltr'><strong><em>ὅλης</em></strong></span> <span class='ocrx_word' id='word_1_91' title='bbox 334 2041 475 2127; x_wconf 88' lang='grc' dir='ltr'><strong><em>γεγονός.</em></strong></span> <span class='ocrx_word' id='word_1_92' title='bbox 517 2039 593 2108; x_wconf 75' lang='grc' dir='ltr'><strong><em>οὔτε</em></strong></span> <span class='ocrx_word' id='word_1_93' title='bbox 616 2032 673 2107; x_wconf 76' lang='grc' dir='ltr'><strong><em>οὖν</em></strong></span> <span class='ocrx_word' id='word_1_94' title='bbox 697 2039 741 2121; x_wconf 84' lang='grc' dir='ltr'><strong><em>ῶς</em></strong></span> <span class='ocrx_word' id='word_1_95' title='bbox 764 2037 781 2107; x_wconf 89' lang='grc' dir='ltr'><strong><em>ό</em></strong></span> <span class='ocrx_word' id='word_1_96' title='bbox 804 2043 945 2120; x_wconf 85' lang='grc' dir='ltr'><strong><em>τετοκῶς</em></strong></span> <span class='ocrx_word' id='word_1_97' title='bbox 971 2042 1091 2127; x_wconf 77' lang='grc' dir='ltr'><em>βόλους</em></span> <span class='ocrx_word' id='word_1_98' title='bbox 1121 2041 1257 2125; x_wconf 77' lang='grc' dir='ltr'><strong><em>δρόσου,</em></strong></span> 
     </span>
     <span class='ocr_line' id='line_1_13' title="bbox 235 2133 1257 2225; baseline -0.003 -19"><span class='ocrx_word' id='word_1_99' title='bbox 235 2147 404 2206; x_wconf 81' lang='grc' dir='ltr'><strong><em>τουτέστιν</em></strong></span> <span class='ocrx_word' id='word_1_100' title='bbox 428 2133 613 2217; x_wconf 83' lang='grc' dir='ltr'><strong><em>οόσιαιδῶς·</em></strong></span> <span class='ocrx_word' id='word_1_101' title='bbox 647 2144 910 2225; x_wconf 76' lang='grc' dir='ltr'><strong><em>καταχρηστικῶς</em></strong></span> <span class='ocrx_word' id='word_1_102' title='bbox 938 2141 999 2225; x_wconf 86' lang='grc' dir='ltr'><strong><em>γὰρ</em></strong></span> <span class='ocrx_word' id='word_1_103' title='bbox 1026 2139 1178 2205; x_wconf 76' lang='grc' dir='ltr'><strong><em>ἐνταῦθα</em></strong></span> <span class='ocrx_word' id='word_1_104' title='bbox 1200 2138 1257 2204; x_wconf 70' lang='grc' dir='ltr'><strong><em>ἐπὶ</em></strong></span> 
     </span>
     <span class='ocr_line' id='line_1_14' title="bbox 235 2231 1285 2323; baseline -0.003 -21"><span class='ocrx_word' id='word_1_105' title='bbox 235 2242 293 2303; x_wconf 85' lang='grc' dir='ltr'><strong><em>τοῦ</em></strong></span> <span class='ocrx_word' id='word_1_106' title='bbox 316 2234 503 2320; x_wconf 78' lang='grc' dir='ltr'><strong><em>ποιήματος</em></strong></span> <span class='ocrx_word' id='word_1_107' title='bbox 524 2235 563 2300; x_wconf 88' lang='grc' dir='ltr'><strong><em>τὸ</em></strong></span> <span class='ocrx_word' id='word_1_108' title='bbox 585 2239 644 2300; x_wconf 80' lang='grc' dir='ltr'><strong><em>τοῦ</em></strong></span> <span class='ocrx_word' id='word_1_109' title='bbox 666 2234 764 2300; x_wconf 90' lang='grc' dir='ltr'><strong><em>τόκου</em></strong></span> <span class='ocrx_word' id='word_1_110' title='bbox 787 2239 1030 2323; x_wconf 82' lang='grc' dir='ltr'><strong><em>παρείληπται·</em></strong></span> <span class='ocrx_word' id='word_1_111' title='bbox 1053 2233 1131 2302; x_wconf 82' lang='grc' dir='ltr'><strong><em>οίίτε</em></strong></span> <span class='ocrx_word' id='word_1_112' title='bbox 1153 2231 1199 2313; x_wconf 87' lang='grc' dir='ltr'><strong><em>ῶς</em></strong></span> <span class='ocrx_word' id='word_1_113' title='bbox 1220 2234 1285 2300; x_wconf 84' lang='grc' dir='ltr'><strong><em>τὸ.</em></strong></span> 
     </span>
     <span class='ocr_line' id='line_1_15' title="bbox 236 2328 1261 2419; baseline -0.001 -20"><span class='ocrx_word' id='word_1_114' title='bbox 236 2333 349 2411; x_wconf 68' lang='grc' dir='ltr'><strong><em>*υἱοὺς</em></strong></span> <span class='ocrx_word' id='word_1_115' title='bbox 371 2334 525 2419; x_wconf 81' lang='grc' dir='ltr'><strong><em>ἐγέννησα</em></strong></span> <span class='ocrx_word' id='word_1_116' title='bbox 546 2332 601 2398; x_wconf 81' lang='grc' dir='ltr'><strong><em>καὶ</em></strong></span> <span class='ocrx_word' id='word_1_117' title='bbox 623 2328 779 2417; x_wconf 70' lang='grc' dir='ltr'><strong><em>ὕψωσα·”</em></strong></span> <span class='ocrx_word' id='word_1_118' title='bbox 821 2337 875 2399; x_wconf 85' lang='grc' dir='ltr'><strong><em>καί</em></strong></span> <span class='ocrx_word' id='word_1_119' title='bbox 899 2334 1045 2400; x_wconf 77' lang='grc' dir='ltr'><strong><em>ἐνταῦθα</em></strong></span> <span class='ocrx_word' id='word_1_120' title='bbox 1072 2332 1134 2418; x_wconf 86' lang='grc' dir='ltr'><strong><em>γὰρ</em></strong></span> <span class='ocrx_word' id='word_1_121' title='bbox 1159 2357 1261 2399; x_wconf 87' lang='grc' dir='ltr'><strong><em>κατα·</em></strong></span> 
     </span>
     <span class='ocr_line' id='line_1_16' title="bbox 197 2425 1287 2517; baseline -0.004 -21"><span class='ocrx_word' id='word_1_122' title='bbox 197 2446 226 2496; x_wconf 81' lang='lat'><strong><em>15</em></strong></span> <span class='ocrx_word' id='word_1_123' title='bbox 234 2434 415 2514; x_wconf 86' lang='grc' dir='ltr'><strong><em>χρηστικῶς</em></strong></span> <span class='ocrx_word' id='word_1_124' title='bbox 437 2426 506 2496; x_wconf 83' lang='grc' dir='ltr'><strong><em>άπὸ</em></strong></span> <span class='ocrx_word' id='word_1_125' title='bbox 528 2434 586 2516; x_wconf 75' lang='grc' dir='ltr'><strong><em>τῆς</em></strong></span> <span class='ocrx_word' id='word_1_126' title='bbox 609 2425 737 2507; x_wconf 84' lang='grc' dir='ltr'><strong><em>εόνοίας</em></strong></span> <span class='ocrx_word' id='word_1_127' title='bbox 759 2433 811 2495; x_wconf 87' lang='grc' dir='ltr'><strong><em>καί</em></strong></span> <span class='ocrx_word' id='word_1_128' title='bbox 835 2434 931 2517; x_wconf 78' lang='grc' dir='ltr'><strong><em>τιμῆς</em></strong></span> <span class='ocrx_word' id='word_1_129' title='bbox 954 2431 1287 2515; x_wconf 75' lang='grc' dir='ltr'><strong><em>προσωνόμασται·ο</em></strong></span> 
     </span>
     <span class='ocr_line' id='line_1_17' title="bbox 236 2522 1264 2613; baseline -0.001 -19"><span class='ocrx_word' id='word_1_130' title='bbox 236 2525 311 2594; x_wconf 79' lang='grc' dir='ltr'><strong><em>οότε</em></strong></span> <span class='ocrx_word' id='word_1_131' title='bbox 333 2524 372 2592; x_wconf 88' lang='grc' dir='ltr'><strong><em>τό</em></strong></span> <span class='ocrx_word' id='word_1_132' title='bbox 396 2526 534 2593; x_wconf 71' lang='grc' dir='ltr'><strong><em>’·ἒ’δωκεν</em></strong></span> <span class='ocrx_word' id='word_1_133' title='bbox 558 2522 671 2604; x_wconf 76' lang='grc' dir='ltr'><strong><em>αὐτοῖς</em></strong></span> <span class='ocrx_word' id='word_1_134' title='bbox 689 2528 841 2604; x_wconf 80' lang='grc' dir='ltr'><strong><em>ἐξουσίαν</em></strong></span> <span class='ocrx_word' id='word_1_135' title='bbox 856 2534 952 2594; x_wconf 83' lang='grc' dir='ltr'><strong><em>τέκνα</em></strong></span> <span class='ocrx_word' id='word_1_136' title='bbox 967 2532 1049 2595; x_wconf 86' lang='grc' dir='ltr'><strong><em>θεοῦ</em></strong></span> <span class='ocrx_word' id='word_1_137' title='bbox 1064 2533 1231 2613; x_wconf 81' lang='grc' dir='ltr'><strong><em>γενέσθαι</em></strong></span> <span class='ocrx_word' id='word_1_138' title='bbox 1239 2531 1264 2563; x_wconf 86' lang='grc'><strong><em>·”</em></strong></span> 
     </span>
     <span class='ocr_line' id='line_1_18' title="bbox 235 2619 1267 2712; baseline -0.001 -20"><span class='ocrx_word' id='word_1_139' title='bbox 235 2628 288 2692; x_wconf 83' lang='grc' dir='ltr'><strong><em>καλ</em></strong></span> <span class='ocrx_word' id='word_1_140' title='bbox 312 2625 409 2690; x_wconf 80' lang='grc' dir='ltr'><strong><em>τοῦτο</em></strong></span> <span class='ocrx_word' id='word_1_141' title='bbox 431 2621 492 2708; x_wconf 84' lang='grc' dir='ltr'><strong><em>γὰρ</em></strong></span> <span class='ocrx_word' id='word_1_142' title='bbox 514 2627 572 2711; x_wconf 76' lang='grc' dir='ltr'><strong><em>τῆς</em></strong></span> <span class='ocrx_word' id='word_1_143' title='bbox 594 2619 660 2689; x_wconf 76' lang='grc' dir='ltr'><strong><em>κατ’</em></strong></span> <span class='ocrx_word' id='word_1_144' title='bbox 687 2619 803 2710; x_wconf 79' lang='grc' dir='ltr'><strong><em>άρετίγν</em></strong></span> <span class='ocrx_word' id='word_1_145' title='bbox 832 2631 884 2690; x_wconf 85' lang='grc' dir='ltr'><strong><em>καί</em></strong></span> <span class='ocrx_word' id='word_1_146' title='bbox 914 2633 1051 2711; x_wconf 84' lang='grc' dir='ltr'><strong><em>μίμησιν</em></strong></span> <span class='ocrx_word' id='word_1_147' title='bbox 1074 2628 1135 2711; x_wconf 79' lang='grc' dir='ltr'><strong><em>τῆς</em></strong></span> <span class='ocrx_word' id='word_1_148' title='bbox 1159 2626 1267 2712; x_wconf 79' lang='grc' dir='ltr'><strong><em>ποιη-</em></strong></span> 
     </span>
     <span class='ocr_line' id='line_1_19' title="bbox 237 2716 1267 2809; baseline 0.002 -21"><span class='ocrx_word' id='word_1_149' title='bbox 237 2745 321 2800; x_wconf 87' lang='grc' dir='ltr'><strong><em>σεως</em></strong></span> <span class='ocrx_word' id='word_1_150' title='bbox 343 2721 514 2806; x_wconf 80' lang='grc' dir='ltr'><strong><em>ε’ίληπται·</em></strong></span> <span class='ocrx_word' id='word_1_151' title='bbox 554 2716 658 2798; x_wconf 80' lang='grc' dir='ltr'><strong><em>οότιυς</em></strong></span> <span class='ocrx_word' id='word_1_152' title='bbox 682 2716 698 2785; x_wconf 85' lang='grc' dir='ltr'><strong><em>ό</em></strong></span> <span class='ocrx_word' id='word_1_153' title='bbox 722 2721 899 2806; x_wconf 75' lang='grc' dir='ltr'><strong><em>μονογενὴς</em></strong></span> <span class='ocrx_word' id='word_1_154' title='bbox 921 2722 1141 2809; x_wconf 80' lang='grc' dir='ltr'><strong><em>νοηθησεται,</em></strong></span> <span class='ocrx_word' id='word_1_155' title='bbox 1176 2717 1267 2790; x_wconf 77' lang='grc' dir='ltr'><strong><em>ἀλλὰ</em></strong></span> 
     </span>
     <span class='ocr_line' id='line_1_20' title="bbox 236 2812 1269 2902; baseline 0.004 -18"><span class='ocrx_word' id='word_1_156' title='bbox 236 2823 371 2902; x_wconf 88' lang='grc' dir='ltr'><strong><em>κυρίως,</em></strong></span> <span class='ocrx_word' id='word_1_157' title='bbox 410 2812 455 2894; x_wconf 82' lang='grc' dir='ltr'><strong><em>ῶς</em></strong></span> <span class='ocrx_word' id='word_1_158' title='bbox 486 2816 588 2901; x_wconf 90' lang='grc' dir='ltr'><strong><em>μόνος</em></strong></span> <span class='ocrx_word' id='word_1_159' title='bbox 621 2817 654 2883; x_wconf 80' lang='grc' dir='ltr'><strong><em>ἔκ</em></strong></span> <span class='ocrx_word' id='word_1_160' title='bbox 685 2817 789 2902; x_wconf 90' lang='grc' dir='ltr'><strong><em>μόνου</em></strong></span> <span class='ocrx_word' id='word_1_161' title='bbox 824 2816 939 2902; x_wconf 79' lang='grc' dir='ltr'><strong><em>ὅμοιος</em></strong></span> <span class='ocrx_word' id='word_1_162' title='bbox 970 2814 1044 2885; x_wconf 76' lang='grc' dir='ltr'><strong><em>κατ’</em></strong></span> <span class='ocrx_word' id='word_1_163' title='bbox 1076 2814 1198 2886; x_wconf 76' lang='grc' dir='ltr'><strong><em>οὐσίαν</em></strong></span> <span class='ocrx_word' id='word_1_164' title='bbox 1231 2821 1269 2888; x_wconf 74' lang='grc' dir='ltr'><strong><em>ἐκ</em></strong></span> 
     </span>
     <span class='ocr_line' id='line_1_21' title="bbox 197 2904 1270 3003; baseline 0.003 -24"><span class='ocrx_word' id='word_1_165' title='bbox 197 2919 294 2982; x_wconf 73' lang='grc' dir='ltr'><strong><em>κότου</em></strong></span> <span class='ocrx_word' id='word_1_166' title='bbox 328 2913 470 2997; x_wconf 83' lang='grc' dir='ltr'><strong><em>πατρὸς,</em></strong></span> <span class='ocrx_word' id='word_1_167' title='bbox 511 2904 612 2998; x_wconf 79' lang='grc' dir='ltr'><strong><em>οὗπερ</em></strong></span> <span class='ocrx_word' id='word_1_168' title='bbox 642 2919 694 2981; x_wconf 86' lang='grc' dir='ltr'><strong><em>καί</em></strong></span> <span class='ocrx_word' id='word_1_169' title='bbox 726 2911 908 3003; x_wconf 87' lang='grc' dir='ltr'><strong><em>ῶνομάσθη</em></strong></span> <span class='ocrx_word' id='word_1_170' title='bbox 943 2920 996 2983; x_wconf 82' lang='grc' dir='ltr'><strong><em>καὶ</em></strong></span> <span class='ocrx_word' id='word_1_171' title='bbox 1031 2915 1158 3002; x_wconf 77' lang='grc' dir='ltr'><strong><em>ἐνοήθη</em></strong></span> <span class='ocrx_word' id='word_1_172' title='bbox 1191 2916 1270 2997; x_wconf 77' lang='grc' dir='ltr'><strong><em>υίὸς</em></strong></span> 
     </span>
     <span class='ocr_line' id='line_1_22' title="bbox 236 3017 416 3099; baseline -0.028 -19"><span class='ocrx_word' id='word_1_173' title='bbox 236 3017 416 3099; x_wconf 88' lang='grc' dir='ltr'><strong><em>γεννηθείς.</em></strong></span> 
     </span>
    </p>

    <p class='ocr_par' dir='ltr' id='par_1_3' title="bbox 237 3105 1299 3390">
     <span class='ocr_line' id='line_1_23' title="bbox 322 3105 1299 3195; baseline -0.002 -17"><span class='ocrx_word' id='word_1_174' title='bbox 322 3117 351 3178; x_wconf 86' lang='grc'><strong><em>6.</em></strong></span> <span class='ocrx_word' id='word_1_175' title='bbox 385 3109 478 3175; x_wconf 64' lang='lat' dir='ltr'><strong><em>Em</em></strong></span> <span class='ocrx_word' id='word_1_176' title='bbox 494 3108 602 3176; x_wconf 81' lang='grc' dir='ltr'><strong><em>διὰτὸ</em></strong></span> <span class='ocrx_word' id='word_1_177' title='bbox 619 3105 780 3175; x_wconf 86' lang='grc' dir='ltr'><strong><em>άδόνατον</em></strong></span> <span class='ocrx_word' id='word_1_178' title='bbox 802 3112 868 3174; x_wconf 85' lang='grc' dir='ltr'><strong><em>τῶν</em></strong></span> <span class='ocrx_word' id='word_1_179' title='bbox 891 3112 1056 3194; x_wconf 82' lang='grc' dir='ltr'><strong><em>λογισμῶν</em></strong></span> <span class='ocrx_word' id='word_1_180' title='bbox 1077 3108 1121 3195; x_wconf 80' lang='grc' dir='ltr'><strong><em>μὴ</em></strong></span> <span class='ocrx_word' id='word_1_181' title='bbox 1149 3107 1299 3192; x_wconf 73' lang='grc' dir='ltr'><strong><em>ε”χοιτόε</em></strong></span> 
     </span>
     <span class='ocr_line' id='line_1_24' title="bbox 237 3203 1267 3292; baseline -0.002 -19"><span class='ocrx_word' id='word_1_182' title='bbox 237 3233 288 3287; x_wconf 91' lang='grc' dir='ltr'><strong><em>τις</em></strong></span> <span class='ocrx_word' id='word_1_183' title='bbox 309 3208 366 3273; x_wconf 86' lang='grc' dir='ltr'><strong><em>τὸν</em></strong></span> <span class='ocrx_word' id='word_1_184' title='bbox 389 3206 546 3292; x_wconf 87' lang='grc' dir='ltr'><strong><em>λογισμὸν</em></strong></span> <span class='ocrx_word' id='word_1_185' title='bbox 568 3205 688 3291; x_wconf 79' lang='grc' dir='ltr'><strong><em>γνώσει</em></strong></span> <span class='ocrx_word' id='word_1_186' title='bbox 710 3203 816 3283; x_wconf 80' lang='grc' dir='ltr'><strong><em>οότως</em></strong></span> <span class='ocrx_word' id='word_1_187' title='bbox 832 3214 969 3292; x_wconf 86' lang='grc' dir='ltr'><strong><em>νοηθείη</em></strong></span> <span class='ocrx_word' id='word_1_188' title='bbox 985 3205 1104 3291; x_wconf 82' lang='grc' dir='ltr'><strong><em>πατὴρ,</em></strong></span> <span class='ocrx_word' id='word_1_189' title='bbox 1129 3207 1267 3287; x_wconf 85' lang='grc' dir='ltr'><strong><em>πάθος,</em></strong></span> 
     </span>
     <span class='ocr_line' id='line_1_25' title="bbox 237 3298 1272 3390; baseline 0.003 -21"><span class='ocrx_word' id='word_1_190' title='bbox 237 3298 258 3389; x_wconf 74' lang='grc' dir='ltr'><em>ἢ</em></span> <span class='ocrx_word' id='word_1_191' title='bbox 279 3304 449 3388; x_wconf 85' lang='grc' dir='ltr'><strong><em>μερισμὸν,</em></strong></span> <span class='ocrx_word' id='word_1_192' title='bbox 472 3298 494 3390; x_wconf 76' lang='grc' dir='ltr'><em>ἢ</em></span> <span class='ocrx_word' id='word_1_193' title='bbox 516 3299 702 3387; x_wconf 87' lang='grc' dir='ltr'><strong><em>άπόρροιαν</em></strong></span> <span class='ocrx_word' id='word_1_194' title='bbox 725 3301 948 3385; x_wconf 67' lang='grc' dir='ltr'><strong><em>ὑπομείναντος</em></strong></span> <span class='ocrx_word' id='word_1_195' title='bbox 968 3308 1027 3369; x_wconf 85' lang='grc' dir='ltr'><strong><em>τοῦ</em></strong></span> <span class='ocrx_word' id='word_1_196' title='bbox 1043 3302 1185 3387; x_wconf 89' lang='grc' dir='ltr'><strong><em>πατρὸς,</em></strong></span> <span class='ocrx_word' id='word_1_197' title='bbox 1209 3304 1272 3373; x_wconf 74' lang='grc' dir='ltr'><strong><em>καί</em></strong></span> 
     </span>
    </p>

    <p class='ocr_par' dir='ltr' id='par_1_4' title="bbox 198 3396 1272 3873">
     <span class='ocr_line' id='line_1_26' title="bbox 198 3396 1271 3487; baseline 0.004 -23"><span class='ocrx_word' id='word_1_198' title='bbox 198 3399 480 3483; x_wconf 73' lang='grc' dir='ltr'><strong><em>οεπαρωσάμενος</em></strong></span> <span class='ocrx_word' id='word_1_199' title='bbox 502 3400 559 3486; x_wconf 81' lang='grc' dir='ltr'><strong><em>τὴν</em></strong></span> <span class='ocrx_word' id='word_1_200' title='bbox 583 3408 707 3479; x_wconf 87' lang='grc' dir='ltr'><strong><em>πίστιν,</em></strong></span> <span class='ocrx_word' id='word_1_201' title='bbox 737 3400 755 3487; x_wconf 78' lang='grc' dir='ltr'>ἢ</span> <span class='ocrx_word' id='word_1_202' title='bbox 778 3396 938 3485; x_wconf 77' lang='grc' dir='ltr'><strong><em>όφίστησι</em></strong></span> <span class='ocrx_word' id='word_1_203' title='bbox 959 3400 1016 3485; x_wconf 79' lang='grc' dir='ltr'><strong><em>τὴν</em></strong></span> <span class='ocrx_word' id='word_1_204' title='bbox 1041 3396 1160 3486; x_wconf 74' lang='grc' dir='ltr'><strong><em>εὐσεβῆ</em></strong></span> <span class='ocrx_word' id='word_1_205' title='bbox 1185 3405 1271 3486; x_wconf 73' lang='grc' dir='ltr'><strong><em>περὶ</em></strong></span> 
     </span>
     <span class='ocr_line' id='line_1_27' title="bbox 239 3494 1272 3586; baseline 0.003 -25"><span class='ocrx_word' id='word_1_206' title='bbox 239 3494 367 3577; x_wconf 88' lang='grc' dir='ltr'><strong><em>πατρὸς</em></strong></span> <span class='ocrx_word' id='word_1_207' title='bbox 388 3495 442 3560; x_wconf 88' lang='grc' dir='ltr'><strong><em>καί</em></strong></span> <span class='ocrx_word' id='word_1_208' title='bbox 466 3497 537 3561; x_wconf 82' lang='grc' dir='ltr'><strong><em>υίοῦ</em></strong></span> <span class='ocrx_word' id='word_1_209' title='bbox 561 3497 698 3577; x_wconf 73' lang='grc' dir='ltr'><strong><em>ἔννοιαν,</em></strong></span> <span class='ocrx_word' id='word_1_210' title='bbox 723 3498 900 3581; x_wconf 71' lang='grc' dir='ltr'><strong><em>λογισμοὺς</em></strong></span> <span class='ocrx_word' id='word_1_211' title='bbox 918 3494 1088 3582; x_wconf 83' lang='grc' dir='ltr'><strong><em>ἀπαιτοίη,</em></strong></span> <span class='ocrx_word' id='word_1_212' title='bbox 1113 3494 1272 3586; x_wconf 84' lang='grc' dir='ltr'><strong><em>ἀπαιτη-</em></strong></span> 
     </span>
     <span class='ocr_line' id='line_1_28' title="bbox 238 3584 1269 3678; baseline 0.005 -20"><span class='ocrx_word' id='word_1_213' title='bbox 238 3598 312 3658; x_wconf 83' lang='grc' dir='ltr'><strong><em>τέον</em></strong></span> <span class='ocrx_word' id='word_1_214' title='bbox 341 3584 440 3656; x_wconf 75' lang='grc' dir='ltr'><strong><em>αὐτὸν</em></strong></span> <span class='ocrx_word' id='word_1_215' title='bbox 474 3593 652 3677; x_wconf 86' lang='grc' dir='ltr'><strong><em>λογισμοὺς</em></strong></span> <span class='ocrx_word' id='word_1_216' title='bbox 684 3598 757 3672; x_wconf 85' lang='grc' dir='ltr'><strong><em>πῶς</em></strong></span> <span class='ocrx_word' id='word_1_217' title='bbox 790 3590 808 3658; x_wconf 89' lang='grc' dir='ltr'><strong><em>ό</em></strong></span> <span class='ocrx_word' id='word_1_218' title='bbox 837 3594 919 3673; x_wconf 88' lang='grc' dir='ltr'><strong><em>θεὸς</em></strong></span> <span class='ocrx_word' id='word_1_219' title='bbox 953 3597 1173 3678; x_wconf 83' lang='grc' dir='ltr'><strong><em>σταυροῦται,</em></strong></span> <span class='ocrx_word' id='word_1_220' title='bbox 1210 3599 1269 3663; x_wconf 81' lang='grc' dir='ltr'><strong><em>κοιλ</em></strong></span> 
     </span>
     <span class='ocr_line' id='line_1_29' title="bbox 239 3687 1271 3778; baseline 0.002 -21"><span class='ocrx_word' id='word_1_221' title='bbox 239 3693 314 3768; x_wconf 88' lang='grc' dir='ltr'><strong><em>πῶς</em></strong></span> <span class='ocrx_word' id='word_1_222' title='bbox 335 3688 373 3753; x_wconf 87' lang='grc' dir='ltr'><strong><em>τὸ</em></strong></span> <span class='ocrx_word' id='word_1_223' title='bbox 395 3687 583 3773; x_wconf 84' lang='grc' dir='ltr'><strong><em>μωρότερον</em></strong></span> <span class='ocrx_word' id='word_1_224' title='bbox 605 3694 664 3756; x_wconf 82' lang='grc' dir='ltr'><strong><em>τοῦ</em></strong></span> <span class='ocrx_word' id='word_1_225' title='bbox 688 3687 894 3776; x_wconf 79' lang='grc' dir='ltr'><strong><em>εόαγγελικοῦ</em></strong></span> <span class='ocrx_word' id='word_1_226' title='bbox 917 3690 1119 3778; x_wconf 82' lang='grc' dir='ltr'><strong><em>κηρύγματος</em></strong></span> <span class='ocrx_word' id='word_1_227' title='bbox 1142 3692 1271 3759; x_wconf 82' lang='grc' dir='ltr'><strong><em>διὰτὸ</em></strong></span> 
     </span>
     <span class='ocr_line' id='line_1_30' title="bbox 240 3785 1270 3873; baseline 0.005 -20"><span class='ocrx_word' id='word_1_228' title='bbox 240 3785 477 3871; x_wconf 81' lang='grc' dir='ltr'><strong><em>ἀσυλλόγιστον</em></strong></span> <span class='ocrx_word' id='word_1_229' title='bbox 511 3786 603 3871; x_wconf 86' lang='grc' dir='ltr'><strong><em>παρὰ</em></strong></span> <span class='ocrx_word' id='word_1_230' title='bbox 635 3799 707 3866; x_wconf 83' lang='grc' dir='ltr'><strong><em>τοῖς</em></strong></span> <span class='ocrx_word' id='word_1_231' title='bbox 741 3793 893 3858; x_wconf 72' lang='grc' dir='ltr'><strong><em>δοκοῦσιν</em></strong></span> <span class='ocrx_word' id='word_1_232' title='bbox 927 3785 1013 3856; x_wconf 79' lang='grc' dir='ltr'><strong><em>εἶναι</em></strong></span> <span class='ocrx_word' id='word_1_233' title='bbox 1042 3791 1101 3854; x_wconf 84' lang='grc' dir='ltr'><strong><em>τοῦ</em></strong></span> <span class='ocrx_word' id='word_1_234' title='bbox 1133 3788 1270 3873; x_wconf 88' lang='grc' dir='ltr'><strong><em>κόσμου</em></strong></span> 
     </span>
    </p>

    <p class='ocr_par' dir='ltr' id='par_1_5' title="bbox 200 3879 1301 4264">
     <span class='ocr_line' id='line_1_31' title="bbox 200 3879 1267 3974; baseline 0.002 -20"><span class='ocrx_word' id='word_1_235' title='bbox 200 3895 362 3973; x_wconf 73' lang='grc' dir='ltr'><strong><em>οοσοφαῖς</em></strong></span> <span class='ocrx_word' id='word_1_236' title='bbox 391 3883 582 3971; x_wconf 83' lang='grc' dir='ltr'><strong><em>σοφώτερον</em></strong></span> <span class='ocrx_word' id='word_1_237' title='bbox 613 3879 805 3970; x_wconf 80' lang='grc' dir='ltr'><strong><em>ἀνθρώπων</em></strong></span> <span class='ocrx_word' id='word_1_238' title='bbox 835 3888 938 3967; x_wconf 77' lang='grc' dir='ltr'><strong><em>ἐστίν,</em></strong></span> <span class='ocrx_word' id='word_1_239' title='bbox 976 3884 1032 3964; x_wconf 82' lang='grc' dir='ltr'><strong><em>οὓς</em></strong></span> <span class='ocrx_word' id='word_1_240' title='bbox 1060 3880 1137 3952; x_wconf 77' lang='grc' dir='ltr'><em>οὐδὲ·</em></span> <span class='ocrx_word' id='word_1_241' title='bbox 1161 3888 1267 3974; x_wconf 89' lang='grc' dir='ltr'><strong><em>λόγου</em></strong></span> 
     </span>
     <span class='ocr_line' id='line_1_32' title="bbox 241 3976 1301 4074; baseline 0.004 -26"><span class='ocrx_word' id='word_1_242' title='bbox 241 3978 331 4060; x_wconf 78' lang='grc' dir='ltr'><strong><em>ἀξιοῖ</em></strong></span> <span class='ocrx_word' id='word_1_243' title='bbox 354 3976 371 4046; x_wconf 87' lang='grc' dir='ltr'><strong><em>ό</em></strong></span> <span class='ocrx_word' id='word_1_244' title='bbox 393 3981 554 4065; x_wconf 86' lang='grc' dir='ltr'><strong><em>μακάριος</em></strong></span> <span class='ocrx_word' id='word_1_245' title='bbox 575 3985 727 4061; x_wconf 83' lang='grc' dir='ltr'><strong><em>Παῦλος,</em></strong></span> <span class='ocrx_word' id='word_1_246' title='bbox 766 3983 853 4048; x_wconf 84' lang='grc' dir='ltr'><strong><em>διότι</em></strong></span> <span class='ocrx_word' id='word_1_247' title='bbox 884 3988 930 4070; x_wconf 78' lang='grc' dir='ltr'><strong><em>τῷ</em></strong></span> <span class='ocrx_word' id='word_1_248' title='bbox 954 3979 1184 4070; x_wconf 81' lang='grc' dir='ltr'><strong><em>ἀσυλλογίστῳ</em></strong></span> <span class='ocrx_word' id='word_1_249' title='bbox 1207 3990 1301 4074; x_wconf 78' lang='grc' dir='ltr'><strong><em>τῆςο</em></strong></span> 
     </span>
     <span class='ocr_line' id='line_1_33' title="bbox 241 4079 1271 4167; baseline 0.009 -23"><span class='ocrx_word' id='word_1_250' title='bbox 241 4080 409 4162; x_wconf 81' lang='grc' dir='ltr'><strong><em>δυνάμεως</em></strong></span> <span class='ocrx_word' id='word_1_251' title='bbox 433 4080 579 4164; x_wconf 82' lang='grc' dir='ltr'><strong><em>ίμιόρανε</em></strong></span> <span class='ocrx_word' id='word_1_252' title='bbox 600 4079 658 4167; x_wconf 78' lang='grc' dir='ltr'><strong><em>τὴν</em></strong></span> <span class='ocrx_word' id='word_1_253' title='bbox 681 4086 805 4165; x_wconf 84' lang='grc' dir='ltr'><strong><em>σοφίαν</em></strong></span> <span class='ocrx_word' id='word_1_254' title='bbox 833 4082 898 4146; x_wconf 91' lang='grc' dir='ltr'><strong><em>τῶν</em></strong></span> <span class='ocrx_word' id='word_1_255' title='bbox 926 4082 1187 4165; x_wconf 83' lang='grc' dir='ltr'><strong><em>συλλογίζεσθαι</em></strong></span> <span class='ocrx_word' id='word_1_256' title='bbox 1211 4086 1271 4152; x_wconf 82' lang='grc' dir='ltr'><strong><em>δν·</em></strong></span> 
     </span>
     <span class='ocr_line' id='line_1_34' title="bbox 240 4165 1272 4264; baseline 0.013 -26"><span class='ocrx_word' id='word_1_257' title='bbox 240 4181 398 4257; x_wconf 75' lang='grc' dir='ltr'><strong><em>νομένων.</em></strong></span> <span class='ocrx_word' id='word_1_258' title='bbox 453 4170 560 4262; x_wconf 75' lang='grc' dir='ltr'><strong><em>εἴρηκε</em></strong></span> <span class='ocrx_word' id='word_1_259' title='bbox 591 4177 653 4263; x_wconf 84' lang='grc' dir='ltr'><strong><em>γὰρ</em></strong></span> <span class='ocrx_word' id='word_1_260' title='bbox 691 4165 817 4262; x_wconf 60' lang='grc' dir='ltr'><strong><em>’ἦλθον</em></strong></span> <span class='ocrx_word' id='word_1_261' title='bbox 850 4180 1075 4263; x_wconf 73' lang='grc' dir='ltr'><strong><em>καταγγέλλων</em></strong></span> <span class='ocrx_word' id='word_1_262' title='bbox 1107 4175 1190 4264; x_wconf 75' lang='grc' dir='ltr'><strong><em>ὑμῖν</em></strong></span> <span class='ocrx_word' id='word_1_263' title='bbox 1229 4184 1272 4250; x_wconf 78' lang='grc' dir='ltr'><strong><em>τὸ</em></strong></span> 
     </span>
    </p>
   </div>
   <div class='ocr_carea' id='block_1_3' title="bbox 0 0 1440 5084">
    <p class='ocr_par' dir='ltr' id='par_1_6' title="bbox 0 0 1440 5084">
     <span class='ocr_line' id='line_1_35' title="bbox 0 0 1440 5084; baseline 0 0"><span class='ocrx_word' id='word_1_264' title='bbox 0 0 1440 5084; x_wconf 95' lang='lat' dir='ltr'><strong><em> </em></strong></span> 
     </span>
    </p>
   </div>
  </div>
 </body>
</html>
