2867 5084
255 942 318 1005 416
489 953 693 1003 &mmor
710 951 804 1000 xm
823 950 1010 999 ιινιιεσιια
1026 950 1054 997 r.

254 1101 435 1172 αὐτοουσία
457 1102 721 1168 ίπικοινωνοῦσα
748 1112 820 1178 τοῖς
848 1098 883 1179 ἐξ
903 1095 1006 1166 αὐτοῦ
1035 1097 1071 1177 ἐξ
1092 1092 1151 1163 οόκ
1175 1096 1309 1168 όντωνο

253 1212 439 1283 κτισθείσι,
476 1200 515 1264 τὸ
544 1195 628 1266 εἶναι
659 1195 743 1264 αὐτὰ
772 1196 934 1281 θελήσας,
968 1198 1021 1261 καί
1052 1200 1201 1276 μετέχειν
1224 1200 1284 1282 τῆς

253 1297 355 1364 αὐτοῦ
386 1299 523 1364 ἕκαστον
557 1301 622 1362 τῶν
650 1302 866 1378 κεκτισμίνων
901 1292 985 1360 κατὰ
1011 1290 1070 1377 τήν
1100 1287 1281 1377 ἀναλογίαν

253 1396 380 1479 δωρεᾶς
403 1395 540 1481 ἑκάστης
563 1391 778 1470 ὑποθέσεως·
801 1395 975 1478 φωστῆρσι
996 1392 1057 1473 μὲν
1074 1389 1114 1455 τό
1130 1394 1206 1478 φῶς
1227 1417 1282 1458 κε-

230 1491 423 1574 ῡχάρισται,
454 1488 582 1578 οόρανῷ
606 1493 641 1557 δὲ
663 1491 705 1556 τό
726 1491 827 1575 κάλλη
856 1492 914 1575 τής
942 1486 1208 1574 διακοσμήσεως,
1239 1492 1280 1576 γῇ

252 1592 363 1655 τεκαὶ
386 1600 459 1666 τοῖς
482 1590 604 1666 ἀλλοις,
634 1589 717 1654 κατὰ
740 1587 777 1652 τό
802 1582 902 1652 αότοῦ
924 1585 1075 1671 βούλημα
1096 1592 1179 1671 μέρη
1203 1582 1280 1672 ἀρε·

252 1690 311 1772 τής
333 1686 517 1768 ἐχαρίσατο,
553 1684 700 1770 ἀγγέλοις
725 1710 760 1750 τε
788 1684 827 1749 τὸ
859 1685 973 1748 δοῦναι
1000 1679 1114 1760 αὐτοῖς
1139 1681 1280 1770 ἀφθαρ-

252 1790 328 1849 σίαν
350 1787 403 1849 καί
428 1781 544 1860 ἄλλαις
567 1781 677 1867 ἁγίαις
700 1782 886 1863 δυνάμεσιν,
912 1775 1084 1866 ἀνθρώπῳ
1107 1806 1144 1847 τε
1164 1781 1279 1869 τὸτῆς

252 1880 377 1959 εἰκόνος
400 1875 530 1961 ἀξίωμα
552 1882 606 1944 καὶ
630 1881 713 1965 ζωής
735 1885 788 1944 καί
812 1879 964 1963 γνιόσεως
986 1880 1039 1943 καὶ
1063 1880 1196 1962 λογικοῦ
1219 1905 1279 1961 χα-

214 1984 412 2060 ιορίσματος
435 1979 550 2059 δῶρον.
587 1980 638 2041 καὶ
665 1973 722 2042 οόκ
745 1972 813 2042 ἀπὸ
829 1972 1036 2062 βουλήματος
1050 1973 1152 2057 μόνον
1169 1971 1278 2062 ὑπήρ-

251 2076 304 2153 ξεν
328 2069 416 2159 αὐτῷ
440 2077 548 2150 τοῦτο,
574 2070 617 2150 ὡς
641 2069 680 2138 ἀν
704 2076 797 2141 είποι
819 2099 878 2151 τις,
902 2074 1113 2156 μελλητικῶς,
1147 2067 1168 2157 ή
1193 2074 1303 2140 κατότε

249 2172 380 2255 μέλλον,
405 2166 425 2257 ή
448 2170 724 2252 συμβουλευτικὸν
748 2171 915 2254 λογισμόν,
944 2167 1028 2235 ἀλλὰ
1049 2170 1131 2236 κατὰ
1153 2170 1194 2235 τὸ
1217 2167 1278 2237 αό-

250 2268 430 2352 τοάγαθον.
455 2275 583 2352 πίιηυκε
598 2268 658 2353 γὰρ
676 2264 888 2352 αότοόγαθον
905 2267 1169 2351 συμπρεπόντως
1186 2263 1276 2355 αὐτῷ

250 2364 292 2430 τὰ
325 2364 436 2430 πάντα
471 2368 551 2446 ἔχων
585 2369 637 2430 καὶ
669 2371 778 2430 ποιων
806 2368 859 2430 καί
890 2364 1111 2449 ίργαζόμενος.
1157 2362 1275 2450 ὥσπερ

213 2451 306 2534 ιεοῦν
329 2465 368 2547 τῇ
393 2457 493 2527 αὐτοῦ
517 2458 700 2548 ἀγαθότητι
732 2457 788 2527 οόκ
812 2457 997 2543 ἀπρέπειαν
1031 2465 1130 2528 τοῦτο
1160 2489 1276 2547 περιε-

248 2556 424 2644 ποιήσατο,
461 2556 544 2626 ἀλλά
573 2559 673 2638 δόξαν
701 2563 754 2626 καὶ
783 2563 904 2644 γνῶσιν
934 2559 1072 2625 ἐπαίνου
1101 2554 1276 2645 ἀφθονίας

248 2667 320 2734 τοῖς
349 2651 409 2721 ὑπ’
441 2652 542 2722 αὐτοῦ
570 2657 755 2742 γεγονόσιν,
791 2658 837 2734 είς
870 2658 996 2737 είδησιν
1026 2659 1078 2722 καὶ
1109 2658 1275 2745 αἴσθησιν

247 2753 359 2833 ἐλθόν,
384 2751 470 2819 οόιω
494 2758 546 2820 καί
571 2755 650 2834 δόξα
675 2755 764 2821 ἐστίν
787 2749 825 2818 οό
849 2754 1079 2841 προσληπτική
1095 2758 1153 2840 τής
1169 2751 1275 2822 αότοό

246 2850 416 2936 θεότητος.
456 2848 494 2917 οό
517 2854 577 2937 γόρ
601 2877 684 2918 ποτε
714 2852 857 2918 ε’νδεῒται
887 2852 925 2916 τό
948 2860 1045 2917 θεῖον
1075 2854 1275 2942 προσθήκης

208 2948 358 3035 τοδόξης,
394 2945 478 3015 ἀλλὰ
508 2946 671 3028 αότοδόξα
699 2952 752 3014 καὶ
778 2945 958 3036 αότοαρετή
986 2951 1041 3014 καὶ
1070 2944 1300 3034 αότοθαόμαο

245 3047 301 3113 καὶ
329 3041 605 3134 αότοόμνηγορία,
644 3046 682 3111 τὸ
711 3045 769 3111 τόν
797 3053 926 3128 πατέρα
954 3049 1121 3130 γεννήσαι,
1156 3048 1187 3113 εἰ
1217 3053 1271 3115 καί

246 3139 344 3223 αότός
367 3141 406 3210 οό
428 3153 629 3230 γεγέννηται,
665 3144 720 3209 ἵνα
749 3143 783 3209 ίκ
811 3149 917 3230 πηγής
950 3140 1002 3210 ἀεὶ
1032 3142 1132 3228 οόσης
1160 3139 1274 3226 ἀΐδιος

245 3243 332 3329 πηγή
356 3243 572 3326 συνυπάρχον
604 3241 638 3319 ἐξ
660 3235 760 3305 αότοῦ
785 3232 868 3307 οόσα
891 3240 977 3329 πηγή
1002 3241 1035 3307 ἐκ
1057 3246 1177 3329 πηγῆς,
1216 3248 1270 3311 καὶ

244 3339 327 3416 θεὸς
350 3340 384 3404 ἐκ
406 3343 500 3417 θεοῦ,
534 3342 586 3404 καί
611 3342 684 3426 φῶς
707 3338 741 3404 ίκ
764 3337 885 3425 φωτὸς,
920 3334 978 3404 οόκ
1005 3334 1187 3423 ἀρξάμενος
1210 3346 1270 3407 τοῦ

206 3428 339 3511 αεείναι,
364 3430 402 3498 οό
424 3437 529 3520 χρόνῳ
553 3432 745 3514 όποπεσιόν,
770 3431 838 3501 ἀλλ’
858 3433 926 3519 όίμα
942 3443 1070 3519 πατέρα
1091 3437 1170 3519 ἔχων
1188 3434 1270 3526 ἀλη-

244 3533 351 3607 θινῶς
373 3533 424 3594 καί
450 3527 518 3613 ἅμα
540 3532 596 3595 τόν
620 3539 749 3617 πατέρα
771 3533 843 3599 υἱόν
867 3534 981 3616 ἔχοντα
1005 3531 1183 3620 ἀληθινῶς,
1211 3535 1269 3603 οόκ

244 3620 510 3708 ἀποπρεποόντα
526 3633 638 3711 πατρὶ,
663 3626 701 3696 οό
717 3629 755 3696 τό
771 3627 965 3716 ἀσύγκριτον
982 3625 1194 3717 ἀφανίζοντα.
1229 3631 1268 3700 οό

242 3723 303 3809 γάρ
327 3724 398 3790 ἐστι
421 3725 590 3808 οωματική
606 3753 656 3804 τις
674 3727 841 3813 διαστολή,
867 3724 951 3794 ἀλλὰ
969 3730 1065 3814 λόγος
1081 3729 1317 3805 ἑνοπόστα-οοε

241 3845 313 3899 τος,
350 3820 431 3898 θεός
453 3821 487 3887 ἐκ
509 3822 636 3906 πατρός
659 3820 720 3903 τόν,
750 3829 880 3908 πνεῦμα
913 3828 946 3892 ἐκ
969 3828 1171 3909 πνεύματος,
1211 3833 1265 3896 καὶ

202 3917 324 3995 δθθεός
352 3917 386 3983 ίκ
409 3923 507 3999 θεοῦ,
543 3914 729 3989 ἀποκλείων
759 3927 872 3989 πᾶσαν
903 3925 1151 4010 συλλογιστικήν
1179 3920 1267 3992 όπό-

240 4038 344 4094 νοιαν,
379 4016 425 4095 είς
454 4017 538 4102 ζωήν
567 4013 612 4083 τόν
641 4032 777 4098 πιστοῖς
805 4019 861 4085 καὶ
890 4017 981 4098 ὅλοις
1009 4032 1080 4099 τοῖς
1108 4018 1175 4087 όπό
1205 4028 1266 4091 τοῦ

240 4112 377 4198 πατρός,
402 4110 443 4182 δι’
469 4111 568 4182 αότοῦ
591 4122 645 4181 καλ
668 4113 725 4184 ἀπ’
750 4113 850 4182 αὐτοῦ
873 4118 1023 4202 γεγονόσι
1038 4129 1109 4194 τοῖς
1125 4122 1267 4188 πιστεύ-

239 4230 313 4276 ουσι
336 4214 389 4277 καὶ
413 4213 611 4297 γινώσκουσι
626 4214 734 4296 καὶμί
751 4220 879 4297 μωρίαν
895 4211 1087 4301 ἡγουμένοις
1102 4219 1188 4281 θεοῦ
1204 4219 1266 4306 τήν
