2867 5084
206 979 247 1041 20
428 990 633 1042 ασιοιιιιοε
649 989 744 1041 xm
761 988 993 1040 Αινεειιανσ.
1103 985 1106 993 ·

206 1137 318 1226 ὑγρὸν,
348 1135 487 1225 οὐρανόν
507 1167 543 1208 τε
564 1142 678 1208 κάλ’
639 1164 712 1229 γην
737 1139 852 1217 σκότος
872 1164 909 1207 τε
929 1140 984 1204 καὶ
1006 1138 1097 1223 (3553,-
1127 1135 1160 1200 οί
1181 1136 1217 1201 δὲ

206 1241 323 1324 σαφῶς
346 1237 523 1307 ἐδείκνυον
546 1233 584 1305 οὗ
606 1238 667 1353 γὰρ
690 1266 709 1325 η
697 1232 875 1323 ἀλήθεια
891 1239 1177 1319 παρακέκρυπται
1201 1227 1219 1297 ὁ

207 1335 243 1401 δὲ
265 1330 440 1420 ἀντιλέγων
462 1330 519 1403 οὖκ
541 1330 705 1424 ᾐσχύνετο.
735 1335 817 1422 μηδ
820 1359 836 1398 ν
802 1334 894 1400 ίδὲ
910 1331 1088 1415 δυνάμενος
1102 1354 1220 1413 περαι-

207 1434 308 1510 ῶσαι,
339 1429 429 1517 ὅμως
454 1436 494 1520 τῇ
517 1429 728 1519 ἀναισχυντίᾳ
749 1434 807 1517 τῆς
807 1428 1050 1547 χαλεπότητος
1072 1427 1218 1514 ἐφέρετο.

183 1523 252 1606 οῶς
280 1528 316 1596 δὲ·
345 1524 403 1596 οὐκ
431 1531 543 1613 ι’σχοσέ
570 1557 605 1597 τι
631 1525 766 1605 ἀνύσαι,
799 1522 883 1594 ἀλλὰ
910 1551 949 1594 το
976 1550 1073 1615 ησσον
1096 1525 1220 1605 μᾶλλον

201 1620 427 1713 ἀπηνέγκατο,
456 1627 652 1714 ἐπετήδευσε
677 1615 770 1693 δι’
744 1653 789 1692 ων
812 1620 876 1706 είχε
897 1627 1042 1710 μαγικῶν
1065 1623 1219 1707 βιβλίων·

207 1727 272 1799 (καί
294 1723 354 1809 γάρ
377 1726 432 1790 καὶ
452 1722 529 1812 γόης
542 1715 582 1812 ήν
597 1720 666 1791 ἀπὸ
680 1728 738 1810 τῆς
752 1727 819 1788 τῶν
830 1719 937 1788 Ἰνδῶν
951 1723 1007 1788 καὶ
1020 1721 1221 1804 Αἰγυπτίων

207 1823 260 1886 καὶ
290 1819 482 1910 έδνομάδου
510 1828 647 1908 σοφίας,
677 1819 963 1932 ἐμπορευσάμενος
989 1818 1031 1885 τά
1052 1815 1145 1884 δεινὰ
1166 1813 1221 1882 καὶ

209 1913 360 2007 ὀλεσήρια
386 1920 445 2004 τῆς
471 1925 632 2004 γοητείας)
660 1922 846 2006 φαντασίαν
872 1915 948 1982 τινὰ
977 1916 1034 1982 ἐπὶ
1066 1913 1222 1998 δώματος

174 2008 361 2083 ιοάνελίίάιν
387 2017 441 2080 καὶ
470 2011 743 2096 έιιιτηδεάοαςᾋ
732 2012 821 2098 όμως
843 2008 938 2080 οὐδὲν
961 2011 1111 2095 ίσχάοας,
1136 2004 1249 2078 ἀλλάο

209 2110 404 2179 καταπεσὼν
433 2111 467 2179 έκ
490 2117 549 2179 τοῦ
573 2111 739 2196 δώματος,
768 2112 854 2177 σέλει
876 2114 933 2177 τοῦ
955 2116 1031 2195 βίον
1053 2109 1067 2175 ί
1067 2107 1222 2194 χρήσασα.

209 2199 248 2296 ήν
269 2211 305 2276 δὲ
327 2210 506 2294 διατρίψας
527 2210 627 2279 ἐκεῖ“
616 2209 710 2276 ικανά
733 2208 797 2294 έᾞιη
826 2210 981 2295 μαθητήν
1003 2208 1039 2273 δὲ
1062 2206 1143 2288 έχων
1166 2205 1225 2272 ἕνα

208 2306 310 2392 μόνον
330 2301 439 2393 μεδ“
425 2313 552 2388 εαυτοῦ,
575 2308 633 2375 τὸν
652 2311 890 2394 προειρημένον
908 2310 1102 2390 Τέρβινθον,
1126 2291 1153 2385 ᾧ
1168 2305 1224 2368 καὶ

208 2405 251 2471 τὰ
279 2405 392 2472 ι’)δια
377 2413 570 2474 επίσσευσεν
598 2403 643 2485 ὡς
671 2401 904 2489 πιστικωτάτῳ
925 2405 979 2468 καί
1000 2396 1067 2468 κατ’
1093 2397 1225 2467 εὔνοιαν

173 2519 202 2568 15
211 2528 298 2588 αυτφ
327 2500 674 2589 ί“ξυπηρετουμίνῳ·
657 2526 693 2580 ος
721 2500 974 2587 τελευτήσαντος
994 2503 1053 2565 τοῦ
1075 2503 1226 2564 Σκυθισ-

211 2602 268 2663 νοῦ
291 2597 417 2684 κηδεύει
434 2601 494 2681 μέν
510 2597 610 2667 αὐτὸν
625 2600 924 2686 φιλοφρονέστατα,
947 2599 1002 2663 καὶ
1016 2595 1136 2679 θάψας
1151 2616 1227 2662 σκε-

211 2719 328 2760 πτεται
362 2693 405 2781 μή
434 2696 518 2780 πρὸς
543 2696 581 2760 τὸ
608 2695 741 2780 γάνσιον
770 2689 964 2778 ἀνακάμψαι
995 2693 1034 2759 τὸ
1062 2691 1123 2779 ήδη
1153 2687 1225 2758 ἀπὸ

212 2799 377 2875 πορνείας,
399 2789 474 2878 ήτοι
495 2792 729 2876 αίχμαλωοίας,
752 2796 797 2879 τῷ
814 2794 989 2877 Σκυδιανηῖ
1012 2795 1225 2876 συνημμένον,

213 2883 297 2955 ἀλλὰ
325 2884 562 2973 ἀποδιδράσκει
583 2888 693 2973 λαβὼν
714 2889 824 2956 πάντα
847 2886 975 2974 ὅσαπερ
997 2883 1076 2970 εἶχε,
1103 2884 1225 2971 χρυσόν

158 3003 249 3055 -2οτε
270 2988 322 3052 καὶ
339 2983 477 3071 ἀργυρον
492 2990 545 3053 καί
561 2986 602 3055 τὰ
618 2985 710 3066 ἀλλα,
738 2987 784 3065 είς
798 2987 936 3072 τὴντῶν
952 2988 1092 3070 Περσῶν
1104 2983 1224 3066 χώραν,
1239 3008 1258 3056 n

197 3079 482 3164 ἀλλάξαςὲαυτοῦ
494 3083 657 3169 τὸόνομα,
670 3085 725 3151 ι’να
733 3083 777 3172 μή
792 3075 1169 3172 κατάφωροςγένηται,
1151 3106 1223 3146 αντι

217 3188 411 3274 Τερβίνθου,
435 3207 480 3296 φς
502 3180 569 3249 ἀνω
591 3205 650 3265 μοι
667 3181 927 3269 προδεδήλιυτοι,
950 3179 1133 3247 Βουδδάν(
1119 3205 1226 3261 εαυτιι

214 3267 449 3362 ἐπιθέμενος”
430 3301 543 3363 ονομα.
573 3269 670 3358 οὗτος
691 3282 727 3347 δὲ
749 3278 891 3346 πάλιν”
873 3277 1056 3365 εοχεκακην
1072 3275 1227 3359 διαδοχήν

214 3375 486 3461 κληρονομίας,
450 3400 492 3441 τα
505 3382 647 3460 τέσσαρα
659 3378 773 3462 βιβλία
785 3379 843 3441 τοῦ
850 3379 1046 3453 Σκυθιανοῦ,
1055 3377 1108 3441 καὶ
1121 3373 1228 3493 τάτης

165 3490 206 3542 το
214 3479 350 3556 μαγείας
361 3472 416 3539 καὶ
426 3475 484 3560 τῆς
494 3481 690 3559 μαγγανείας
702 3463 1003 3558 ἐπιτηδεύματα.
985 3500 1023 3559 ην
1034 3474 1095 3556 γάρ
1104 3498 1156 3538 και
1170 3495 1228 3536 ου-

215 3591 272 3647 τος
283 3569 318 3635 έν
327 3568 513 3654 γράμμασιν
522 3570 763 3654 ἐπιμελέστατα
775 3572 1047 3653 πεπαιδευμένος.
1069 3565 1114 3647 ὡς
1126 3570 1160 3635 δὲ
1172 3573 1227 3634 καὶ

216 3659 314 3744 αὐτὸς
336 3666 564 3751 διαλεγόμενος
586 3668 619 3735 ίν
636 3672 675 3756 τῇ
692 3670 831 3755 Περσῶν
844 3668 936 3755 χώρᾳ
951 3670 1128 3749 καταχθεὶς
1141 3664 1227 3749 πρὸς

215 3767 315 3850 γραῦν
347 3789 421 3829 τινα
445 3763 546 3850 χήραν
572 3769 625 3832 καὶ
653 3777 726 3845 τοῖς
753 3768 810 3831 τοῦ
838 3771 964 3849 Iul-‘toa
992 3763 1166 3848 νεωκόροις
1185 3788 1228 3830 ,τε

216 3863 282 3933 καὶ,
293 3861 414 3943 ἱερεῦσι
428 3865 485 3928 τοῦ
501 3861 648 3943 εἰδώλου,
672 3861 827 3950 προφήτῃ
842 3865 907 3929 τινί
923 3862 1046 3948 Πάρκῳ
1061 3863 1115 3928 καί
1128 3866 1278 3945 Aust-621

177 3956 305 4045 ³⁰55er
328 3956 508 4044 ονζητήσας
529 3963 604 4048 περὶ
627 3965 693 4027 τῶν
716 3959 774 4027 δύο
797 3957 913 4042 ἀρχῶν,
936 3963 990 4027 καὶ
1011 3959 1056 4045 μή
1072 3960 1228 4044 δυνηθείς

215 4055 298 4140 μηδὲ
319 4049 378 4121 κάν
400 4053 485 4140 πρὸς
505 4054 581 4135 τοὺς
602 4061 659 4143 τῆς
681 4057 935 4141 εἰδωλολατρίας
956 4056 1133 4141 πρυτάνεις
1155 4056 1229 4121 δια-

216 4153 384 4236 λεχθῆναι,
402 4148 469 4219 ἀλλ’
484 4152 600 4240 έλέγχηι
611 4153 774 4232 καταστάς
786 4148 864 4237 παρ’
882 4148 989 4221 αὐτῶν
1000 4156 1053 4222 καὶ
1064 4153 1103 4218 τὸ
1115 4146 1229 4235 αἶσχος

211 4244 485 4333 ἀπενεγκάμενος,
510 4245 666 4332 ὡσαύτως
686 4255 734 4338 τῷ
754 4256 981 4340 προειρημένῳ
994 4252 1172 4336 Σκυθιαιῷ
1187 4273 1230 4317 τα

100 4554 199 4664 k
