2867 5084
521 948 606 997 mm
623 946 793 1009 πιετιταε.
1106 935 1168 997 573

150 1089 198 1166 ὧν
220 1081 357 1176 ἕκαστος
378 1091 454 1163 καθ’
478 1095 596 1164 ἑαυτὸν
619 1096 756 1180 εὔχεται,
779 1100 834 1163 καί
857 1092 895 1162 οὐ
917 1099 1002 1180 μετά
1021 1120 1111 1176 τινος
1132 1101 1172 1165 τδ

150 1196 324 1280 παράπαν,
362 1195 469 1277 ἕτεροι
491 1197 527 1260 δὲ
549 1193 583 1261 ἐν
604 1197 731 1272 κλοιοῖς
764 1196 857 1278 παρὰ
884 1195 941 1261 τὸν
964 1197 1093 1283 θεσμὸν
1114 1202 1172 1282 τῆς

121 1294 332 1379 εέκκλησίας.
371 1293 489 1374 διόπερ
518 1292 573 1358 ἐπὶ
597 1294 683 1358 τέλει
706 1292 832 1369 παντὸς
863 1296 922 1358 τοῦ
945 1295 1042 1379 λόγου
1064 1295 1173 1362 νεάνι-

151 1392 212 1468 δας
234 1391 316 1477 ἔφην
338 1389 382 1476 μὴ
407 1389 543 1471 ἐχούσας
565 1383 722 1473 ἀριθμὸν,
760 1390 820 1467 τάς
841 1415 878 1456 τε
898 1391 981 1456 κατὰ
1003 1391 1060 1478 τὴν
1084 1393 1171 1460 ίδίαν

151 1488 426 1565 ἓννοιανὲαυταίς
448 1487 668 1567 νεανιζούσας,
692 1482 730 1551 ού
752 1486 816 1572 μὴν
839 1487 886 1565 εἰς
907 1486 946 1552 τό
969 1486 1108 1572 ἀγαθὸν,
1132 1490 1194 1555 τὸυ

149 1586 297 1651 τελειοῦν
312 1588 370 1670 τῆς
386 1591 509 1672 σοφίας
524 1584 565 1650 τὰ
581 1585 661 1667 ε’ίδη,
686 1584 877 1670 φρονήσεώς
892 1610 928 1652 τε
950 1589 1002 1650 καί
1019 1581 1172 1670 ἀνδρείας

149 1685 207 1747 καὶ
228 1682 445 1768 σωφροσύνης
472 1685 525 1748 καλ
549 1682 773 1767 δικαιοσύνης·
807 1682 843 1760 ἐξ
871 1671 916 1748 ὧν
945 1681 1044 1749 ἀλλαι
1066 1690 1173 1750 νεανί-

153 1780 269 1858 ζουσαι
297 1779 354 1845 ἐπὶ
376 1779 415 1844 τὸ
438 1778 713 1863 τυραννικώτερον
741 1782 795 1844 καὶ
824 1774 894 1845 ἀπὸ
921 1784 978 1865 τῆς
1010 1776 1172 1867 ἀληθείας

152 1875 272 1954 ἑαυτάς
293 1876 517 1959 ἐκτρέπουσιν,
542 1873 628 1942 ὥστε
649 1875 693 1961 μὴ
718 1870 802 1942 εἶναι
827 1871 974 1960 ἀριθμὸν
996 1879 1131 1944 τούτων.
1159 1926 1161 1930 .

239 1983 288 2041 14.
318 1970 416 2059 Αότη
440 1975 475 2038 δὲ
497 1969 516 2058 ἡ
539 1979 601 2056 μία
622 1971 803 2056 περιστερά
824 1977 877 2038 καὶ
901 1969 978 2058 άγία
1000 1982 1172 2058 παρθένος
1181 1985 1211 2037 1⁰

149 2071 235 2138 θεὸν
258 2068 412 2156 ὁμολογεῖ
433 2075 562 2152 πατέρα
584 2074 638 2136 καὶ
660 2069 732 2135 υἱὸν
754 2070 810 2135 καὶ
825 2067 918 2155 ἅγιον
935 2075 1080 2154 πνεῦμα,
1105 2099 1173 2138 πα-

150 2176 231 2253 τέρα
253 2170 387 2247 τέλειον,
411 2167 482 2234 υἱὸν
503 2168 639 2244 τέλειον,
663 2170 794 2249 πνεῦμα
817 2164 910 2251 άγιον
927 2170 1068 2247 τέλειον,
1093 2166 1173 2250 όμο-

122 2268 268 2341 οούσιον
289 2266 347 2352 τὴν
369 2262 503 2350 τριάδα,
539 2259 576 2329 ού
600 2263 804 2349 συναλοιφὴν
832 2263 890 2346 την
918 2264 1053 2347 τριάδα,
1089 2260 1173 2331 ἀλλὰ

150 2364 210 2430 τὸν
237 2363 309 2430 υἱὸν
338 2363 371 2430 ἐκ
400 2361 529 2446 πατρὸς
563 2355 734 2446 ἀληθινῶς
767 2367 1012 2445 γεγεννημένον,
1047 2365 1101 2427 καὶ
1132 2362 1172 2428 τό

151 2458 246 2546 ἅγιον
269 2464 399 2544 πνεῦμα
428 2456 486 2524 ούκ
508 2455 682 2542 ἀλλότριον
712 2458 839 2541 πατρὸς
867 2457 923 2523 καὶ
950 2458 1040 2534 υἱοῦ,
1070 2449 1172 2527 οὖσαν
1183 2474 1211 2524 15

152 2561 189 2624 δὲ
213 2554 263 2625 ἀεὶ
286 2558 344 2644 τὴν
366 2555 486 2640 τριάδα
507 2559 559 2621 καλ
583 2557 752 2641 μηδέποτε
780 2556 976 2642 προσθήκης
999 2555 1174 2640 ἐπιδεομέ-

153 2682 221 2742 νην,
244 2655 287 2742 μη
311 2655 448 2737 ἔχουσαν
472 2654 507 2719 δί-
521 2679 554 2719 τι
571 2653 603 2719 ἰν
620 2653 718 2739 ἑαυτῇ
742 2648 957 2739 ύποβεβηκὸς,
981 2653 1028 2731 εἰς
1042 2661 1121 2736 μίαν
1138 2655 1174 2721 δὲ

153 2753 290 2838 ἑνότητα
318 2752 373 2818 καὶ
405 2758 484 2835 μίαν
507 2745 606 2837 ἀρχὴν
629 2754 687 2816 τοῦ
709 2753 795 2816 θεοῦ
817 2752 870 2816 καὶ
899 2750 1027 2834 πατρὸς
1056 2749 1174 2836 ἀναγο-

151 2855 262 2934 μένην,
289 2851 342 2915 καλ
366 2849 400 2915 ἐκ
422 2848 541 2934 ταύτης
563 2851 621 2934 τῆς
642 2847 777 2931 τριάδος
800 2847 927 2932 πατρὸς
949 2852 1003 2915 καὶ
1023 2850 1098 2915 υἱοῦ
1120 2853 1175 2916 καὶ

85 2943 249 3031 ιοοθάγίου
272 2944 459 3037 πνεύματος
487 2946 529 3011 τὰ
550 2945 661 3011 πάντα
683 2952 867 3024 κεκτίσθαι,
898 2941 955 3011 ούκ
978 2942 1057 3011 ὄντα
1079 2949 1213 3028 nom)

153 3039 232 3110 οάδλ
253 3042 393 3109 συνόντα
421 3046 469 3128 τῷ
497 3045 579 3128 θεῷ,
611 3037 687 3108 ούδὲ
709 3041 987 3127 προόπάρξαντα,
1017 3044 1175 3127 γενόμενα

154 3143 190 3207 δὲ
214 3141 249 3220 ἐξ
269 3134 328 3206 οόκ
350 3138 454 3207 όντων
477 3141 524 3217 εἰς
545 3138 584 3205 τό
608 3134 693 3205 εἶναι
715 3134 785 3206 ἀπὸ
805 3138 933 3220 πατρὸς
955 3138 1010 3204 καὶ
1025 3141 1097 3204 υἱοῦ
1119 3143 1174 3205 καλ

153 3235 249 3324 ἁγίου
272 3239 468 3321 πνεύματος.
506 3235 561 3302 καὶ
582 3239 699 3302 τοῦτον
723 3235 780 3303 τὸν
803 3241 932 3319 πατέρα
953 3238 1007 3300 καὶ
1026 3234 1098 3301 υἱόν
1120 3238 1174 3302 καί

152 3334 247 3422 ἅγιον
270 3337 401 3419 πνεῦμα
422 3344 495 3412 τοῖς
516 3330 616 3399 αὐτοῦ
640 3331 747 3418 ἁγίοις
772 3335 824 3399 καὶ
850 3327 906 3399 ἀπ’
931 3332 1052 3409 αἰῶνος
1074 3357 1174 3398 κατα-

153 3434 320 3514 ξιώσαντα
343 3431 376 3499 ἐν
393 3427 572 3508 όπταοίαις
588 3434 743 3518 φανῆναι,
768 3429 922 3514 καθάπερ
942 3425 1083 3515 ἠδύνατο
1099 3430 1213 3497 ἕνα-25

152 3555 233 3611 στος
253 3541 380 3615 χωρεῖν,
405 3528 487 3595 κατὰ
509 3527 547 3594 τὸ
567 3527 715 3613 χάρισμα
737 3523 838 3593 αύτού
859 3527 915 3594 διὰ
928 3530 987 3613 τῆς
1003 3525 1173 3613 θεότητος,

153 3626 239 3713 ὅπερ
271 3628 434 3712 ἐχαρίζετο
463 3626 589 3710 ἑκάστην
622 3629 688 3690 τῶν
723 3627 1000 3708 καταξιοομένων,
1036 3627 1083 3711 πῆ
1115 3626 1176 3708 μὲν

152 3732 283 3810 πατέρα
312 3725 525 3800 θεάσασθαι,
558 3722 674 3799 καθὼς
701 3717 843 3807 ἠδύνατο
872 3724 1007 3800 ἕκαστος
1037 3716 1177 3789 ἀκούσαι

151 3827 212 3908 τῆς
244 3825 357 3910 φωνῆς
390 3815 505 3898 αὐτοῦ,
547 3815 591 3895 ὦς
625 3818 754 3903 ἐχώρει·
799 3816 843 3897 ὡς
877 3819 910 3885 ἐν
944 3818 1085 3901 στόματι
1117 3820 1176 3884 τού

125 3916 291 3989 ΒἩσαΐου
315 3919 421 4003 ἔλεγεν
445 3915 548 3995 “ι’δοό,
573 3914 707 4000 συνήσει
730 3912 748 3979 ὃ
764 3927 846 3994 παῖς
860 3939 924 3999 μου
939 3912 956 3980 ὁ
973 3909 1143 4001 ἀγαπητός
1151 3917 1216 3980 ‘’'80

152 4019 253 4083 τούτο
277 4015 371 4102 φωνὴ
400 4013 544 4097 πατρός·
581 4014 636 4077 καὶ
665 4007 711 4089 ὡς
734 4007 753 4076 ὁ
774 4012 902 4098 Δανιὴλ
930 4007 996 4078 ελδε
1023 4012 1080 4077 τὸν
1109 4036 1177 4078 πα-

153 4112 250 4180 λαιὸν
281 4115 348 4180 τῶν
380 4108 525 4199 ἡμερῶν·
558 4112 656 4176 τοῦτο
690 4103 839 4174 ὀπτασία
871 4109 1006 4191 πατρός.
1063 4105 1108 4186 ὡς
1141 4109 1178 4175 δὲ

153 4212 189 4279 ἐν
211 4212 259 4296 τῷ
281 4211 438 4298 προφήτῃ
468 4207 571 4274 πάλιν
602 4205 684 4291 “ίγο“ι
708 4201 841 4291 δράσεις
863 4204 1037 4291 λπλήθυνα
1066 4210 1119 4272 καὶ
1142 4205 1177 4274 ὲν
