2867 5084
1063 514 1069 521 ·
1265 514 1277 527 *n

439 1055 533 1109 mx.
552 1058 822 1112 κατιοκινιτκι.
1091 1050 1154 1120 213

131 1235 171 1295 ην
193 1208 314 1274 τὸτοῦ
337 1207 408 1274 υίοῦ
431 1207 524 1294 παρὰ
545 1208 603 1274 τὸν
627 1217 764 1295 πατέρα.
797 1206 865 1279 ἀλλ’
889 1210 1018 1282 ἐδει
979 1216 1078 1282 αυτὸν
1100 1221 1157 1285 καί

131 1305 165 1372 ἐν
193 1305 302 1393 τοότηι
329 1308 434 1371 ταῦτα
456 1306 672 1386 δεικνῦεινβ
665 1309 718 1374 ι’να
740 1306 779 1373 τὸ
802 1312 872 1376 πᾶν
894 1313 952 1398 τῆς
972 1312 1156 1401 μανότητος

132 1402 188 1471 ἐπὶ
218 1403 278 1469 τὸν
306 1398 476 1488 πατέρα
458 1403 631 1489 αναγάγοι,
662 1404 749 1489 πρὸς
770 1405 809 1470 τὸ
830 1405 874 1493 μὴ
897 1414 1101 1499 μερισθῆναί
1121 1437 1155 1479 τι

131 1503 190 1588 τῆς
211 1503 292 1584 μιᾶς
314 1499 463 1580 ἑνώσεως
446 1509 538 1568 καί
562 1502 711 1567 οίκονο
672 1528 760 1584 γ.ιιας

220 1605 270 1665 61.
302 1601 368 1664 Καὶ
391 1601 534 1684 καθεξῆς
556 1600 592 1665 δὲ
615 1598 770 1685 ἐπιφέρει
792 1601 910 1686 λέγων,
939 1601 1042 1689 ἐντῷ
1065 1601 1182 1688 ιῦχε-ιι

106 1701 220 1764 εσθαι
241 1689 356 1774 αῦτὸν,
384 1693 429 1773 ιῦς
450 1695 623 1781 γενόμενος
645 1697 680 1762 ἐν
702 1691 828 1786 άγωνίηι
850 1697 1028 1784 ἐμφέρεται
1050 1699 1084 1766 ἐν
1106 1704 1154 1787 τῷ

131 1792 216 1859 κατὰ
238 1796 375 1859 Λουκῖιν
405 1788 595 1879 εῦαγγελίιμ,
626 1794 787 1879 ··ἱ’δρωσε”
818 1795 901 1882 φησὶ
925 1794 1000 1861 ’καὶ
1028 1795 1155 1882 ἐγένετο
1203 1837 1206 1844 ·

132 1885 235 1956 αὐτοῦ
259 1888 277 1954 6
300 1889 399 1973 ἱδρὼς
422 1885 502 1957 ὡσεὶ
523 1891 672 1976 θρόμβοι
695 1892 836 1976 αἵματος
850 1891 1081 1978 κατερχόμενσι
1097 1894 1153 1962 ἐπί

131 1991 191 2074 τῆς
218 1991 285 2073 γῆς.
330 1989 385 2053 καὶ
414 1985 518 2074 ἐφάνη
547 1987 683 2072 άγγελος
711 1997 823 2073 κυρίου
846 1987 1002 2072 ἐνισχῦων
1025 1985 1152 2058 αὐτόν’.

132 2083 411 2172 προπηδήσαντες
432 2091 543 2151 τοίνυν
565 2086 597 2152 οἱ
620 2087 792 2172 λεξίθηρες
815 2080 924 2165 εῦθῦς,
952 2084 997 2165 ιῦς
1019 2088 1154 2177 πρόφα-
1168 2107 1196 2156 ιο

133 2205 188 2247 σιν
209 2183 294 2248 κατὰ
316 2181 438 2265 ἐχθροῦ
462 2177 645 2266 εὑράμενοι,
670 2183 870 2271 ἐπιφέρουσι
892 2186 1048 2269 λέγοντες,
1074 2182 1154 2272 ῦρᾷς

133 2274 187 2344 ότι
216 2278 370 2346 ἐπεδέετο
399 2282 453 2345 καὶ
478 2279 588 2362 ἰσχύος
612 2276 774 2365 άγγίλων,·
801 2280 835 2347 ἐ
837 2287 949 2363 ίσχυσε
969 2281 1038 2401 γάρ
1054 2278 1153 2348 αῦτὸν

133 2371 327 2493 ῦάγγελος·
350 2375 385 2442 ἐν
368 2371 532 2498 νάγωνίηι
551 2377 615 2489 γάρ
639 2372 738 2455 αὐτὸς
760 2378 895 2462 ἐγένετο.
925 2404 996 2539 καιέ
1002 2375 1059 2444 οῦκ
1077 2381 1153 2445 ’ἰσα-

132 2497 186 2538 σιν
210 2468 265 2539 ότι
287 2471 404 2539 ἐάν
364 2499 408 2559 μη
433 2473 487 2560 ε’χη
509 2473 749 2553 πάνταταῦτα,
773 2473 905 2541 καὶτὸ
908 2472 1009 2562 ‘56565
997 2472 1154 2558 μονβοῦ-

132 2572 231 2655 λημα,
255 2563 393 2652 άλλά
361 2594 399 2634 το
422 2569 507 2648 σόν”,
529 2573 583 2636 καὶ
606 2570 725 2637 ἐὰν
685 2598 730 2658 μη
754 2566 930 2685 άγωνιάση,
954 2574 1007 2638 καὶ
1031 2571 1147 2638 ἐὰν
1108 2599 1152 2660 μη
1169 2588 1195 2639 15

108 2620 235 2750 είδριῦς
258 2661 346 2752 αῦτιμ
367 2672 499 2752 γένηται
522 2666 556 2733 ἐκ
579 2667 733 2751 σώματος
755 2668 985 2753 προχεόμενος,
1010 2666 1074 2754 άρα
1098 2669 1155 2735 δό-

131 2787 227 2879 κησις
255 2753 296 2848 ἦν
322 2790 341 2851 η
373 2764 529 2848 ενσσρκος
549 2769 700 2849 Χριστοῦ
729 2772 876 2851 παρσυσί
877 2793 912 2844 α,
940 2768 995 2832 καὶ
1022 2764 1155 2852 εῦλογος

133 2861 229 2945 παρὰ
250 2864 451 2943 Μανιχαίων
486 2864 539 2926 καὶ
563 2858 881 2947 Μαρκιωνιοτῶν(
863 2889 882 2949 η
915 2866 991 2947 περί
1028 2889 1151 2950 φαντα-

134 2965 211 3037 σίας
239 2957 373 3044 δόκησις
401 2960 459 3044 τῆς
492 2958 650 3043 ἐνσάρκου
679 2967 866 3044 παρουσίας
888 2955 1055 3039 ῦπόθεσις
1077 2958 1154 3046 ρ’δε-

132 3083 200 3134 ται,
223 3058 277 3122 καί
300 3049 358 3122 οῦκ
381 3049 601 3142 ἀληθεστάτη.
631 3060 736 3123 ταῦτα
760 3057 795 3123 δὲ
817 3056 938 3136 πάντα,
965 3055 1196 3142 ἐπασφαλι-’ὶο

135 3153 271 3235 ζόμενσς
290 3148 383 3240 ἡμῶν
405 3152 464 3241 τὴν
487 3153 580 3241 ζωὴν,
603 3152 645 3219 τά
661 3150 723 3219 όλα
739 3148 913 3232 άνεδέξατο
930 3153 1153 3237 οίκονομικιῦς,

133 3246 401 3338 άνθρωποπαθῆ
423 3275 499 3317 τινα
515 3250 697 3338 διηγήματα
714 3252 805 3333 ἔχων,
829 3245 887 3315 σῦκ
903 3250 1062 3336 εἰρωνείᾳ,
1084 3243 1153 3315 ἀλλ’

134 3344 289 3434 άληθείᾳ,
313 3346 352 3412 τό
376 3342 453 3414 “οῦκ
477 3347 555 3432 ἐμὸν
578 3349 736 3433 θέλημα”,
760 3348 815 3412 ἵνα
832 3348 919 3434 δείξῃ
937 3346 1056 3432 σαρκὸς
1070 3342 1156 3413 ῦπό-

134 3468 256 3513 στασιν
283 3440 462 3532 ἀληθινὴν,
490 3450 542 3511 καί
573 3445 627 3512 ἵνα
656 3444 766 3531 ἐλέγξῃ
796 3445 873 3523 τοῦς
903 3446 1056 3531 λέγοντας
1078 3447 1155 3510 νοῦν

103 3543 178 3629 υμη
209 3542 377 3629 ἐσχηκέναι
404 3537 505 3609 αὐτὸν
534 3537 767 3626 άνθρώπινσν,
795 3545 848 3607 καὶ
878 3541 987 3630 ἐλέγξῃ
1010 3541 1087 3620 τοὺς
1107 3539 1195 3630 μὴίυ

132 3642 291 3727 λέγοντας
319 3636 425 3721 σάρκα
453 3634 554 3705 αὐτὸν
577 3639 754 3725 ἐσχηκέναι.
800 3643 868 3718 πᾶς
892 3640 953 3724 γάρ
977 3646 1074 3717 θεῖος
1096 3637 1153 3703 λό-

129 3761 193 3825 γος
214 3730 280 3804 άνά
300 3741 403 3820 μέσον
424 3738 491 3801 τῶν
513 3738 595 3802 υἱῶν
615 3739 674 3803 τοῦ
697 3735 834 3814 σκότους
856 3736 958 3815 ἑστὼς
981 3735 1100 3820 ἐλέγχει
1116 3735 1155 3800 τὸ

131 3834 269 3912 σκότος,
293 3833 431 3949 φωτίζει
452 3834 488 3900 δέ
510 3833 587 3911 τσὺς
609 3832 760 3911 υίοῦς
721 3860 780 3920 της
802 3828 972 3951 άληθείας.
1010 3829 1071 3916 όρα
1092 3829 1154 3947 γάρ

130 3933 229 4001 πόσα
247 3930 395 4016 χρήσιμα
423 3929 457 3997 ἐν
478 3933 525 4016 τεῦ
549 3929 635 4016 λόγῳ
657 3930 773 4018 τούτῳ.
815 3925 885 3996 άπὸ
908 3927 1094 4013 ἀσωμάτων
1116 3922 1155 3992 06

129 4034 333 4116 προέρχεται
362 4026 529 4112 ἱδρώςέ
532 4028 614 4094 νδέ
646 4031 692 4112 τῷ
722 4032 821 4093 τοῦτο
848 4032 1006 4111 γενέσθαι
1035 4024 1197 4125 ἐδειξενθ)

130 4123 302 4215 άληθιιὴν
329 4123 451 4210 σάρκα,
479 4126 533 4190 καί
564 4120 601 4190 οῦ
625 4118 800 4208 δόκησιν’
782 4123 852 4190 απὸ
874 4122 1051 4208 σαρκὸςέν
1074 4120 1155 4188 θεό-

129 4250 210 4313 τητι
232 4227 475 4308 σονηνωμίνης·
501 4223 601 4306 χωρίς
622 4219 683 4307 γάρ
707 4223 824 4338 ψυχης.
834 4223 886 4286 καί
912 4219 987 4300 νοῦς
1009 4216 1047 4286 οῦ
1069 4225 1155 4306 γίνε-

85 4338 192 4394 mm
215 4314 352 4407 όγωνία.
395 4313 642 4406 άγωνιάσαντος
664 4318 700 4385 δὲ
723 4312 824 4385 αῦτοῦ
847 4317 949 4399 ἔδειξε
934 4316 1079 4404 εψυχην
1099 4319 1156 4385 καί
