2867 5084
539 965 623 1014 ηυντ
641 965 811 1015 mmm„
1121 949 1196 1017 561·

161 1112 295 1195 δόματα
316 1113 480 1196 μετὰτῶν
496 1112 604 1181 ἄλλων
619 1125 691 1192 τοῖς
706 1115 793 1192 υίοίς
807 1111 909 1181 αὐτοῦ
926 1124 999 1193 τοϊς
1014 1110 1083 1183 άπὸ
1099 1125 1188 1184 Χετ-

160 1210 294 1295 τοόρας,
324 1207 369 1288 ὡς
390 1208 531 1296 ηλῖρομεν
555 1211 588 1277 έν
611 1222 685 1289 ταῖς
706 1212 916 1294 παραδόσεσι
937 1217 1003 1278 τῶν
1017 1209 1184 1299 Ἑβραίων.

125 1324 148 1374 c
250 1313 278 1374 8.
306 1302 355 1372 Ἐν
385 1310 421 1374 δὲ
448 1312 487 1395 τῇ
515 1311 574 1373 τοῦ
596 1312 746 1390 Χριστοῦ
775 1316 946 1394 παρουσίᾳ
977 1314 1044 1376 τῶν
1077 1308 1185 1378 αὐτῶν
1201 1300 1214 1325 ’

159 1407 283 1469 τέκνων
305 1407 364 1470 τοῦ
385 1401 537 1489 Ἁβραάμ
563 1409 630 1471 τῶν
654 1400 724 1470 άπὸ
747 1405 937 1490 Χεττοόρας
959 1406 1185 1493 ἐκβληθέντων

160 1495 235 1567 άπὸ
256 1503 315 1566 τοῦ
336 1498 496 1586 Ἁβραάμ,
519 1506 572 1568 καλ
597 1498 816 1569 ἀπελθόντων
845 1505 898 1568 καὶ
921 1505 1210 1586 κατοικησάντωνῡ

160 1597 212 1675 εἷς
238 1597 280 1663 τὰ
306 1604 387 1684 μέρη
417 1600 459 1665 τὰ
476 1597 638 1684 Ἀραγίικὰ
665 1603 723 1685 τῆς
746 1601 933 1683 Μαγωδίας
961 1601 1084 1684 χώρας,
1119 1607 1186 1670 τῶν

161 1695 333 1762 ἐλθόντων
365 1696 479 1782 μάγων
512 1692 580 1763 άπὸ
614 1701 671 1783 τῆς
700 1698 856 1783 διαδοχῆς
887 1701 953 1763 τῶν
987 1701 1186 1783 σπερμάτων

162 1792 304 1870 ἐκείνων,
328 1800 612 1879 προσενηνεγμένα
635 1793 765 1877 δόματά
787 1821 822 1861 τε
844 1798 898 1860 καὶ
921 1797 1012 1878 δῶρα
1034 1796 1082 1874 είς
1104 1820 1188 1880 συμ-

161 1888 302 1975 μετοχήν
324 1894 382 1977 τῆς
405 1886 504 1976 αότής
527 1891 664 1970 ἐλπίδος
685 1894 732 1977 τῷ
748 1895 888 1977 Χριστῷ
912 1891 945 1957 έν
967 1895 1124 1979 Βηθλεὲμ
1145 1892 1188 1961 τά

161 1984 250 2054 αὐτὰ
271 1990 371 2071 δῶρα,
397 1984 452 2054 ὅτε
473 1987 530 2053 τὸν
554 1984 677 2073 ἀστέρα
692 1988 898 2071 θεασάμενοι
912 1978 1036 2076 ἦλθον·
1061 1981 1227 2057 &voni-10

163 2110 232 2169 ρων
254 2085 313 2171 τήν
336 2088 426 2172 σοφή
450 2085 662 2170 παράστασιν
691 2081 709 2150 ό
733 2083 908 2172 προφήτης
929 2095 1112 2174 παρίστησι
1135 2089 1189 2156 λέ-

163 2205 234 2266 γων
263 2178 315 2247 ότι
339 2186 440 2267 “noir
462 2177 482 2269 ή
504 2186 626 2267 γνῶναι
648 2181 687 2248 τό
716 2180 855 2247 παιδίον
877 2184 987 2248 καλεῖν
1018 2179 1190 2272 πατέραή

131 2283 300 2363 ομητέρα,
324 2280 467 2366 λήψεται
490 2279 628 2363 δύναμιν
647 2283 839 2362 Δαμασκοῦ,
863 2279 981 2345 καὶτὰ
1004 2283 1107 2346 σκῦλα
1121 2287 1189 2347 Σα-

163 2382 304 2459 μαρείας
326 2377 437 2444 έναντι
464 2378 628 2461 βασιλέως
648 2371 860 2459 Ἀσσυρίων.”
907 2379 1012 2442 ταῦτα
1033 2377 1094 2462 γάρ
1118 2373 1188 2444 άπὸ
1279 2448 1283 2459 ,

162 2477 348 2554 Δαμασκοῦ
370 2473 404 2540 έν
425 2474 556 2556 χρόνοις
574 2471 736 2558 Ἁβραάμ,
761 2469 806 2551 ῶς
828 2483 1003 2555 προεῖπον,
1032 2470 1099 2540 ὑπὸ
1122 2479 1188 2542 τῶν
1200 2472 1236 2538 15’

162 2570 330 2652 βασιλέων
352 2574 419 2636 τῶν
441 2571 611 2638 ἐλθόντων
634 2572 791 2655 εἴληπται
821 2572 874 2635 καὶ
898 2565 968 2636 ἀπὸ
990 2577 1187 2657 Σαμαρείας.

163 2665 252 2733 πότε
273 2657 330 2733 οὖν
354 2669 468 2753 έλαβεν
492 2665 589 2746 αὐτά,
620 2671 700 2752 πρὶν
728 2662 749 2753 ἢ
770 2671 892 2753 γνῶναι
920 2670 1031 2734 καλεῖν
1061 2677 1191 2755 πατέρα

164 2758 189 2850 ἢ
210 2770 350 2850 μητέρα,
385 2761 453 2832 ἀλλ’
480 2763 535 2833 ότε
556 2757 668 2854 ήλθον
698 2766 730 2831 οἱ
758 2765 860 2849 μάγοι
888 2767 941 2831 καλ
969 2763 1103 2852 ἤνοιξαν
1131 2767 1191 2847 τάς

165 2862 278 2945 πήρας
300 2862 440 2941 έαυτῶν,
474 2857 593 2950 ήτοὺς
615 2861 821 2950 θησαυροός,
858 2857 902 2941 ῶς
931 2862 996 2944 έχει
1024 2866 1095 2930 ένια
1123 2869 1190 2934 τῶν

165 2953 390 3046 ἀντιγράφων,
413 2964 465 3026 καὶ
490 2961 714 3047 προσήνεγκαν
734 2961 880 3045 σμύρναν
902 2958 958 3025 καὶ
980 2963 1113 3044 λίβανον
1135 2961 1230 3029 uam

166 3057 308 3140 χρυσόν,·
331 3063 384 3124 καὶ
408 3054 488 3144 ὁρᾷς
510 3062 584 3137 πῶς
600 3059 729 3140 έχουσιν
745 3058 779 3122 αἱ
794 3061 852 3143 τῆς
868 3051 1029 3141 ἀληθείας
1052 3059 1193 3142 φράσεις

168 3156 224 3219 καλ
249 3148 467 3236 άκολουθίαι,·
498 3152 543 3234 ῶς
564 3156 620 3222 καὶ
647 3145 745 3221 αὗται
770 3155 803 3218 αἱ
826 3154 970 3235 αἱρέσεις
992 3156 1193 3234 παλλακίδες

90 3246 355 3333 ισεεῦπάρχοοσι
376 3252 431 3319 καὶ
454 3253 496 3319 τά
518 3248 627 3318 αὐτῶν
642 3257 737 3317 τέκνα
754 3251 851 3333 ἔλαβε
867 3249 1004 3329 δόματα,
1029 3249 1067 3314 τὸ
1086 3249 1193 3334 ὄνομα

166 3348 270 3433 μόνον
294 3350 466 3434 λαβοῦσαι,
491 3347 629 3432 όνόματι
650 3348 752 3432 μόνον
764 3348 914 3429 Χριστοῦ
937 3347 1115 3433 κληθεῖσαι
1136 3351 1191 3415 καλ

164 3445 246 3524 τοὺς
269 3440 398 3532 ὀλίγους
421 3442 490 3513 άπὸ
512 3451 571 3534 τῆς
592 3452 690 3522 θείας
711 3446 840 3529 γραφῆς
856 3442 972 3528 λόγους
987 3441 1231 3530 όποδεξάμε·γ5

165 3568 233 3621 ναι,
257 3543 313 3609 ἵνα
335 3539 375 3611 δι’
402 3539 508 3610 αότῶν
532 3546 656 3611 συνῶσι
678 3541 737 3627 τὴν
753 3537 925 3626 ἀλήθειαν,
950 3541 1006 3608 ἐὰν
1026 3544 1191 3611 θέλωσιν·

126 3716 129 3720 ,
166 3639 200 3709 εί
222 3640 323 3728 δὲμὴ
347 3643 490 3721 θέλοιεν,
515 3636 601 3708 άλλά
623 3634 848 3722 ἇνακάμψωσι
863 3637 948 3723 πρὸς
974 3639 1031 3706 τὸν
1044 3635 1191 3729 Ἡρώδην

165 3740 467 3822 (παραγγέλλονται
494 3739 555 3823 γὰρ
588 3737 632 3821 μή
667 3730 893 3818 ἀνακάμπτειν
922 3736 1008 3821 πρὸς
1032 3733 1191 3825 Ἡρώδην,

167 3830 256 3902 άλλόι
278 3831 318 3902 δι’
344 3833 445 3923 άλλης
468 3833 546 3902 όδοῦ
570 3830 792 3920 ἀφικνεῖσθαι
821 3831 868 3911 εἷς
895 3833 954 3918 τήν
978 3834 1103 3900 ἑαυτῶν
1125 3860 1193 3901 πα-

164 3931 297 4014 τρίδα)·
320 3932 377 3999 ἐὰν
400 3934 435 3999 δὲ
452 3933 496 4019 μὴ
521 3931 692 4019 ποιήσωσι
713 3929 755 3996 τὰ
777 3937 1057 4015 προστεταγμένα,
1087 3931 1233 4019 μάτηνθθ

168 4029 304 4108 ἑαυτοῖς
325 4030 367 4097 τά
382 4030 521 4114 δόματα,
545 4026 590 4109 ῶς
606 4023 776 4112 έκείνοιςή
794 4027 930 4105 έλεοσις,
954 4027 983 4093 εί
999 4024 1193 4111 ἀνέκαμψαν

167 4123 258 4210 πρὸς
279 4122 337 4194 τὸν
355 4123 513 4212 Ἡρώδην,
544 4124 661 4194 διὰτὸ
691 4120 815 4205 ὁμοίως
845 4122 904 4201 τὰς
927 4118 1028 4203 αὐτὰς
1051 4124 1195 4209 αἱρέσεις

166 4225 443 4308 παραχαράσσειν
463 4227 531 4290 τῶν
552 4231 659 4291 θείων
682 4221 788 4306 λόγων
809 4219 852 4287 τά
875 4219 1069 4306 διδάγματα.

228 4325 371 4379 Epiphanius.
396 4326 434 4370 111.
1009 4325 1041 4377 86

1011 4414 1275 4640 ἢ
