2867 5084
957 506 968 520 1

432 964 549 1021 mm
566 966 855 1020 τοιεννιοιιιιοι.
1091 960 1152 1023 537
1171 984 1178 993 ·

132 1130 241 1199 σταῖς,
270 1121 323 1186 καί
354 1120 386 1185 ολ
409 1119 475 1186 οίοί
506 1121 698 1204 συλλέγουσι
729 1120 809 1198 ξύλα
836 1123 977 1209 ποιῆσαι
1006 1125 1155 1203 χαυῶνας

131 1221 175 1303 τῇ
199 1220 338 1303 στρατιᾷ
359 1221 418 1282 τοῦ
440 1213 608 1300 σύρανοῦ.”
649 1215 896 1304 φιμούσθωσαν
917 1215 984 1283 ὑπὸ
1002 1214 1155 1304 Ἱερεμίου

134 1315 171 1380 αἱ
193 1319 347 1380 τοιαῦται
368 1325 527 1397 γυναῖκες,
558 1316 611 1380 καλ
645 1314 689 1399 μὴ
717 1321 928 1398 θροείτωσαν
956 1315 1015 1401 τὴν
1047 1317 1156 1383 οἰκου-

103 1433 124 1481 c
135 1418 247 1498 μένην.
298 1410 342 1497 μὴ
372 1412 572 1495 λεγέτωσαν,
609 1414 756 1494 τιμῶμεν
788 1411 846 1496 τὴν
874 1414 1073 1494 βασίλισσαν
1097 1419 1156 1480 τοῦ

135 1503 289 1591 ούρανοῦ.
328 1503 399 1575 οἶδε
420 1511 481 1592 γάρ
508 1507 644 1594 Τάφνας
664 1508 786 1585 ταύτας
803 1516 1038 1591 τιμωρεῖσθαι,
1063 1512 1180 1579 οἴδα-5

108 1629 192 1672 ’σιν
215 1606 247 1671 σί
269 1606 371 1671 τόποι
395 1605 606 1689 Μαγδούλων
628 1605 753 1670 τούτων
775 1604 817 1671 τὰ
840 1605 978 1688 σιύματα
1000 1602 1157 1689 ύποδέχε-
1186 1670 1191 1677 ,

136 1710 224 1768 σθαι
241 1703 287 1780 εἷς
303 1707 417 1789 σῆψιν.
455 1701 498 1785 μὴ
515 1710 651 1779 πείθου,
672 1697 808 1788 Ίσραηλ,
831 1708 967 1786 γυναικί,
992 1698 1157 1770 άνάκυπτε

136 1795 208 1865 άπὸ
240 1804 338 1885 κακῆς
369 1799 521 1883 γυναικός
554 1801 766 1882 συμβουλίας.
819 1799 916 1885 *γυνη
949 1800 1010 1884 γάρ
1045 1808 1157 1885 τιμίας

136 1895 247 1980 ψυχάς
269 1891 398 1980 ἀνδρῶν
421 1892 559 1980 ἀγρεύει.
597 1895 718 1981 ταύτης
739 1895 799 1981 γάρ
816 1899 848 1962 ολ
864 1898 967 1975 πόδες
980 1897 1058 1976 τούς
1072 1925 1157 1983 χρω·

135 1999 256 2076 μένους
276 1996 360 2077 μετὰ
382 1997 440 2059 τοῦ
457 1992 607 2060 θανάτου
630 1990 767 2078 άγουσιν
790 1995 836 2073 είς
858 1993 914 2059 τὸν
930 1992 1078 2081 (Ἀιδην.”
1110 2023 1154 2083 μη
1171 2016 1197 2065 ιο

136 2089 280 2172 πρόσεχε
304 2089 419 2177 φαύλην
435 2098 600 2176 γυναικίιμ.
631 2093 706 2173 μέλι
729 2092 790 2175 γάρ
810 2087 991 2172 ἀποστάζει
1008 2089 1076 2158 άπὸ
1091 2120 1158 2176 χει-

138 2188 223 2253 λέων
245 2188 396 2272 γυναικὸς
418 2187 553 2273 πόρνης,
576 2213 595 2274 η
613 2188 699 2271 πρὸς
716 2189 830 2272 καιρὸν
853 2191 1001 2254 λιπαίνοι
1016 2189 1075 2254 σὸν
1092 2191 1158 2276 φά-

109 2308 255 2368 ηρυγγα,
294 2281 430 2367 ύστερον
452 2292 566 2368 μέντοι
589 2285 785 2368 πικρότερον
814 2287 912 2372 χολῆς
935 2282 1081 2372 εύρησεις
1103 2291 1157 2353 καὶ

136 2377 335 2466 ἠνονημίνον
371 2384 497 2465 μᾶλλον
533 2390 696 2465 μαχαίρας
733 2383 901 2463 διστόμου.
952 2382 996 2469 μὴ
1032 2390 1157 2449 πείθου

136 2477 240 2564 ταύτῃ
262 2482 301 2564 τῇ
323 2480 451 2563 γυναικὶ
473 2483 513 2564 τῇ
537 2480 655 2566 φαύλῃ.
698 2483 794 2545 πᾶσα
815 2480 877 2563 γάρ
900 2480 1027 2561 αἵρεσις
1050 2481 1157 2567 φαύλη
1171 2506 1197 2553 15

136 2575 227 2661 γυνὴ,
251 2578 353 2642 πλέον
376 2579 412 2643 δὲ
436 2574 452 2664 ἡ
476 2581 542 2641 τῶν
564 2581 725 2661 γυναικῶν
748 2578 874 2661 αἵρεσις
892 2572 972 2665 αύτη
995 2581 1048 2643 καὶ
1064 2574 1083 2663 ἦ
1099 2583 1157 2644 τού

138 2669 373 2757 ἀπατήσαντος
395 2674 452 2760 τὴν
476 2675 609 2760 πρωτην
637 2685 783 2758 γυναῖκα.
831 2674 990 2757 τιμάσθω
1013 2670 1030 2759 ἡ
1053 2674 1157 2762 μήτηρ

138 2766 233 2854 ἡμῶν
256 2769 336 2851 Εύα,
360 2767 404 2849 ιύς
427 2772 460 2838 ἐκ
482 2775 566 2838 θεοῦ
589 2774 817 2856 πεπλασμένη,
845 2771 889 2858 μὴ
914 2766 1088 2838 άκουέσθω
1112 2775 1156 2850 δὲ,

138 2869 196 2933 λ’να
215 2868 259 2955 μὴ
283 2876 383 2954 πείσῃ
406 2868 566 2934 τὰτέκνα
588 2881 706 2955 φαγεῖν
736 2864 804 2934 άπὸ
830 2873 888 2934 τού
912 2869 1009 2947 ξύλου
1031 2873 1085 2936 καί
1108 2870 1158 2936 ε’ν-

138 2966 239 3051 τολὴν
263 2970 463 3052 παραβῆναι.
507 2975 707 3049 μετανοείτιο
737 2968 847 3033 δὲκαὶ
872 2963 952 3049 αύτη
976 2961 1046 3032 άπὸ
1068 2988 1199 3037 κενο--ιο

141 3072 285 3148 φωνίας,
324 3064 553 3149 ἕπιστρεφίτω
587 3064 801 3149 αἰσχυνομένη
837 3066 890 3129 καὶ
921 3063 1029 3151 φύλλα
1062 3068 1160 3150 συκῆς

85 3160 324 3245 ιηηένδυομίνη.
359 3167 559 3226 κατανοείτω
583 3161 618 3225 δὲ
634 3160 751 3244 ἑαυτὴν
774 3161 829 3226 καί
852 3156 1006 3244 δἈδὰμ,
1029 3165 1082 3227 καί
1098 3188 1159 3247 μη·

141 3263 211 3322 κίτι
226 3253 306 3344 αὐτῇ
322 3264 513 3323 πειθέσθω.
542 3251 561 3343 ἦ
578 3256 639 3340 γάρ
651 3261 708 3346 τῆς
720 3258 847 3339 πλάνης
859 3256 973 3324 πειθιὺ
984 3261 1036 3323 καί
1049 3283 1161 3343 γυναι-

137 3353 196 3431 κὸς
219 3354 265 3431 εἷς
286 3355 324 3418 τὸ
347 3355 493 3421 ἐναντίον
517 3357 701 3437 συμβουλία
717 3355 865 3421 θάνατον
880 3358 927 3441 τῷ
944 3355 1018 3440 ἰδίην
1035 3356 1159 3441 σοζύγιμ

139 3450 316 3535 ἐργάζεται,
341 3447 380 3516 ού
401 3450 503 3535 μόνον
527 3451 572 3529 δὲ,
607 3446 765 3518 ἀλλὰκαὶ
794 3463 866 3530 τοῖς
887 3459 1021 3531 τέινοις.
1067 3459 1199 3518 κατέ-25

139 3562 265 3629 στρειμε
292 3548 330 3612 τὸ
358 3548 497 3630 πλάσμα
521 3545 591 3613 Εύα
615 3548 671 3613 διὰ
693 3552 752 3633 τῆς
780 3548 1018 3633 παραβάσεως,
1049 3550 1160 3634 ἐρεθι-

138 3652 266 3711 σθεῖσα
288 3645 344 3711 διὰ
365 3649 422 3732 τῆς
444 3648 503 3710 τού
520 3643 630 3731 όφεως
646 3649 759 3731 φωνῆς
774 3645 828 3710 καὶ
845 3647 1049 3732 ἐπαγγελίας,
1074 3649 1161 3713 πλα-

138 3749 283 3828 νηθεῖσα
306 3737 376 3808 άπὸ
397 3747 456 3806 τοῦ
478 3742 681 3827 κηρύγματος
704 3742 760 3807 καὶ
783 3738 832 3829 ἐφ’
858 3743 971 3827 ἑτέραν
993 3745 1161 3828 βαδίσασα

137 3838 300 3905 διάνοιαν.

226 3941 254 4000 9.
285 3935 354 4000 Διὰ
374 3939 473 4002 τούτο
497 3931 515 4001 ό
538 3936 673 4002 πάντιον
695 3934 860 4020 δεσπότης
881 3939 935 4001 καλ
950 3937 1059 4025 σωτὴρ
1081 3945 1200 4022 βου-30

136 4031 278 4115 λόμενος
299 4037 511 4116 θεραπεύσαι
532 4032 571 4098 τό
594 4032 693 4117 άλγος
707 4039 761 4099 καὶ
781 4035 998 4117 οἰκοδομῆσαι
1012 4036 1051 4099 τὸ
1067 4060 1161 4101 κατε-

136 4135 348 4212 στραμμένον
369 4136 422 4196 καί
447 4131 709 4213 διορθιύσασθαι
727 4132 765 4196 τὸ
782 4127 1019 4218 ἠλαττωμένον,
1044 4130 1159 4217 ἐπειδὴ

133 4221 201 4293 ’πὸ
222 4226 375 4311 γυναικός
401 4223 419 4293 ὁ
442 4227 592 4307 θάνατος
619 4229 667 4306 είς
690 4228 748 4295 τόν
770 4227 894 4312 κόσμον
916 4230 1091 4316 κατῆλθεν,
1125 4227 1160 4295 ἐκ
