2867 5084
240 938 305 1001 288
470 951 674 1000 επιοιυιον
690 950 786 1000 κιαι
804 950 991 999 mmm
1006 951 1033 998 r.

241 1097 340 1184 αὔξην
362 1102 415 1166 καὶ
439 1100 583 1185 φθορὰν,
618 1096 663 1177 ῶς
689 1099 731 1165 τὰ
754 1099 925 1182 σωματικὰ
954 1100 1036 1180 ἐ’χειν
1058 1097 1137 1176 τοὺς
1158 1123 1259 1181 χαρα-

240 1202 367 1282 κτῆρας,
390 1196 472 1283 μόνη
496 1197 802 1283 παραληφθήσεται
825 1197 934 1263 ’έννοια
956 1199 1014 1261 τοῦ
1038 1191 1167 1276 ὁμοίου.
1217 1191 1259 1272 ῶς

239 1293 301 1377 γάρ
324 1289 393 1359 άπὸ
415 1298 474 1360 τοῦ
497 1301 689 1376 κτίσματος,
725 1295 827 1359 πάλιν
856 1293 1005 1375 έροῦμεν,
1041 1291 1178 1358 πάντων
1211 1291 1256 1357 έκ-

239 1393 446 1477 βεβλημίνων
470 1392 671 1478 παρελήφθη
699 1387 717 1477 ή
749 1385 888 1475 ἀπαθής
915 1391 974 1471 μὲν
1001 1392 1059 1453 τοῦ
1083 1389 1256 1468 κτίζοντος,

215 1490 348 1555 στελεία
370 1489 424 1554 καί
448 1489 522 1555 οίαν
545 1485 713 1576 ἠβούλετο,
748 1493 801 1552 καὶ
825 1484 843 1571 ή
868 1494 974 1570 παγία
995 1489 1054 1555 τοῦ
1070 1492 1278 1570 κτίσματος,υ

241 1582 327 1651 οὕτω
350 1588 405 1651 καὶ
427 1585 484 1652 ἐπὶ
506 1589 564 1650 τοῦ
589 1585 715 1668 πατρὸς
737 1587 790 1650 καί
815 1584 897 1663 υἱοῦ,
929 1583 1174 1668 έκβεβλημένων
1196 1584 1256 1647 τῶν

241 1686 436 1765 σωματικῶν
465 1682 615 1758 πάντων,
650 1681 954 1767 παραληφθήσεται
980 1679 1064 1765 μόνη
1094 1676 1114 1765 ἡ
1144 1675 1254 1761 ὁμοίου

240 1779 295 1843 καὶ
316 1773 384 1843 κατ’
410 1773 525 1844 οὐσίαν
549 1779 633 1858 ζῶον
655 1785 888 1863 γενεσιουργία,
920 1777 1034 1863 ἐπειδὴ
1058 1780 1128 1854 πᾶς
1152 1773 1252 1856 πατὴρ

182 1916 188 1925 ,
241 1870 358 1955 ὁμοίας
381 1873 496 1952 οὐσίας
518 1873 618 1941 αὑτοῦ
642 1886 768 1942 νοεῖται
796 1875 914 1959 πατήρ.
961 1874 990 1939 εί
1019 1874 1054 1939 δὲ
1082 1873 1167 1955 μετὰ
1194 1874 1251 1937 τῶν

205 1987 232 2035 Ιο
241 1973 369 2036 λοιπῶν
392 1967 558 2050 ἁπάντων,
592 1973 626 2038 έκ
654 1999 690 2038 τε
711 1977 770 2038 τοῦ
793 1970 919 2054 πατρὸς
940 1973 995 2036 καὶ
1017 1971 1090 2035 υίοῦ
1114 1993 1250 2053 σωματι-

240 2073 306 2134 τῶν
330 2063 500 2152 ὀνομάτων
524 2069 799 2153 ε’κβαλλομένων’
786 2071 919 2135 εννοιῶν
936 2067 1189 2150 συνεκβάλλοιτο
1203 2066 1245 2130 καί

240 2162 259 2253 ή
284 2162 383 2248 ὁμοία
406 2162 473 2233 κατ’
499 2164 614 2233 οίσίαν
638 2166 722 2246 ζῶον
744 2191 801 2232 τοι
819 2165 946 2248 πατρὸς
968 2159 1196 2247 παρέχουσα(
1181 2170 1243 2248 ημῖν

241 2276 338 2343 νοεῖν,
363 2260 510 2331 οάκέτι’
494 2289 587 2330 εσται
609 2264 718 2350 πατὴρ
742 2269 794 2329 καί
813 2264 882 2342 ιίὸς
905 2262 1195 2343 πιστευόμενος,α
1176 2251 1242 2326 ἀλλά

242 2371 373 2447 κτίστης
410 2366 465 2427 καί
502 2369 636 2444 κτίσμα,
681 2365 734 2426 καί
773 2359 914 2482 περιττά
952 2354 1114 2475 ὀνόματα,
1158 2354 1239 2440 μηδὲν

208 2454 319 2543 Ιδπαρ
352 2459 477 2526 ἑαυτῶν
507 2459 736 2546 είσφερόμενα.
781 2457 836 2523 καί
866 2457 959 2523 ἔσται
993 2451 1099 2532 οάτως
1131 2456 1257 2569 κτίσῐηίΰ

240 2559 300 2637 μὲν
329 2552 374 2633 ῶς
401 2555 497 2632 θεὸς,
529 2582 589 2621 κατ
622 2551 716 2621 οὐδὲν
747 2551 832 2665 ὅλως
860 2553 979 2637 πατήρ.
1033 2548 1086 2618 ὅτι
1113 2551 1173 2672 γὰρ
1197 2537 1239 2611 051

242 2652 402 2735 ἐνεργείας
425 2654 552 2735 λέγεται
574 2653 683 2765 πατήρ
707 2647 756 2716 5
749 2653 874 2737 πατήρ,
905 2646 973 2716 ἀλλ’
1005 2644 1124 2732 ὁμοίας
1153 2637 1239 2719 ἑαυτῷ

242 2744 358 2825 οὐσίας
379 2773 436 2832 της
458 2747 541 2812 κατὰ
562 2747 621 2862 τήν
643 2749 849 2814 τοιάνόε’έ
799 2754 868 2830 ενέρ
850 2773 961 2832 ργειαν
977 2742 1176 2831 ὑποστάσης,
1197 2736 1240 2818 ὄλ·

242 2844 335 2909 λον’
321 2870 355 2908 εκ
377 2847 442 2909 τῶν
466 2848 613 2928 φυσικῶν
636 2852 819 2930 καθέστηκε
843 2847 1017 2928 λογισμῶν.
1049 2842 1176 2921 πολλὰς
1193 2831 1240 2923 γὰί

203 2940 363 3025 ἳθένεργεί
364 2966 403 3018 ας
426 2941 506 3022 ἔχων
529 2937 546 3006 5
570 2941 651 3020 θεὸς
674 2941 755 3027 άλλη
778 2944 837 3023 μὲν
861 2944 1004 3027 ἐνεργείᾳ
1018 2947 1152 3022 κτίστης
1172 2936 1241 3003 νοιλ·

240 3065 306 3118 τοι,
329 3037 418 3104 καθὸ
440 3033 580 3123 οὐρανοῦ
602 3039 657 3105 καί
679 3043 745 3126 γῆς,
769 3039 824 3104 καὶ
840 3040 975 3105 πάντων
989 3041 1055 3103 τῶν
1071 3038 1105 3104 ἐν
1120 3036 1240 3103 τούτοις.

242 3132 326 3203 άλλά
347 3139 400 3203 καὶ
424 3139 489 3202 τῶν
513 3131 663 3219 ἀοράτων
685 3144 817 3222 κτίστης
839 3138 918 3202 ἐστί.
969 3134 1079 3220 πατὴρ
1103 3137 1139 3201 δὲ
1160 3146 1243 3217 μονθ·

240 3241 353 3319 γενοῦς
381 3229 427 3299 ῶν
455 3229 513 3316 οὐχ
542 3229 586 3312 ῶς
613 3241 760 3320 κτίστης,
795 3229 863 3299 ἀλλ’
894 3228 939 3310 ῶς
966 3231 1075 3316 πατὴρ
1105 3229 1244 3317 γεννήσῦί

242 3342 376 3396 νοεῖται.
415 3332 443 3397 εί
466 3333 501 3398 δέ
524 3331 580 3398 διὰ
601 3332 659 3416 τήν
682 3327 843 3397 ὑπόνοιαν
865 3329 923 3416 τήν
947 3335 1024 3412 περὶ
1045 3329 1124 3406 τοὺς
1147 3349 1245 3410 σωμυ·

202 3427 351 3504 λυτικοὺς
373 3435 519 3511 πατέρας
533 3455 569 3494 τε
590 3429 646 3494 καὶ
660 3428 760 3506 υἱοὺς,
784 3432 849 3493 τῶν
872 3430 996 3493 παθῶν
1019 3426 1137 3504 δεδιὼς
1158 3425 1201 3513 μή
1221 3442 1269 3494 ub

242 3522 339 3609 πάθη
361 3528 481 3607 γεννῶν
505 3521 522 3589 5
545 3520 730 3607 άσῶματος,
756 3526 784 3592 εί
805 3525 848 3609 μή
873 3519 985 3601 άτελὲς
1008 3524 1057 3608 εἴη
1080 3523 1120 3589 τὸ
1141 3520 1253 3608 γεννῶ-

240 3643 348 3701 μενον,
372 3620 426 3685 καὶ
450 3617 514 3686 ὅσα
535 3629 708 3705 συμβαίνει
731 3622 809 3704 περὶ
837 3621 894 3687 τὸν
920 3618 1107 3702 σωματικὸν
1131 3628 1255 3705 πατέρα

241 3716 353 3785 τεκαὶ
375 3717 446 3783 υἱὸν
476 3713 728 3800 εὐλαβούμενος,
764 3716 922 3806 ἀφέλοιτο
952 3716 1009 3802 τήν
1036 3724 1176 3802 γνησίαν
1206 3720 1258 3789 ἐπὶ

241 3816 369 3899 πατρὸς
391 3814 445 3880 καί
468 3815 539 3880 υἱοῦ
564 3815 701 3896 έννοιαν,
730 3813 851 3883 ὁποῖον
874 3811 913 3882 άν
937 3817 1025 3897 λέγοι
1047 3814 1160 3897 ἕτερον
1184 3824 1261 3885 ποί·

197 3923 226 3972 30
240 3939 317 4000 ημα,
341 3911 395 3978 καί
418 3907 579 3978 οὐδέποτε
602 3912 669 3995 έρεῖ
697 3914 754 3979 τὸν
778 3914 847 3979 υἱὸν
871 3912 952 3978 υἱόν.
994 3913 1060 3978 ε’ίτε
1081 3910 1143 3997 γάρ
1167 3921 1287 4000 pert-fl

243 4016 300 4075 θει
322 4008 571 4095 ὑπερβάλλοντα
593 4012 691 4096 λέγοι,
716 4007 761 4087 ῶς
783 4005 921 4092 οὐρανὸν
945 4005 1050 4091 ὅρους,
1084 4002 1106 4093 ἢ
1128 4015 1265 4095 βουνοῦ,

241 4111 299 4170 τοῦ
322 4111 387 4172 τῶν
410 4108 605 4194 ποιημάτων
628 4114 741 4193 γένους
763 4102 871 4184 αὐτὸν,
902 4100 961 4171 κάν
982 4111 1129 4190 μεγέθει,
1160 4103 1269 4196 ὑπερ.

240 4202 371 4282 βάλλων
394 4217 521 4283 νοοῖτο,
552 4204 688 4290 ἐλέγξει,
727 4205 793 4269 ε’ίτε
813 4209 907 4289 χρείᾳ
935 4199 980 4281 ῶς
1002 4205 1137 4288 πρῶτον
1161 4202 1268 4275 αὐτὸν

698 4336 710 4360 Ι
