2867 5084
239 899 303 961 426
468 908 672 957 summor
689 907 785 956 xm
803 907 991 959 ιινακσιισ
1005 909 1033 955 r.

238 1060 345 1144 ἔμεινε
368 1059 404 1124 δὲ
427 1056 460 1122 ἒν
484 1052 637 1142 ἀπαθείᾳ
661 1053 678 1120 ὁ
702 1052 801 1135 αὐτὸς
828 1056 872 1141 μὴ
894 1055 1034 1141 τραπείς
1062 1056 1121 1141 την
1144 1056 1277 1143 φόσιν,υ

237 1159 320 1242 μηδὲ
352 1151 582 1241 ἠλλοιωμένος.
632 1154 684 1219 διὸ
715 1161 820 1241 σοφία
849 1148 893 1218 ιάν
922 1157 975 1220 καὶ
1006 1152 1087 1231 θεὸς
1120 1148 1256 1238 ἀπαθὴς

239 1250 285 1320 ὢν
313 1256 367 1318 καί
397 1251 493 1328 εἰδώς
524 1247 575 1317 ὅτι
600 1250 656 1316 διὰ
685 1253 821 1329 πάθους
850 1251 948 1331 σώζει
975 1250 1052 1328 τοὺς
1085 1249 1128 1316 τὰ
1162 1249 1255 1335 πάθη

240 1353 372 1434 ἔχοντας
394 1352 452 1413 τοῦ
476 1347 625 1414 θανάτου
649 1343 686 1412 οό
710 1355 856 1432 πρέσβυν
880 1344 1084 1427 ἀπέστειλεν,
1122 1342 1181 1414 οόκ
1203 1345 1258 1431 ἀγ·

216 1451 347 1535 5γελον,
373 1442 448 1512 οὐδὲ
472 1448 560 1512 ἔστιν
584 1443 628 1523 ιός
650 1446 727 1523 τοὺς
750 1446 816 1530 πρὸ
840 1442 939 1511 αὐτοῦ
968 1444 1163 1532 προφήτας,
1188 1438 1254 1511 ἀλλ’

240 1541 338 1623 αὐτὸς
360 1544 470 1627 κόριος
491 1533 585 1628 ἦλθε,
623 1547 675 1608 καὶ
706 1544 744 1608 τὸ
774 1544 930 1630 παθητὸν
952 1543 1063 1626 λαβὼν
1092 1543 1125 1609 ἒν
1155 1542 1259 1626 ἑαυτῷ

240 1641 410 1728 ἀληθινῶς
433 1647 597 1718 πέπονθε,
627 1645 685 1726 τῆς
708 1641 870 1724 θεότητος
899 1636 998 1707 αὐτοῦ
1023 1636 1182 1717 ἀπαθοῦς
1204 1663 1262 1722 με·

242 1741 368 1825 νούσης.
417 1733 454 1803 οὗ
488 1739 548 1822 γὰρ
581 1734 598 1822 ἡ
635 1739 791 1821 ένσαρκος
823 1746 994 1823 παρουσία
1025 1737 1172 1824 ἤμβλυνε
1205 1736 1260 1823 τίγν

241 1838 378 1914 δύναμιν
407 1838 464 1920 τῆς
492 1830 592 1900 αότοό
623 1837 793 1921 θεότητος.
844 1833 1026 1919 εὑρίσκεται
1059 1837 1120 1920 γὰρ
1157 1836 1190 1902 ἐν
1223 1836 1262 1919 τῇ

204 1930 340 2002 Ιθαό-ιοῦ
364 1933 502 2017 θεότητι
524 1933 565 1997 τὰ
587 1937 645 1998 τοῦ
668 1938 751 1999 θεοῦ
774 1934 921 2019 ἐνεργῶν,
945 1938 998 2000 καὶ
1020 1934 1064 2020 μη
1089 1929 1160 1999 ἀπὸ
1183 1955 1262 2013 σαρ-

240 2031 296 2110 κός
319 2027 590 2113 ἀποκλειόμενος,
626 2025 734 2116 ἀνέμῳ
763 2034 822 2113 μὲν
852 2033 1015 2115 ἐπιτιμῶν
1043 2029 1264 2096 καίκλόδωνι

241 2133 294 2197 καὶ
318 2128 489 2214 θαλάσση,
519 2128 678 2211 Λάζαρον
708 2131 743 2194 δὲ
767 2125 928 2214 αάθενιίᾳ
958 2130 1026 2216 ίόίηι
1048 2131 1173 2205 καλιῦν,
1209 2124 1307 2192 καλοῖ

242 2229 326 2295 ἀλλα
347 2234 448 2311 μυρία
470 2229 522 2291 καὶ
547 2227 698 2291 ἐπέκεινα
721 2227 846 2291 τούτων
870 2231 995 2293 ποιῶν·
1034 2226 1070 2303 ὃς
1092 2228 1146 2291 καὶ
1171 2248 1264 2290 συνε-

240 2327 338 2410 χώρει
361 2327 420 2408 μὲν
442 2322 483 2389 τὰ
505 2323 645 2389 κατὰτὸ
669 2321 801 2407 είίλογον
824 2328 864 2410 τῇ
887 2327 997 2407 σαρκί,
1033 2320 1078 2402 ιός
1105 2327 1159 2388 καὶ
1192 2324 1266 2387 δια·

206 2439 233 2488 15
241 2425 330 2509 βόληι
353 2421 521 2506 πειράζειν
544 2425 596 2487 καὶ
621 2416 818 2504 ἀνθρώποις
841 2429 969 2499 παίειν,
988 2425 1052 2505 ,καὶ
1081 2431 1154 2498 τοῖς
1188 2420 1267 2485 συλ-

243 2523 449 2604 λαμβάνουσι
470 2519 508 2583 τὸ
532 2515 685 2594 άλίσκειν,
710 2520 765 2584 ἵνα
788 2518 822 2584 ίν
845 2524 891 2604 τῷ
914 2523 1060 2605 παθητῷ
1084 2515 1101 2583 ό
1124 2515 1267 2601 ἀπαθὴς

242 2619 350 2702 πάθη,
376 2612 513 2700 ἀπαθὴς
535 2622 640 2697 μένων
665 2616 696 2681 ἐν
720 2621 758 2701 τῇ
784 2618 853 2702 ίόίηι
877 2617 1014 2704 θεότητι
1037 2611 1092 2695 όόν,
1124 2611 1184 2681 οόκ
1207 2609 1267 2680 ἀλ-

243 2715 372 2796 λότριος
401 2715 458 2776 τοῦ
487 2708 646 2788 ἀπαθοῦς
679 2718 778 2791 θεοῦ,
816 2715 974 2792 ἑκουσίως
1008 2717 1044 2781 δὲ
1079 2717 1190 2778 ποιῶν
1225 2710 1268 2778 τὰ

242 2811 353 2877 πάντα
375 2807 458 2874 κατὰ
480 2807 517 2872 τὸ
541 2809 720 2893 ἔκπληκτον
751 2806 852 2876 αὐτοῦ
880 2812 1068 2895 μυστήριον,
1101 2806 1146 2888 ιός
1169 2804 1267 2876 καὶὸ

203 2906 351 2992 ιθπατὴρ
374 2904 456 2982 θεὸς
479 2903 536 2969 σόν
560 2901 648 2990 αὐτῷ
676 2911 722 2992 ιη’
744 2921 915 2991 μονογενεῖ
947 2910 1001 2975 καί
1024 2913 1070 2995 τῷ
1099 2908 1269 2990 πνεόματι

104 2996 112 3007 ’
243 3000 343 3071 αὐτοῦ
366 3006 412 3088 τῷ
437 2997 533 3087 άγίηι,
566 3001 660 3087 τριὰς
689 2993 772 3069 οὖσα
801 3001 852 3071 ἀεὶ
875 3009 998 3084 τελεία,
1028 3010 1081 3072 καὶ
1112 3000 1266 3090 ἀπαθὴς,

241 3109 302 3187 μία
325 3100 446 3184 θεότης
469 3106 613 3185 περιέχει
635 3101 676 3166 τόι
698 3101 818 3181 πάντα,
843 3099 890 3181 εἷς
912 3105 1002 3182 θεὸς,
1029 3112 1091 3187 μία
1113 3103 1269 3186 κυριότης

170 3227 172 3230 ·
243 3205 301 3267 τοῦ
325 3195 425 3265 αὐτοῦ
448 3202 532 3266 θεοῦ
557 3205 766 3284 περιέχοντος
787 3201 827 3265 τά
851 3198 921 3266 όλα.
1281 3221 1297 3269 D

329 3306 357 3362 2.
389 3300 453 3362 Καὶ
479 3292 516 3362 σίν
540 3297 596 3362 διὰ
617 3296 656 3362 τὸ
679 3303 842 3379 περιέχειν
865 3298 907 3363 ιὰ
927 3297 1037 3364 πάντα
1052 3298 1164 3364 πάθει
1179 3294 1267 3364 ἀπο·

204 3401 378 3471 ἳῡπίπτει,
411 3397 477 3458 τῶν
506 3395 787 3477 ἐμπεριεχομένων
816 3393 883 3460 ὑπὸ
913 3395 1028 3471 πάθος
1056 3395 1267 3461 πιπτόντων.

245 3491 336 3567 ἐντὸς
362 3489 423 3574 γὰρ
454 3492 588 3556 πάντων
617 3492 686 3557 ἐστὶ
715 3494 768 3557 καί
800 3492 890 3570 ἐκτός
918 3496 983 3558 τιῦν
1013 3489 1098 3557 ὅλων
1128 3492 1270 3558 πάντων

244 3587 335 3665 θεὸς,
372 3583 490 3671 ἀμιγὴς
520 3587 604 3670 πρὸς
633 3589 674 3653 τὰ
697 3589 816 3654 πάντα.
848 3586 947 3656 ,ὅθεν
970 3585 1007 3654 or}
1038 3587 1155 3655 διὰτὸ
1180 3584 1269 3656 εἶναι

244 3686 362 3769 πάντη,
393 3679 469 3750 οὐδὲ
492 3684 609 3750 διὰτὸ
632 3685 723 3764 ἐκτὸς
746 3682 998 3766 εἶναιπάντων,
1034 3682 1111 3753 οόδὲ
1140 3687 1199 3753 διὰ
1226 3686 1267 3752 τὸ

243 3789 406 3867 περιέχειν
429 3781 471 3848 τὰ
493 3781 618 3860 πάντα,
657 3779 734 3849 οὐδὲ
757 3782 873 3850 διὰτὸ
903 3784 936 3850 ἐν
965 3780 1054 3870 αὐτῷ
1082 3782 1124 3850 τά
1152 3784 1307 3854 πάνταθα

203 3887 421 3958 δοκινεῒσθαι,
447 3879 562 3958 πάθος
585 3879 722 3946 εἰσοίσει
740 3884 786 3965 τῷ
803 3876 935 3948 ἀπαθεῖ
950 3887 1031 3967 θεῷ,
1056 3879 1171 3964 ιῖίσπερ
1188 3877 1269 3949 οὐδὲ

245 3979 301 4047 διὰ
322 3977 361 4043 τό
382 3984 604 4064 γεγεννηκέναι
632 3976 688 4042 τὸν
710 3983 885 4065 μονογενῆ,
921 3974 997 4045 οὐδὲ
1019 3978 1075 4045 τόν
1102 3982 1267 4067 μονογενῆ

243 4078 469 4161 γεγεννῆσθαι,
493 4072 570 4142 οὐδὲ
593 4074 709 4142 διὰτὸ
732 4071 826 4158 ἅγιον
849 4071 949 4141 αὐτοῦ
965 4081 1095 4160 πνεῦμα
1111 4075 1147 4153 ἐξ
1161 4072 1268 4143 αὐτοῦ

243 4167 468 4252 ἀπεστάλθαι,
492 4174 608 4250 πάθος
630 4172 769 4240 εἰσοίσει
789 4177 829 4259 τῇ
853 4169 930 4260 ἁγίᾳ
944 4174 1064 4257 τριάδι.
1103 4170 1180 4240 οὕτε
1202 4174 1278 4261 γὰρ.
