2867 5084
600 995 774 1053 l‘tttlttttn.
1144 998 1196 1041 xttt

174 1148 220 1204 λιιι
251 1149 279 1205 in
305 1147 358 1205 fine
380 1165 475 1205 versus
497 1149 553 1205 len.
581 1149 667 1207 literis
690 1168 717 1205 ot
747 1168 831 1223 super
853 1148 869 1205 λ
893 1151 1016 1224 seriptis.
1051 1150 1123 1225 quod
1147 1166 1197 1223 pro

170 1226 445 1306 μεταβαλλόμενος
465 1235 579 1306 aceepit.
668 1237 807 1297 235,12.
831 1228 933 1292 αὐτῶν
955 1237 1053 1299 mulsit,
1084 1237 1146 1308 quia
1169 1236 1195 1292 111

173 1320 297 1392 margine
320 1318 421 1375 codicis
444 1319 562 1391 positum
586 1320 806 1392 praetervidernt.
847 1320 944 1376 Eadem
969 1322 1002 1375 de
1025 1338 1119 1377 entissa
1144 1312 1197 1376 τὸν

174 1454 267 1508 omisit
289 1471 316 1526 p.
335 1454 405 1517 250,
424 1454 452 1510 2.
542 1455 612 1519 202,
633 1456 679 1510 15.
704 1407 789 1510 duellii
812 1474 861 1528 pro
880 1448 1063 1530 Ἀντιοχείας
1083 1453 1194 1527 aceepit,

175 1555 260 1610 quum
280 1528 465 1611 Ἀντιόχειαν
485 1539 529 1601 sit,
554 1548 583 1594 ut
603 1538 704 1611 legitur
718 1557 744 1612 p.
764 1542 833 1602 283,
853 1543 901 1598 33.
990 1543 1059 1604 201,
1083 1543 1127 1596 ll.
1146 1541 1195 1597 23.

177 1617 342 1677 Βασιλείαν
365 1639 464 1678 nornen
487 1623 647 1697 compendio
681 1624 812 1697 seriptum
841 1643 891 1698 pro
912 1619 1065 1696 βασιλίανς
1087 1624 1196 1679 nomine

175 1707 282 1762 habuit.
378 1710 449 1770 302,
467 1710 516 1765 25.
539 1699 669 1781 ὃμοῠται
691 1703 831 1785 φαίνεται
862 1711 887 1764 in
916 1702 1027 1780 operire
1056 1703 1196 1783 φαίνεται

175 1792 296 1854 mutarit,
322 1809 406 1865 quum
429 1785 508 1865 ὁμοῦ
530 1788 707 1870 ἐμφαίνεται
731 1794 822 1867 potius
845 1794 965 1849 seribere
989 1793 1110 1855 deberet,
1139 1810 1194 1866 qno

174 1877 258 1933 verbo
282 1877 308 1932 iu
331 1877 423 1951 priore
446 1879 597 1934 sententiae
620 1889 696 1951 parte
721 1896 786 1933 usus
810 1889 851 1935 est
874 1878 1048 1953 Epiphanius.

175 1964 246 2025 313,
270 1965 316 2018 15.
342 1957 741 2019 Ktornruvurovuoliratde
763 1965 875 2019 lormnn
893 1964 1013 2019 vitiosam
1038 1963 1128 2018 intulit
1145 1978 1194 2035 pro

456 2050 471 2086 τ

174 2093 487 2166 κιι1νσταντινουτιολί,
521 2098 595 2172 quod
625 2095 976 2173 κιανσταντιναυιτολίτην
1004 2097 1138 2170 siguificat
1164 2104 1196 2152 ut

174 2200 200 2253 p.
218 2183 290 2245 319,
308 2184 337 2239 9.
361 2182 408 2237 11111
430 2191 505 2239 reete
527 2183 666 2239 intellexit.
756 2187 826 2247 312,
844 2188 892 2240 30.
917 2176 1097 2255 διαβολικὴν
1118 2197 1197 2236 eom-

174 2267 274 2338 pendio
298 2266 366 2322 male
389 2267 528 2324 intellecto
549 2285 600 2340 pro
623 2261 772 2340 διαβολὴν
793 2269 905 2341 aceepit.
944 2269 972 2321 ln
989 2267 1085 2322 eodem
1101 2282 1196 2322 errore

174 2360 297 2406 versatus
321 2351 409 2407 scriba
432 2353 532 2408 codicis
556 2352 669 2406 l‘nrisini
694 2347 845 2426 διαβολὴν
866 2348 915 2406 καὶ
939 2352 1057 2424 srripsit.

177 2438 247 2497 373.
270 2439 316 2492 ll.
340 2435 386 2491 nbi
410 2438 443 2492 de
465 2454 547 2491 sensu
571 2436 692 2490 voealruli
709 2427 872 2506 ὃμοιιίισιας
890 2437 987 2509 agitur.
1012 2435 1111 2490 eodieis
1127 2434 1196 2489 seri-

175 2529 284 2592 pturam
304 2515 357 2575 l'va
379 2511 440 2576 ἀπὸ
463 2523 519 2577 τοῦ
539 2512 601 2591 ipo
622 2521 732 2596 σαιμῦς
746 2519 896 2598 σημανθῇ
910 2513 949 2576 τὰ
965 2514 1072 2587 τίλεια,
1096 2519 1194 2576 frustra

174 2604 200 2659 in
230 2596 312 2676 ipod
339 2605 460 2661 mutavit.
522 2606 744 2678 Antiquissimum
782 2605 936 2661 luriusinedi
971 2604 1122 2678 exemplum
1153 2612 1196 2659 est

174 2687 252 2781 ff
278 2706 305 2762 in
333 2723 412 2762 versu
436 2708 623 2781 Aristophanis
647 2707 726 2779 l'esp.
745 2711 794 2764 71.
824 2701 897 2775 οὒκ,
930 2699 1009 2760 ἀλλὰ
1039 2685 1115 2781 q'di
1140 2699 1197 2777 Ιιιίν

174 2786 257 2846 ἐστιν
279 2782 358 2864 ἀρχὴ
373 2792 428 2848 τοῦ
444 2792 550 2847 κακοῦ.
581 2791 663 2847 Cuius
680 2793 803 2866 exemplo
819 2792 952 2847 lucianus
976 2792 1001 2847 in
1019 2792 1087 2846 tusc.
1111 2807 1135 2845 c.
1145 2791 1194 2846 20.

175 2892 275 2947 dixisse
297 2892 403 2949 videtur
425 2886 483 2967 τὴν
504 2885 565 2947 ἀπὸ
588 2893 644 2948 τοῦ
666 2892 738 2970 (pilo
762 2887 817 2968 τὴν
839 2884 938 2968 ἀρχὴν
960 2885 1098 2964 ίχαασαν,
1124 2909 1196 2964 que-

175 2976 256 3032 modo
277 2976 411 3033 librorum
434 2979 583 3051 scripturus
606 2974 698 3051 φίλου
722 2978 763 3034 vel
787 2976 868 3056 pilei
891 2978 1007 3033 correxit
1031 2976 1159 3032 llolmius.

176 3065 248 3121 101.
266 3063 295 3118 9.
325 3056 403 3137 πρὸς
429 3079 480 3136 pro
508 3056 625 3138 πατρὸς
654 3064 768 3136 aceepit.
883 3067 954 3127 «109,
974 3064 1022 3120 28.
1045 3055 1209 3133 τιιιθμίας,1

174 3146 312 3220 frequenti
333 3145 472 3203 literarum
496 3164 527 3202 εν
548 3147 709 3220 compendio
727 3166 780 3205 nou
798 3147 945 3211 intellecto,
969 3165 1019 3220 pro
1036 3139 1197 3217 τιυθμίνας

172 3232 293 3305 scripsit.
371 3232 442 3296 486,
466 3236 510 3291 13.
534 3222 626 3304 droise
647 3232 742 3297 codex,
765 3232 863 3288 lineola
880 3249 978 3288 uetueu
998 3230 1136 3304 preprium
1152 3228 1197 3284 in-

173 3315 281 3372 dicante
303 3314 445 3390 literisque
469 3336 506 3372 αν
528 3333 582 3372 uno
606 3315 689 3373 duetn
706 3317 823 3390 seriptis,
847 3318 919 3372 uude
936 3316 1034 3372 loetum
1052 3324 1081 3369 ut
1097 3310 1196 3386 Opori-

174 3419 226 3456 nus
249 3419 300 3475 pro
323 3401 484 3474 compendio
506 3400 627 3457 adieetivi
651 3392 850 3477 ἅνθριιττιίνης
872 3400 994 3463 liaberet,
1028 3399 1100 3473 quod
1123 3398 1197 3455 ulte-

174 3486 231 3540 rius
254 3503 268 3539 a
293 3484 400 3542 Peterin
424 3486 450 3541 in
474 3476 656 3562 ἀνθρωπίνη
680 3485 869 3559 depravatum,
902 3485 948 3540 sed
972 3486 997 3539 iu
1021 3484 1197 3539 nurmtntioue

173 3578 330 3627 correctum
360 3580 410 3626 est.
465 3570 607 3626 contrarie
637 3588 731 3627 errore
759 3570 870 3644 simplex
900 3587 913 3625 ε
942 3586 1003 3625 enm
1027 3564 1198 3642 proximo&

175 3672 230 3711 uno
254 3655 337 3711 ductu
360 3655 388 3710 in
410 3654 505 3712 codiee
526 3655 657 3728 seriptum
674 3673 724 3729 pro
741 3673 773 3710 ευ
789 3655 958 3729 diphthongo
975 3654 1069 3709 lraltuit
1086 3672 1112 3727 p.
1124 3654 1195 3718 403,

178 3741 226 3796 12.
251 3738 297 3795 nbi
319 3733 431 3796 τευθίν
456 3756 585 3796 excusum
618 3757 667 3812 pre
697 3733 797 3796 τεθίν.
905 3742 974 3803 563,
994 3743 1021 3794 3.
1045 3729 1196 3815 ε’λβιίγλου

174 3824 285 3897 scripsit
306 3842 357 3900 pro
380 3816 547 3900 ἓλμιίγλοιιε
578 3824 611 3881 de
640 3842 694 3898 quo
718 3842 811 3881 errore
834 3823 886 3880 dixi
903 3825 936 3879 'in
959 3816 1074 3881 Praefert.
1097 3824 1195 3879 vell.

174 3928 200 3984 p.
217 3908 286 3965 xltt.
376 3911 445 3973 509,
465 3912 492 3967 5.
515 3908 641 3983 lguotunx
665 3910 715 3965 silu
728 3905 836 3985 Δηοῦς
852 3926 949 3965 nomen
966 3905 1198 3985 111Δημητροῦς

173 3993 297 4057 minavit,
321 3992 396 4067 quod
418 3994 533 4050 fortusse
554 3984 726 4072 Δήμητρας
758 3992 838 4050 scribi
862 3993 954 4050 soluit.
1059 3992 1196 4057 51019.

172 4069 413 4179 ιίνακαχλιίζοντι
429 4078 455 4134 in
471 4070 712 4152 ἇνακαχλτίζοντι
731 4079 851 4143 mutavit,
875 4076 985 4134 rarioris
1006 4077 1079 4132 verbi
1096 4076 1197 4133 somnae

173 4158 332 4239 καχλαζειν
353 4163 473 4239 ignarus,
497 4180 577 4238 qnam
601 4164 680 4220 etiam
705 4163 732 4219 in
751 4163 926 4241 elassieorum
943 4161 1105 4236 scriptorum
1122 4160 1198 4218 libris

173 4265 236 4306 raro
254 4246 389 4307 ixttoe'tnnx
412 4242 582 4324 reliquerunt
597 4241 714 4314 librarii,
739 4247 840 4305 rectius
856 4248 975 4303 laettuus
991 4246 1014 4303 si
1030 4246 1119 4320 praullo
1135 4254 1199 4303 ante
