2867 5084
599 985 678 1039 ινοι
698 988 879 1038 mmor.
1185 980 1247 1042 253

228 1134 358 1201 στεύειν
384 1140 444 1221 χρη
468 1132 521 1202 ὅτι
544 1137 628 1215 ἔστι,
659 1139 734 1216 πῶς
756 1139 791 1204 δὲ
816 1138 905 1206 ἔστιν
928 1133 1017 1225 αύτῷ
1038 1139 1130 1228 μόνω
1153 1142 1252 1227 ἔγνω-

228 1254 318 1297 σται.
364 1232 419 1298 καὶ
442 1228 496 1298 ὅτι
518 1231 620 1320 ὤφθη
642 1239 690 1319 τῷ
712 1237 772 1319 μὲν
804 1232 891 1315 όντι,
919 1239 989 1316 ναὶ,
1021 1235 1124 1324 ὤφθη
1148 1241 1185 1305 δὲ
1207 1236 1253 1319 ὤς

179 1323 377 1413 Βνίιήθέλησε
397 1335 453 1397 καὶ
475 1326 612 1416 άληθῶς
635 1330 738 1418 ὤφθη
762 1327 807 1410 ὦς
830 1330 944 1419 ὤφθη.
974 1333 1168 1421 πάνταγὰρ
1196 1336 1252 1402 δύ-

227 1452 329 1492 ναται
350 1426 432 1505 θεός
454 1430 509 1493 καὶ
531 1423 625 1494 οῦδὲν
648 1423 737 1514 αύτῷ
761 1424 932 1496 άδύνατον.
978 1432 1050 1496 ἔστι
1072 1432 1108 1498 δὲ
1130 1427 1252 1498 άκατά-

228 1525 367 1605 ληπτος,
391 1528 522 1608 πνεῦμα
544 1519 589 1590 ὤν
612 1520 841 1611 άπερινόητον,
864 1527 976 1593 πάντα
997 1534 1168 1610 περιέχων,
1192 1526 1275 1595 ανδ-5

228 1620 290 1697 τός
318 1616 374 1686 ὑπ’
399 1616 532 1699 οὐδενὸς
560 1624 802 1706 περιεχόμενος.
847 1627 900 1689 καὶ
933 1620 1053 1702 ὁποῖος
1082 1620 1100 1689 ό
1130 1626 1250 1710 πατὴρ,

227 1721 384 1796 τοιοῦτος
397 1724 450 1785 καὶ
468 1715 486 1784 ό
501 1718 582 1796 υἱός,
606 1716 693 1786 οῦτω
709 1721 763 1785 καὶ
779 1719 817 1785 τὸ
833 1724 964 1804 πνεῦμα
982 1720 1016 1788 ἐν
1039 1724 1078 1807 τῇ
1102 1722 1250 1809 θεότητι.

226 1816 332 1898 μόνος
355 1817 391 1882 δὲ
414 1812 431 1881 ὁ
453 1817 629 1901 μονογενὴς
652 1815 827 1883 ἐνεδύσατο
846 1817 956 1884 ἐλθών
973 1819 1087 1902 σάρκα,
1112 1819 1146 1886 ἐν
1160 1809 1181 1906 ᾗ
1196 1819 1253 1887 καὶ

228 1907 360 1999 άνέστη,
383 1911 422 1998 ἢν
445 1912 500 1979 καὶ
523 1913 690 1999 συνήνωσε
711 1917 751 2000 τῇ
774 1915 912 2001 θεότητι
935 1915 982 1993 εἷς
1004 1920 1135 2000 πνεῦμα
1158 1939 1252 1984 ουνε-

229 2008 350 2089 νιύσας,
381 2008 537 2078 ἐκάθισεν
566 2011 600 2077 ἐν
623 2011 718 2098 δόξῃ,
749 2011 783 2077 ἐν
806 2013 898 2098 δεξιᾷ
919 2016 977 2077 τοῦ
1002 2014 1145 2098 πατρὸς,
1167 2014 1251 2081 κατὰ
1262 2026 1290 2076 10

227 2108 268 2173 τό
291 2114 521 2192 γεγραμμένον.
555 2103 600 2186 ιῦς
621 2099 679 2175 ούν
702 2108 791 2174 ἐστιν
815 2103 1047 2194 άκατάληπτος
1062 2111 1116 2177 καὶ
1132 2106 1252 2195 άπερι-

228 2204 357 2290 νόητος,
392 2202 478 2271 ούτω
501 2206 612 2272 πάντα
633 2207 675 2272 τὰ
696 2208 774 2289 περὶ
797 2200 898 2270 αύτοῦ
922 2207 1080 2290 λεγόμενα
1105 2203 1252 2292 άληθινά

203 2303 322 2369 Βὲστιν
345 2299 433 2368 ὅντα.
464 2299 509 2380 τός
531 2304 567 2369 δὲ
589 2304 671 2382 θεός
691 2303 782 2369 ἐστιν
797 2297 1038 2389 άκατάληπτος,
1063 2300 1168 2381 ούτως
1183 2308 1252 2371 πᾶν

227 2400 268 2465 τὸ
291 2403 370 2483 περὶ
392 2395 492 2466 αὐτοῦ
515 2399 689 2485 λεγόμενον
713 2394 946 2485 άκατάληπτον
970 2399 1041 2466 ἐστὶ
1061 2401 1136 2482 μὲν,
1168 2395 1252 2467 άλλά

230 2492 463 2579 ἀκατάληπτον
488 2493 593 2564 ὁποῖα
616 2500 709 2577 θεοῦ,
733 2501 788 2561 καὶ
811 2492 857 2574 ὤς
879 2497 968 2563 ἔστιν
985 2497 1018 2563 ἐν
1035 2497 1113 2583 δόξη
1130 2492 1252 2563 άκατα-
1262 2512 1291 2561 15

229 2595 357 2680 ληπτφ.
387 2595 443 2660 καὶ
463 2598 568 2660 ταῦτα
589 2596 648 2678 μὲν
666 2593 782 2671 καθὼς
797 2593 981 2678 ἐχωροῦμεν
997 2594 1044 2671 εἰς
1060 2596 1253 2679 δοξολογιαν

229 2694 316 2758 θεοῦ
344 2691 487 2774 στόματι
514 2687 721 2776 ἀνθρωπίνῳ
751 2690 931 2777 εἰρήκαμεν.
978 2686 1016 2755 ού
1044 2690 1105 2775 γάρ
1139 2692 1253 2775 ἔχομεν

230 2787 345 2872 ἑτέρας
373 2792 524 2875 φθογγῆς
549 2791 664 2874 χρῆσιν
687 2785 772 2872 ὑπὲρ
794 2788 853 2873 τὴν
876 2789 910 2854 ἐκ
931 2791 1016 2854 θεοῦ
1037 2784 1116 2875 ἡμῖν
1139 2788 1173 2855 ἐν
1194 2794 1254 2872 μέ-

230 2910 299 2970 τρῳ
322 2887 498 2965 δοθεῖσαν,
529 2885 558 2952 εἰ
585 2888 709 2970 καὶτῷ
734 2888 778 2971 νῷ
802 2885 1041 2969 περισσότερον
1066 2888 1143 2969 περὶ
1166 2889 1251 2953 θεοῦ

229 2977 518 3067 ὑπολαμβάνομεν.
560 2978 627 3049 ἀλλ’
653 2977 711 3064 οὐχ
734 2979 846 3050 ὁπόσα
869 2978 887 3048 ό
910 2986 986 3060 νοῦς
1009 2983 1083 3064 ἔχει,
1106 2986 1293 3049 τοσαῦτανο

233 3078 371 3145 δύναται
391 3079 430 3145 τὸ
453 3081 561 3164 στόμα
583 3081 702 3164 λέγειν,
735 3087 844 3165 μέτρῳ
874 3074 1170 3162 άπακεκλεισμένον
1198 3083 1253 3146 καὶ

206 3176 448 3259 ῦσανεχόμενον
470 3188 542 3255 τοῖς
559 3187 762 3260 σωματικοῖς
778 3172 939 3260 ὀργάνοις.
971 3175 1092 3242 διὸκαὶ
1110 3200 1255 3260 συγγνω-

233 3283 330 3355 μονεῖ
356 3274 438 3352 θεὸς
466 3270 544 3357 παρ’
568 3268 661 3359 ἡμῶν
691 3267 936 3357 ἀποδεχόμενος
963 3271 1022 3357 τὴν
1050 3275 1129 3355 περὶ
1152 3267 1253 3337 αύτού

234 3370 361 3455 εἴδησιν
381 3374 434 3437 καὶ
459 3372 667 3455 δοξολογίαν,
691 3367 776 3453 ύπὲρ
798 3369 856 3454 τὴν
879 3365 971 3454 ἡμῶν
994 3369 1133 3453 δύναμιν
1156 3369 1254 3437 ἐπεκ-

231 3473 429 3554 τεινομένην,
460 3462 531 3551 ούχὶ
553 3471 625 3553 θεῷ
646 3472 856 3551 χαρίσασθαί
876 3492 919 3545 τι,
958 3461 1043 3533 ἀλλὰ
1065 3468 1293 3552 δοξολογεῖννῠ

232 3562 268 3629 τὸ
290 3569 390 3631 θεῖον
411 3565 495 3632 κατὰ
517 3565 670 3646 δύναμιν,
706 3564 753 3642 εἰς
775 3562 814 3629 τό
838 3558 981 3648 εὐσεβῶς
1003 3568 1169 3651 φρονῆσαι
1198 3567 1253 3631 καὶ

232 3661 274 3746 μὴ
297 3660 450 3728 ἐκπεσεῖν
472 3665 531 3748 τῆς
553 3655 653 3728 αύτοῦ
675 3662 809 3745 χάριτος
830 3663 884 3726 καὶ
907 3657 1078 3748 ἀληθείας.
1101 3667 1206 3728 ταῦτα
1218 3663 1254 3729 δὲ

234 3759 309 3842 περὶ
331 3759 391 3823 τοῦ
414 3753 515 3825 αύτοῦ
537 3754 671 3825 Αύδίοο
698 3761 752 3824 καὶ
774 3761 841 3823 τῶν
863 3752 1046 3824 Αύδιανῶν
1069 3757 1254 3842 διαλαμβά-

234 3877 343 3933 νοντες
365 3854 539 3940 ἐξείπομεν
560 3854 603 3922 τὰ
625 3849 680 3921 ὑπ’
706 3849 815 3920 αὐτῶν
838 3853 1010 3938 λεγόμενα,
1038 3850 1089 3932 οἷς
1109 3852 1193 3921 κατά
1214 3854 1253 3919 τὸ

237 3947 401 4017 ἰδιωτικὸν
423 3957 476 4020 καὶ
500 3948 594 4019 αὐτοὶ
619 3950 838 4038 διηγούμενοι,
861 3954 915 4017 καὶ
938 3950 1082 4018 κατὰτὸ
1105 3948 1293 4037 φιλόνει-θο

202 4051 289 4112 θεον
311 4047 346 4114 ἐν
368 4047 501 4128 τούτοις
521 4044 721 4132 ἀντέχονται,
745 4043 909 4130 άπρεπιῦς
931 4047 1217 4130 διισχυριζόμενοι.

319 4149 349 4210 9.
373 4142 505 4229 Ἔχουσι
535 4147 571 4214 δὲ
602 4149 655 4213 καλ
689 4142 774 4212 άλλα
807 4141 898 4221 τινά,
933 4140 974 4209 δι’
1000 4140 1087 4226 ὅπερ
1109 4143 1255 4226 μάλιστα

238 4238 388 4308 ἵστανται
415 4243 654 4329 περισσότερον
681 4242 741 4330 τὴν
769 4242 931 4323 διαίρεσιν
953 4239 1177 4324 ποιησάμενοι
1197 4244 1256 4329 τῆς

1151 4592 1158 4608 Ι
