2867 5084
482 978 577 1032 σενι.
595 981 799 1033 mmmm.
1110 971 1148 1033 91

131 1133 341 1218 παρέλαβον·
364 1128 440 1199 ὅσοι
463 1132 499 1199 δὲ
522 1132 639 1217 ἔλαβον
662 1127 772 1212 αὐτὸν,
796 1134 914 1200 ἔδωκεν
931 1127 1044 1214 αὐτοῖς
1060 1134 1153 1214 ἐξου-

130 1237 209 1296 σίαν
230 1236 327 1297 τέκνα
349 1233 433 1296 θεοῦ
455 1234 638 1315 γενέσθαι”.
669 1233 722 1296 καί
746 1228 826 1317 δρᾷς
848 1234 946 1297 τοῦτο
968 1232 1007 1297 τὸ
1030 1235 1102 1319 φῶς
1118 1232 1151 1298 ίν

130 1335 218 1415 ποίᾳ
240 1334 357 1414 σκοτίᾳ
378 1332 507 1415 φαίνει,
530 1332 584 1393 καί
607 1335 691 1394 ποία
713 1336 829 1394 σκοτία
851 1325 932 1394 αὐτὸ
954 1323 992 1394 οὗ
1015 1332 1152 1396 κατέλα-

129 1433 207 1511 star,-
244 1421 298 1490 ότι
325 1424 364 1489 τὸ
391 1419 520 1510 ἀγαθὸν
550 1421 600 1491 ἀεὶ
630 1424 723 1509 παρὰ
755 1429 839 1492 θεοῦ
868 1426 1083 1511 πεμπόμενον
1111 1431 1151 1515 τῇ

131 1525 266 1609 διανοίᾳ
286 1525 354 1588 τῶν
376 1517 569 1606 ἀνθρώπων
591 1526 645 1588 καὶ
668 1525 812 1611 φωτίζον
836 1524 869 1590 ἒν
891 1527 938 1610 τῷ
956 1523 1068 1611 κόσμῳ
1084 1521 1175 1591 όπὸῦ

129 1624 189 1708 τῆς
213 1616 376 1704 ἁμαρτίας
398 1616 455 1703 οὐχ
476 1616 623 1706 ἥττηται.

217 1724 268 1784 65.
302 1717 350 1783 Τὸ
378 1713 494 1801 ὅμοιον
524 1718 559 1784 δὲ
588 1717 690 1784 πάλιν
720 1717 983 1803 ἐπιλαμβάνεται
1011 1713 1152 1798 δαότὸς

130 1815 255 1895 Μάνης
283 1809 433 1881 ἀπὸτοῦ
455 1813 513 1880 τὸν
537 1818 669 1901 σωτῆρα
692 1813 853 1898 εἰρηκέναι
876 1812 996 1899 “δμοία
1019 1812 1149 1903 ἐστίνὴ

129 1915 288 1997 βασιλεία
302 1915 368 1979 τῶν
381 1906 530 1996 οάρανῶν
540 1908 711 1998 ἀνθρώπῳ
725 1913 952 2001 οἰκοδεσπότῃ,
967 1914 1002 1992 ὃς
1018 1915 1152 1999 ἔσπειρε

104 2008 189 2082 κτὸν
213 2004 314 2094 ἀγρὸν
336 2004 436 2075 αὐτοῦ
458 2009 557 2076 καλὸν
581 2015 723 2093 σπέρμα.
753 2013 807 2076 καὶ
829 2011 1062 2077 καθευδόντων
1084 2017 1190 2077 τῶνΙθ

131 2102 327 2194 ἀνθρώπων
355 2105 475 2190 ἐχθρός
497 2106 679 2192 ἄνθρωπος
700 2096 801 2193 ἦλθε,
831 2112 884 2174 καί
908 2109 1041 2193 ἔσπειρε
1064 2111 1152 2190 ζιζά-

130 2230 196 2270 νια.
240 2198 311 2270 εἶτα
333 2206 483 2289 λέγουσιν
507 2201 596 2291 αὐτῷ
619 2205 651 2270 οἱ
674 2206 789 2271 δοῦλοι
811 2201 928 2284 αὐτοῦ,
959 2200 1028 2288 οάχί
1052 2206 1151 2272 καλὸν

131 2309 268 2385 σπέρμα
295 2302 453 2386 ἔσπειρας
475 2302 508 2368 ίν
529 2306 576 2387 τῷ
600 2297 706 2388 ἀγρῷ;
736 2297 754 2365 δ
777 2303 811 2368 δὲ
836 2302 908 2389 ἔφη,
932 2309 995 2368 ναί.
1041 2303 1151 2370 πόθεν

129 2389 190 2465 σόν
213 2397 255 2464 τοὶ
277 2398 421 2480 ζιζάνια,
445 2396 462 2463 5
487 2401 522 2464 δὲ
546 2396 808 2481 ἀποκρινάμενος
830 2393 931 2477 εἶπεν,
956 2399 1076 2484 ἐχθρὸς
1093 2399 1151 2468 ἀν·

130 2503 279 2579 θρωπος
297 2500 396 2563 τοῦτο
419 2497 583 2583 ἐποίησεν.
625 2497 658 2562 σί
680 2498 716 2563 δὲ
739 2497 854 2562 δοῦλοι
876 2495 961 2580 πρὸς
983 2493 1082 2564 αὐτόν
1105 2494 1189 2565 εί-15

158 2617 221 2671 ον,
249 2596 360 2673 θέλεις
386 2583 444 2661 οὖν
466 2589 672 2672 ἀπελθόντες
694 2594 920 2679 ίκριζώσωμεν
942 2595 983 2661 τὰ
1006 2596 1150 2677 ζιζάνια,·

132 2618 165 2754 5
178 2691 216 2757 δὲ
237 2691 323 2774 πρὸς
344 2687 464 2770 αὐτοὺς
486 2693 558 2778 ἐ’φη,
583 2686 631 2771 οὓ,
658 2693 701 2778 μή
725 2717 799 2769 πως
821 2692 1020 2775 ίκριζοόντες
1040 2693 1083 2759 τὰ
1105 2695 1153 2774 ζι-

135 2789 233 2870 ζάνια
246 2788 442 2876 ἐκριζώσητε
464 2790 519 2855 καὶ
540 2789 597 2855 τὸν
621 2800 724 2855 σῖτον.
756 2784 824 2856 ἀλλ’
843 2787 945 2876 ἄφετε
961 2791 1022 2868 ἕως
1037 2795 1152 2874 καιροῦ

131 2890 192 2953 τοῦ
215 2891 391 2971 θερισμοῦ,
414 2891 467 2952 καί
492 2887 555 2972 ε’ριῦ
570 2898 642 2965 τοῖς
656 2894 839 2971 θερισταῖς,
864 2888 1037 2968 συλλέξατο
1052 2889 1093 2955 τὰ
1106 2890 1153 2969 ζι-

133 2984 242 3066 ζάνια,
255 2988 307 3049 καί
323 2985 443 3072 δήσατε
455 2985 578 3069 δεσμὰς
590 2983 721 3066 δεσμός,
734 2984 791 3050 τὸν
811 2986 846 3051 δὲ
863 2996 955 3051 σῖτον
971 2980 1191 3053 ἀπόθεσθεῖθ

105 3083 171 3149 σίν
191 3085 232 3167 τῇ
255 3077 429 3171 ἀποθήκη,
459 3086 511 3148 καί
535 3083 733 3167 ἑτοιμάσατε
754 3081 796 3148 τὰ
819 3084 944 3163 ζιζάνια
966 3083 1013 3161 είς
1034 3083 1072 3148 τὸ
1094 3110 1152 3149 κα-

130 3182 296 3264 τακαῆναι
316 3184 397 3264 πυρί
421 3175 598 3266 ἀσβέστῳ”.
642 3183 708 3245 τῶν
731 3181 766 3246 δὲ
787 3184 949 3267 μαθητῶν
971 3176 1071 3246 αὐτοῦ
1095 3182 1151 3247 ίπί

131 3281 192 3363 τῆς
214 3277 321 3355 οίκίας
343 3278 513 3362 λεγόντων,
537 3279 611 3344 εἰπὲ
632 3274 711 3364 ἡμῖν
733 3278 791 3364 τὴν
815 3277 1008 3365 παραβολὴν
1023 3282 1088 3343 τῶν
1105 3279 1152 3358 ζι-

134 3376 270 3455 ζανίων,
295 3371 313 3439 5
337 3376 373 3441 δὲ
395 3374 524 3442 ἐπιλύει
544 3379 598 3442 καί
622 3371 660 3441 οὐ
683 3382 794 3458 κρίνει,
818 3376 872 3442 ίνα
893 3376 937 3462 μὴ
962 3375 1150 3464 συγχωρήσῃ

132 3475 182 3558 τῷ
203 3468 378 3539 ἀπατεῶνι
397 3472 480 3539 κατὰ
502 3476 559 3560 τῆς
582 3467 744 3559 ἀληθείας
765 3472 867 3557 λαβὴν
889 3475 981 3554 ἔχειν.
1013 3470 1191 3560 ἀποκρί-ιῠ

133 3594 228 3635 νεται
249 3559 307 3635 οὖν
331 3573 449 3656 σαφῶς
464 3565 483 3635 δ
496 3571 609 3656 κύριος
622 3574 676 3636 καί
693 3572 779 3655 λέγει
802 3566 840 3635 “ό
856 3569 894 3635 τὸ
905 3570 1004 3636 καλὸν
1019 3577 1153 3656 σπέρμα

133 3674 278 3750 σπείρας
298 3666 389 3734 ἐστίν
412 3663 430 3733 ὁ
452 3667 543 3747 θεός.
585 3665 603 3733 δ
626 3670 661 3735 δὲ
684 3664 783 3753 ἀγρός
805 3667 893 3734 ίστιν
916 3664 935 3733 5
957 3668 1087 3752 κόσμος,
1111 3670 1152 3736 τὰ

134 3763 264 3846 ζιζάνιά
285 3766 371 3832 τίσιν
392 3766 426 3832 ολ
447 3768 587 3851 πονηροί
609 3762 807 3850 ἀνθρωπσι,
836 3761 855 3830 5
877 3765 997 3849 ἐχθρὸς
1018 3765 1153 3849 ἀνθρω-

133 3862 203 3941 πδς
225 3860 314 3929 ἐστιν
336 3859 355 3929 δ
376 3863 549 3948 διάβολος,
577 3863 610 3929 σί
630 3869 788 3946 θερισταί
810 3861 892 3929 εἰσιν
915 3864 947 3929 οί
970 3861 1110 3948 ἄγγελοι,
1135 3859 1153 3927 δ

132 3959 301 4045 θερισμός
320 3960 411 4028 ἐστιν
431 3956 453 4047 ἡ
476 3963 645 4029 συντέλεια
666 3964 725 4025 τοῦ
748 3960 883 4040 αίῶνος,
908 3957 926 4026 ό
948 3960 1042 4038 σῖτός
1063 3959 1192 4025 ίστινθ)

106 4059 169 4125 ιιοί
197 4059 295 4125 καλοι
321 4056 526 4142 ἅνθρωποίῖ
574 4054 629 4126 ὅτε
658 4059 876 4143 παραγγέλλει
904 4054 1054 4141 δκόριος
1075 4058 1153 4136 τοὺς

135 4152 294 4239 ἀγγέλους
319 4151 436 4234 αὐτοῦ,
466 4154 523 4222 καὶ
549 4155 729 4242 συνάγουσι
748 4155 825 4233 τοὺς
846 4152 1061 4240 ἁμαρτωλοὺς
1083 4149 1154 4222 ἀπὸ

135 4256 195 4338 τῆς
216 4245 317 4317 σάτοῦ
337 4254 527 4338 βασιλείας,
557 4256 611 4320 καί
639 4252 884 4336 παραδιδόασιν
906 4246 1026 4331 αὐτοὺς
1047 4252 1095 4333 είς
1115 4254 1153 4321 τὸ
