2867 5084
231 925 294 987 252
460 936 667 987 αιιιψιαιοκ
682 936 779 986 xm
796 936 984 986 ,ιισιιειεακ
999 938 1029 985 ι’.

229 1111 304 1168 τον,
327 1091 381 1155 καλ
405 1086 423 1153 ὃ
446 1081 513 1153 εἶδε
533 1086 572 1152 τὸ
595 1082 737 1170 ἀόρατόν
759 1112 795 1152 τε
816 1089 870 1152 καὶ
894 1082 1050 1169 άπειρον,
1074 1080 1114 1151 ού
1137 1085 1248 1165 καθὼς

232 1187 305 1268 ἔσχε
325 1186 364 1251 τὸ
387 1182 536 1268 ἄπειρον,
561 1178 629 1248 ἀλλ’
656 1179 701 1261 ὡς
723 1177 864 1269 ἠδύνατο
886 1193 1004 1266 χωρεῖν
1025 1177 1179 1270 ἡφύσις,
1203 1184 1249 1251 έν-

232 1286 471 1366 δυναμιοθείσα
499 1285 558 1346 τοῦ
591 1276 762 1358 ἀδυνάτως
795 1280 926 1361 ἐ’χοντος
959 1279 1045 1365 πρὸς
1074 1279 1248 1347 έπέκτασιν

231 1383 290 1446 τοῦ
314 1382 463 1445 δυνατοῦ.
494 1381 548 1444 καὶ
571 1374 666 1444 ούδὲν
690 1378 811 1443 διοίσει
830 1376 863 1444 ἐν
879 1381 918 1463 τῇ
933 1383 1015 1464 θείᾳ
1029 1381 1153 1465 γραφῇ,
1177 1373 1249 1444 ούδὲ

208 1473 407 1555 ὀάντίθετος
429 1479 516 1556 λέξις
537 1475 623 1559 πρὸς
646 1477 732 1553 λέξιν
755 1470 980 1561 εὑρεθήσεται.

318 1581 346 1643 8.
370 1574 462 1641 Ἔστι
477 1575 542 1651 δὲ,
574 1568 619 1650 ὡς
641 1571 803 1649 πολλάκις
823 1572 862 1636 τὸ
885 1568 1071 1656 ὑπόδειγμα
1095 1572 1267 1658 διηγησάι

232 1697 311 1759 μην,
345 1672 384 1738 τὸ
413 1674 550 1755 πρᾶγμα
579 1666 684 1746 οὕτως
714 1665 760 1746 ὥς
782 1669 886 1747 εἴτις
909 1667 1070 1735 θεάσαιτο
1095 1664 1142 1735 δι’
1169 1665 1250 1754 ὀπῆς

231 1768 430 1853 μικροτάτας
451 1767 508 1833 τὸν
531 1762 685 1850 οὐρανὸν,
714 1768 768 1831 καὶ
792 1766 900 1844 εἴποι,
932 1761 998 1849 ὁρῶ
1020 1765 1077 1831 τὸν
1102 1762 1248 1851 ούρανὸν,

233 1868 287 1929 καὶ
310 1858 368 1928 ούκ
390 1859 429 1929 όν
452 1863 614 1947 ψεύσαιτο
639 1861 656 1928 ὁ
679 1865 848 1940 τοιοῦτος·
875 1858 937 1949 ὁρᾷ
958 1862 1019 1947 γὰρ
1043 1857 1186 1947 ούρανὸν
1207 1866 1248 1949 τῷ

196 1975 225 2024 10
234 1957 321 2027 όντι·
352 1961 445 2026 εἴποι
468 1962 504 2026 δέ
525 1985 577 2037 τις
599 1956 688 2046 αύτῷ
712 1963 855 2037 συνετῶς
878 1956 930 2025 ότι
953 1956 1011 2041 ούχ
1028 1960 1179 2043 ἑώρακας
1197 1959 1249 2026 τὸν

235 2053 390 2141 ούρανὸν,
415 2060 468 2123 καὶ
492 2052 550 2123 ούκ
573 2052 612 2124 άν
636 2057 797 2141 ψεύσαιτο
821 2053 839 2122 ὁ
862 2060 1021 2135 τοιοῦτος.
1069 2053 1088 2122 ό
1110 2056 1249 2142 μὲνγὰρ

234 2157 335 2240 λέγων
359 2155 537 2239 ἑωρακέναι
559 2152 597 2220 ού
621 2155 791 2237 ψεύδεται,
814 2153 871 2220 καὶ
893 2149 1036 2239 δφήσας
1052 2154 1140 2238 πρὸς
1156 2150 1249 2220 αὐτὸν

233 2253 277 2338 μὴ
308 2252 487 2337 ἑωρακέναι
513 2252 552 2318 τὸ
580 2248 660 2318 αὐτὸ
690 2247 858 2337 ἀληθεύει.
906 2250 981 2318 οὔτε
1008 2251 1069 2337 γὰρ
1099 2247 1169 2319 εἶδε
1197 2250 1249 2336 τὴν

234 2350 411 2417 ἑπέκτασιν
434 2349 509 2418 οὔτε
530 2350 569 2416 τὸ
592 2349 728 2427 πλάτος.
759 2351 812 2414 καὶ
837 2344 929 2432 ὃμὲν
945 2348 1097 2432 ἑωρακὼς
1112 2345 1250 2435 ἠλήθευ-

198 2462 299 2521 ιοσεν,
324 2443 343 2512 ό
366 2449 402 2514 δὲ
424 2443 590 2514 άντειπιὸν
611 2447 655 2532 μὴ
680 2448 858 2531 ἑωρακέναι
880 2441 939 2511 ούκ
961 2445 1145 2529 ἐψεύσατο,
1172 2441 1250 2513 άλλδ

234 2548 290 2611 καὶ
319 2539 418 2622 αύτὸς
444 2540 617 2630 ἠλήθευσε.
663 2543 825 2620 πολλάκις
852 2543 913 2627 γάρ
934 2545 990 2608 καλ
1012 2542 1071 2609 ἐπὶ
1092 2538 1270 2629 άκρωρείσΰ

236 2641 333 2725 δ’ρους
356 2641 495 2719 ἑστῶτες
517 2640 682 2722 θεώμεθα
704 2644 760 2705 καὶ
779 2640 838 2726 τὴν
853 2640 1040 2719 θάλασσαν,
1063 2644 1119 2707 καλ
1136 2640 1193 2708 ἐὰν
1209 2640 1252 2707 εἴ·

235 2764 351 2821 πωμεν
380 2737 558 2820 ἑωρακέναι
586 2737 780 2815 θάλασσαν,
811 2732 868 2802 ούκ
897 2738 1134 2821 ἕψευσάμεθα·
1165 2738 1195 2805 εἰ
1220 2738 1255 2802 δέ

235 2860 286 2912 τις
315 2830 468 2901 ἀντείποι
497 2836 598 2918 λέγων
632 2830 685 2899 ὅτι
714 2829 772 2916 οὐχ
804 2833 965 2918 ἑώρακας,
1000 2837 1054 2901 καὶ
1087 2828 1190 2912 αύτὸς
1216 2828 1254 2901 ού

196 2943 227 2993 20
238 2930 406 3015 ψεύδεται.
438 2935 505 2997 ποῦ
522 2931 584 3017 γάρ
600 2932 775 2997 διικνεῖται
788 2931 827 2997 τὸ
844 2931 981 3010 πλάτος,
1005 2934 1072 2997 ποῦ
1087 2930 1127 2996 τὸ
1142 2935 1255 3017 μῆκος,

236 3032 303 3095 ποῦ
325 3028 364 3094 τὸ
386 3028 505 3114 βάθος,
533 3031 601 3094 ποῦ
624 3029 656 3095 οἱ
677 3031 775 3112 μυχοὶ
798 3032 856 3094 τοῦ
878 3033 1004 3112 βυθοῦ,
1028 3032 1081 3095 καὶ
1103 3029 1147 3095 τὰ
1169 3025 1259 3095 διπο-

235 3129 428 3211 τελέσματα,
453 3123 490 3194 ού
515 3125 653 3193 δύναται
674 3126 796 3193 εἰδέναι
814 3124 998 3211 ἄνθρωπος
1013 3125 1068 3192 τόν.
1100 3125 1131 3193 εἰ
1145 3132 1255 3194 τοίνυν

236 3225 278 3291 τὰ
295 3228 372 3310 περὶ
388 3230 454 3291 τῶν
469 3224 657 3308 κτισμάτων
673 3220 779 3301 οὕτως
794 3223 827 3289 ἒν
844 3220 921 3309 ἡμῖν
937 3226 1133 3309 πληροῦται,
1157 3224 1254 3308 πόσῳ

236 3345 272 3404 γε
293 3324 418 3405 μᾶλλον
442 3324 476 3389 ἐν
497 3325 536 3408 τῇ
557 3322 669 3406 χάριτι
689 3310 710 3408 5
733 3321 907 3403 ἐχαρίσατο
934 3317 1050 3398 ὁθεὸς
1064 3320 1255 3407 προφήταις

198 3421 292 3482 κακαὶ
314 3413 534 3497 άποστόλυις;
558 3419 743 3485 ἐθεάσαντο
766 3409 823 3483 ούν
845 3417 883 3482 τὸ
908 3412 944 3482 δν
959 3422 1005 3503 τῷ
1023 3418 1104 3496 όντι,
1128 3420 1183 3484 καὶ
1200 3411 1255 3483 ούκ

237 3513 432 3592 ἐθεάσαντο,
458 3511 526 3581 άλλ)
545 3515 731 3583 ἐθεάσαντο
755 3512 800 3594 ὡς
821 3510 963 3600 ἠδύνατο
978 3512 997 3601 5
1014 3515 1115 3602 φύσις
1131 3521 1252 3602 φέρειν,

236 3613 291 3677 καὶ
314 3605 394 3675 αύτὸ
416 3612 498 3678 κατὰ
519 3611 613 3696 χάριν
636 3614 814 3695 δυνάμεως,
837 3602 876 3699 ἧς
898 3612 1143 3695 ἐνεδυνάμωσέν
1167 3608 1256 3678 δδυ-

237 3708 335 3786 νατὸς
357 3707 391 3773 έν
413 3705 531 3786 άπασι,
556 3709 612 3775 διὰ
635 3712 751 3797 φιλίαν
773 3714 832 3777 τοῦ
855 3707 956 3777 αὐτοῦ
979 3706 1176 3795 ἀνθρώπου,
1202 3710 1255 3776 καλ

237 3805 427 3873 δουλεύοντι
448 3801 536 3891 αύτῷ
560 3805 593 3872 ἒν
617 3803 770 3894 ἀληθείᾳ.
816 3809 872 3875 ἐὰν
895 3798 952 3873 σύν
975 3809 1007 3873 οἱ
1029 3810 1179 3874 τοιοῦτοι
1203 3829 1257 3873 νο·

197 3912 362 3988 δομίσωσι
387 3913 500 3986 χεῖρας
523 3899 609 3970 ούτω
631 3905 688 3971 τὸν
712 3906 794 3973 θεὸν
818 3906 916 3987 έχειν,
946 3901 967 3991 ἢ
990 3900 1208 3990 ὀφθαλμοὺς,
1235 3896 1257 3989 ἢ

236 4002 278 4068 τὰ
306 3999 405 4079 άλλα,
437 4000 492 4068 διὰ
520 4001 558 4066 τὸ
587 3998 693 4081 οὕτως
722 3998 873 4089 ὀφθῆναι
894 4012 967 4080 τοῒς
989 4002 1182 4090 προφήταις
1203 4004 1256 4068 καλ

238 4092 455 4178 άποστόλοις,
480 4101 676 4186 φιλονείκως
699 4104 857 4185 φέρονται
880 4098 1085 4181 ἐλεγχόμενοι
1107 4095 1179 4166 άπὸ
1200 4103 1258 4185 τῆς

238 4189 407 4276 ἀληθείας.
453 4192 537 4263 ἀλλὰ
566 4194 630 4264 ὅσα
654 4198 715 4280 μὲν
738 4196 823 4279 λέγει
846 4196 879 4262 ἐν
901 4200 940 4282 τῇ
963 4203 1044 4284 θείᾳ
1065 4201 1179 4286 γραφῇ
1201 4222 1260 4265 πι-
