2867 5084
579 372 671 420 mm.
693 374 898 419 .u.-tx1x.n‹›1.
1207 365 1245 420 λε’)

231 524 351 590 τούτου
381 523 516 603 ἐξέπεσε
543 524 631 589 κάτω
659 518 879 610 ὑπερηφανίᾳ.
925 519 1038 607 ’ὑμεῖς
1065 522 1143 608 γάρ”
1167 526 1247 609 φησί

232 619 354 701 ’δόξαν
375 620 469 705 παρὰ
491 617 640 707 ἀλλήλων
661 621 859 706 λαμβάνετε,
884 618 946 705 ίγιό
969 620 1005 687 δὲ
1026 614 1065 686 αὑ
1089 621 1173 706 ζητῶ
1189 620 1249 708 τὴν

231 718 376 801 ίμαυτσὺ
404 718 528 798 δόξαν”.
572 720 647 797 πῶς
672 717 734 804 γὰρ
756 712 815 785 οὑκ
837 718 953 785 ἔπεσεν
975 712 995 805 ἡ
1017 712 1249 805 ὑπερηφανίας

231 818 309 895 πῶς
329 810 390 883 σόει
410 814 587 904 ἔθραὺσθη
609 811 628 882 5
650 813 758 901 ἄρχων
779 818 838 882 ταῦ
858 814 999 899 κόσμου,
1020 809 1167 900 Ἡρώδου
1188 816 1248 899 μὲν

201 912 457 1003 Βφυλάτταντας
484 916 537 981 καί
565 919 733 998 κρίνοντος
755 912 814 979 τὸν
835 911 947 999 κριτὴν
970 910 1099 992 ζώντων
1121 915 1175 979 καί
1197 928 1273 981 are-5

229 1014 320 1096 κραῖτ
339 1012 396 1079 καί
416 1010 544 1097 κόριον,
568 1010 719 1077 Πιλάτου
743 1013 779 1077 δὲ
801 1010 1103 1094 προκαθεζαμέναυ,
1125 1004 1249 1095 ὑπηρέ-

229 1132 293 1175 του
327 1108 527 1193 ῥαπίζοντας
562 1107 621 1195 τὴν
657 1107 814 1193 σιαγόνα,
852 1103 956 1174 ’ίαόδα
992 1106 1247 1192 παραδιδόντος,

230 1206 374 1295 Καῖάφα
396 1206 594 1287 δικάζοντος,
614 1201 780 1272 Ἰουδαίων
797 1204 1062 1283 καταπταόντων,
1087 1229 1249 1290 στρατιω-

228 1308 300 1370 τῶν
326 1303 572 1391 κολαφιζόντων
594 1302 738 1390 κεφαλὴν
760 1309 818 1369 τοῦ
841 1306 1021 1387 δυναμένου
1043 1302 1177 1386 νεύματι
1204 1304 1249 1370 εί-

229 1402 333 1487 λῆσαι
364 1396 502 1486 αόρανὺν
535 1404 588 1468 καί
620 1405 698 1487 γῆν,
731 1398 811 1488 αὑτιγ
840 1398 858 1489 ἡ
891 1398 1100 1488 ὑπερηφανία
1127 1404 1181 1467 καὶ
1209 1401 1289 1466 τὸΙο

229 1498 363 1585 θράσος
383 1495 478 1565 καί“
460 1527 479 1587 ιγ
503 1500 584 1578 δόξα
604 1502 670 1564 τῶν
693 1495 885 1583 άιδραίπων
907 1502 965 1565 τοῦ
988 1497 1128 1581 κόσμου,
1153 1487 1250 1577 σὺτσς

227 1586 271 1682 ἦν
295 1590 313 1661 5
335 1594 443 1682 ἅρχων
464 1600 524 1663 ταῦ
545 1596 686 1679 κόσμου,
711 1591 729 1661 5
752 1595 865 1661 πεσὼν
885 1603 996 1678 χαμαί.
1045 1594 1167 1674 πάντες
1187 1595 1249 1681 γὰρ

229 1694 266 1761 σί
299 1696 366 1760 τῶν
401 1689 639 1778 όξιωμάτων)
626 1719 659 1759 εν
687 1696 734 1777 τιό
762 1693 875 1778 κόσμῳ
909 1693 1014 1778 τούτῳ
1043 1692 1076 1759 ἐν
1107 1688 1249 1779 ὑπεροχῇ

228 1790 443 1877 τυγχάνοντες
469 1793 528 1879 τὴν
556 1787 656 1875 ἀρχὴν
685 1792 809 1872 ἔχουσι,
840 1789 895 1857 διά
923 1794 988 1856 τῶν
1017 1788 1248 1909 φρυαγμάτων,

195 1900 219 1949 C
233 1887 296 1955 διὰ
316 1892 372 1955 ταῦ
391 1836 544 1975 θράσόυς
565 1915 619 1955 και
642 1887 759 1967 κάδους
781 1884 873 1955 καίῐ
857 1912 1101 2003 υπερφφανιας,
1126 1876 1171 1952 ὧν
1194 1882 1249 1953 οό-
1234 1900 1288 1950 -15

232 1988 293 2054 δδν
320 1986 354 2054 ἐν
380 1991 427 2074 τῷ
455 1991 578 2073 σωτῆρι
608 1983 755 2073 ηὕρηται.
801 1987 890 2053 λίνον
918 1985 979 2070 γὰρ
1003 1984 1188 2071 τυφόμενον
1210 1981 1249 2052 οὑ

231 2090 348 2171 σβέσει
368 2087 422 2151 καί
445 2085 590 2167 κάλαμον
613 2089 861 2168 τεθραυσμίνσν
883 2108 920 2149 ου
910 2078 1101 2163 ’κατεάξεα

318 2188 369 2251 68.
400 2186 466 2250 Καὶ
489 2181 600 2250 πολλά
613 2204 673 2265 μοι
687 2181 759 2248 ἔστι
776 2185 852 2263 περί
868 2181 986 2247 τούτου
1002 2182 1115 2266 λέγειν.
1147 2181 1249 2248 πόλιν

229 2282 268 2348 δέ
292 2303 396 2367 φησιν
418 2276 436 2346 5
458 2274 558 2359 αὑτὸς
580 2278 701 2365 Μάνης
723 2275 777 2345 ὑτι
800 2274 838 2343 “ὑ
860 2278 958 2357 δεός”
976 2282 1059 2366 φησὶ
1075 2281 1153 2344 “ταὺ
1170 2278 1250 2344 αἰῶ-

229 2402 290 2458 νας
318 2377 436 2444 τούτου
466 2378 636 2465 ἐτύφλωσε
663 2377 705 2443 τὰ
734 2375 882 2462 νοήματα
903 2380 969 2442 τῶν
994 2371 1144 2442 ἀπίστων
1152 2427 1160 2455 ,
1190 2380 1290 2441 τσόλί)

229 2475 276 2563 μὴ
300 2474 505 2561 καταυγόσαι
533 2476 581 2554 είς
602 2474 659 2540 τὸν
682 2472 856 2561 φωτισμόν
877 2477 937 2539 τοὺ
961 2467 1174 2557 εὑαγγελίου”.
1221 2472 1250 2539 εί

230 2572 282 2641 ἔτι
306 2568 325 2640 5
345 2570 428 2651 θεὸς
449 2575 507 2638 τοῦ
529 2571 653 2656 κόσμου
675 2570 803 2650 τούτου,
825 2577 859 2637 τί
881 2568 945 2656 όίρα
968 2570 1078 2637 ίλίίιὺν
1102 2566 1119 2635 ό
1140 2569 1249 2656 σωτὴρ

230 2670 345 2738 ἐποίει
378 2670 424 2749 είς
454 2669 497 2736 τὰ
529 2665 703 2753 ἀλλότρια,·
737 2668 792 2735 καὶ
825 2669 854 2735 εἰ
884 2670 943 2753 μὲν
973 2671 1039 2733 τῶν
1068 2662 1250 2753 ἀλλοτρίων

230 2768 363 2855 ὑφίετο,
394 2762 452 2834 οὑκ
480 2768 551 2834 ἔστι
579 2771 677 2833 τοῦτο
706 2762 854 2884 ἀγαθοῦ,
882 2764 958 2832 οὑδὲ
988 2766 1131 2831 δικαίου·
1163 2790 1190 2832 ει
1184 2766 1250 2832 ’δὲ

198 2865 341 2933 Ινὲνεκεν
362 2868 420 2932 τοῦ
437 2868 545 2931 σῶσαι
559 2854 672 2951 ἢλθεν,
696 2859 755 2930 οὑκ
770 2865 850 2943 ἰ’δια,
874 2859 942 2930 ἀλλ’
962 2859 1128 2946 ἀλλότρια,
1152 2866 1290 2929 τοῦτου

229 2966 288 3031 καί
315 2962 452 3041 κόλακος
478 2962 628 3048 τυγχάνει
658 2962 749 3041 τινὸς
780 2963 981 3046 βουλομένου
1009 2966 1250 3045 προσειταίρειν

229 3157 353 3225 τούτου
374 3147 460 3245 ἦλθε
483 3160 601 3237 σῶσαι,
624 3155 689 3241 άρα
711 3151 799 3243 αὑτῷ
822 3159 868 3243 τῷ
891 3160 962 3242 θεῷ
978 3159 1036 3222 τοὺ
1052 3156 1176 3237 κόσμου
1191 3155 1250 3240 τὴν

229 3257 329 3342 χάριν
355 3262 587 3332 κατατίθεται,
618 3256 689 3320 ίδια
716 3249 816 3321 αὑτοῦ
840 3254 934 3341 σκεύη
958 3252 1162 3337 πειρώμενος
1184 3252 1250 3317 σιό-

231 3354 311 3437 ζειν.
354 3357 410 3421 καί
436 3354 467 3422 εί
493 3348 579 3431 ὅλως
607 3360 883 3436 συγκατατίθεται
906 3347 923 3416 ὑ
948 3351 1027 3428 θεὸς
1049 3353 1107 3414 τοῦ
1130 3348 1290 3429 αίιῦνσςυυ

230 3452 353 3519 τούτου
380 3450 437 3519 ίπί
466 3462 538 3530 τοίς
566 3444 666 3516 αὑτοῦ
695 3449 752 3516 διὰ
779 3452 837 3515 τοῦ
866 3452 1013 3533 σωτῆρος
1041 3448 1248 3528 σωζομένοις,

231 3548 299 3637 ὑρα
328 3544 458 3635 ἆγαθός
478 3548 585 3629 ἐστιν,
614 3546 645 3615 εί
665 3549 719 3613 καί
741 3545 785 3631 μὴ
809 3545 945 3613 δόναται
968 3544 1098 3625 σώζειν,
1127 3550 1249 3628 χαίρων

231 3648 291 3717 ἐντί
323 3649 365 3733 τῇ
397 3650 462 3713 τῶν
495 3646 589 3713 ίδίων
621 3650 777 3733 σωτηρίγ.
822 3645 875 3709 καί
911 3645 1003 3709 ἔσται
1035 3640 1156 3708 λοιπὸν
1188 3650 1249 3727 μία
