2867 5084
271 938 336 1000 ³84
501 951 704 999 σπισισιοκ
721 949 816 1000 xm
834 950 1021 999 ιινιιτιαισ
1037 952 1065 998 r.

268 1097 309 1169 οῦ
330 1101 392 1189 γὰρ
420 1095 460 1167 ἀν
487 1100 531 1187 μή
562 1094 793 1185 ἀποκληρώσει
816 1098 948 1187 φῦοεώς
973 1124 1065 1178 τινος
1092 1103 1207 1167 κοινοῦ
1237 1103 1295 1168 καὶ

268 1200 356 1269 ἰδίου
377 1199 595 1284 μετειληφυῖα
616 1195 635 1284 ή
658 1200 717 1279 μέν
741 1199 860 1275 έποίει,
883 1193 902 1283 ἡ
926 1200 963 1264 δὲ
986 1198 1120 1282 ε’γίνετο.

352 1297 415 1382 μγ.
447 1296 488 1361 Εἰ
515 1299 611 1361 πᾶσα
640 1293 738 1361 οῦσία
767 1296 856 1361 ἐστὶν
884 1291 1073 1381 ἀγέννητος,
1105 1291 1178 1362 οὐδ’
1205 1291 1293 1362 ὃπο-

266 1401 346 1479 τέρα
369 1397 490 1461 διοίσει
511 1398 569 1480 τῆς
591 1391 691 1474 ἀλλης
720 1392 862 1458 κατὰτὸ
885 1387 1081 1459 ἀδέσποτον.
1127 1399 1203 1473 πῶς
1231 1384 1290 1460 οῦν

243 1491 308 1559 δάν
330 1518 381 1570 τις
403 1500 485 1577 (γαίη
508 1491 566 1574 τήν
588 1493 647 1572 μὲν
669 1490 949 1574 μεταβάλλεσθαι,
983 1491 1040 1578 τήν
1065 1493 1100 1558 δὲ
1122 1492 1289 1576 μεταβάλ-

268 1593 346 1669 λειν,
381 1585 439 1656 οῦκ
467 1588 714 1670 ἐπιτρεπόντων
736 1591 783 1673 τῷ
813 1591 885 1673 θεῷ
914 1584 1057 1674 ἀφιστᾶν
1080 1588 1115 1655 έκ
1135 1589 1180 1673 μή
1204 1586 1288 1654 ῦπο-

267 1695 416 1773 κειμένης
438 1682 572 1764 οῦσίας;

352 1784 422 1868 μδ.
452 1786 494 1849 Ei
517 1787 611 1849 πᾶσα
633 1778 731 1847 οἰτσία
754 1781 843 1847 ἐστὶν
866 1779 1055 1870 ἀγέννητος,
1079 1783 1177 1850 πᾶσά
1199 1783 1286 1851 ἐστιν

268 1879 530 1965 ἀπαράλλακτος.
553 1885 610 1964 τῆς
634 1881 667 1944 δὲ
692 1874 808 1956 οῦοίας
823 1879 862 1944 τὸ
878 1875 1133 1964 ἀπαράλλακτον
1152 1881 1284 1966 ἐχούσης

230 1980 305 2045 λθτὸ
329 1990 439 2046 ποιεῖν
462 1982 514 2043 καὶ
538 1976 576 2042 τὸ
599 1976 738 2057 πάσχειν
762 1973 998 2062 αὐτοματισμῷ
1022 1976 1215 2047 ἀναθετέον.
1291 1999 1308 2046 Β

352 2076 411 2161 με’.
443 2077 584 2141 Πολλῶν
608 2076 643 2141 δὲ
673 2072 777 2139 ὄντων
800 2069 982 2160 ἀγεννήτων
1014 2081 1067 2142 καὶ
1091 2073 1285 2162 ἀπαραλλά-

265 2201 351 2242 κτων
372 2170 610 2259 ἀναριθμήτως
632 2174 818 2237 διοίσουσιν
842 2168 1000 2258 ἀλλήλων.
1032 2168 1070 2238 οῦ
1092 2172 1154 2259 γάρ
1175 2169 1215 2240 ἂν
1238 2175 1284 2257 εἴη

267 2267 438 2356 ἀριθμητά
466 2272 507 2337 τὰ
536 2274 698 2338 διεστῶτα
725 2265 924 2355 ήκαθάλοσ,
958 2265 1083 2356 ήκατά
1104 2298 1148 2350 τι,
1179 2271 1290 2356 πάσης

266 2371 473 2447 διαστάσεως
488 2368 720 2452 ἀποκλήρωσίν
736 2393 811 2432 τινα
827 2368 1053 2454 ἐμφαινούσας
1068 2370 1179 2435 αἰτίον
1202 2367 1287 2436 ἀπο·

230 2475 461 2553 Ιδτεταγμένης
484 2464 657 2552 ἀγεννήιοο
682 2464 823 2550 φάσεως.

350 2564 415 2647 μς’.
447 2565 488 2629 Εἰ
509 2565 547 2628 τὸ
571 2558 745 2647 ἀγέννητος
776 2561 830 2626 καὶ
852 2560 891 2627 τὸ
913 2561 996 2641 θεὸς
1019 2564 1053 2630 έκ
1074 2564 1290 2650 παραλλήλου

264 2662 304 2727 τὸ
328 2659 409 2728 αὐτὸ
433 2662 537 2745 δηλοῖ,
573 2656 746 2743 ἀγέννητον
776 2654 949 2745 άγέννητος
977 2654 1160 2748 ἐγέννησεν.
1201 2663 1230 2729 εἰ
1253 2663 1286 2727 δὲ

266 2759 376 2840 ἕτερόν
397 2784 431 2822 τι
455 2759 549 2842 δηλοῖ
570 2757 609 2821 τὸ
632 2751 821 2840 ἀγέννητον,
856 2758 966 2839 ἕτερον
989 2760 1025 2824 δὲ
1047 2758 1086 2824 τὸ
1108 2759 1201 2838 θεὸς,
1232 2756 1287 2825 οῦκ

266 2853 395 2922 ἀτοπον
417 2859 463 2938 τῷ
488 2858 558 2939 θεῷ
580 2853 662 2920 θεὸν
677 2861 909 2940 γεγεννηκέναι,
933 2856 1086 2939 ἑκατέρου
1102 2857 1161 2944 τήν
1180 2854 1320 2943 ῦπαρψ

226 2956 318 3033 εοξιν
341 2951 501 3036 λαβόντος
524 2953 558 3030 ἐξ
580 2945 754 3038 ἀγεννήτοσ
778 2948 902 3029 οῦοίας.

350 3049 418 3134 μζ.
449 3051 491 3115 Εἰ
514 3049 609 3116 δὲτὸ
632 3049 700 3133 πρὸ
723 3054 781 3115 τοῦ
798 3054 881 3115 θεοῦ
895 3052 998 3135 μηδὲν
1014 3052 1074 3137 ελή,
1099 3049 1214 3139 ὥσπερ
1231 3047 1286 3119 οῦκ

265 3148 346 3226 ἔστι,
370 3147 409 3213 τὸ
432 3148 514 3226 θεὸς
536 3151 588 3213 καὶ
612 3145 651 3212 τὸ
672 3142 846 3232 ἀγέννητον
861 3151 981 3213 ταυτὸν
999 3149 1103 3234 δηλοῖ,
1127 3146 1166 3216 οῦ
1182 3174 1289 3235 προσ·
1345 3176 1353 3185 ·

266 3253 395 3327 ιεμένοσ
416 3249 475 3310 τοῦ
498 3244 696 3331 γεννήματος
718 3245 757 3307 τὸ
781 3240 964 3330 ἀγέννητον.
996 3245 1049 3310 διὸ
1065 3242 1141 3314 οῦδὲ
1157 3248 1197 3314 τὸ
1212 3273 1289 3315 συκ-
1342 3273 1352 3283 ·

265 3351 492 3430 εκιρωνεῖσθαι
513 3347 560 3427 τῷ
584 3344 654 3426 θεῷ
677 3344 731 3406 καὶ
756 3342 860 3426 πατρὶ
883 3339 983 3408 αὐτοῦ
1008 3339 1165 3426 ἀνέχεται.

226 3460 256 3508 κ)
346 3437 563 3523 Ἐρρωμένοος
585 3441 638 3504 καὶ
663 3438 849 3521 ἐρρωμένας
871 3437 955 3522 ῦμᾶς
984 3436 1072 3507 δῶν
1095 3437 1288 3529 αῦτογέννη·
1347 3468 1352 3475 ·

265 3564 322 3616 τος
345 3538 434 3615 θεὸς,
466 3535 562 3603 ὁκαὶ
582 3535 684 3618 μόνος
706 3531 869 3621 ἀληθινὸς
893 3536 974 3616 θεὸς
1003 3545 1288 3626 προσαγορευθείς
1340 3554 1353 3565 ”

264 3631 332 3702 ῦπὸ
355 3639 412 3700 τοῦ
436 3629 682 3710 ἀποσταλέντος
702 3628 805 3718 Ἰησοῦ
828 3640 989 3716 Χριστοῦ,
1013 3632 1231 3720 ,ὑποστάντος
1251 3664 1285 3705 τε

264 3729 402 3820 ἀληθῶς
424 3731 490 3814 πρὸ
514 3731 653 3808 αίῶνων,
677 3733 730 3795 καὶ
755 3728 851 3808 ὄντος
868 3729 1005 3818 ἀληθοῦς
1027 3739 1181 3821 γεννητής
1204 3731 1285 3802 ῦπο-

264 3833 421 3909 στάσεως,
439 3827 630 3913 διατηρήσει
646 3821 715 3917 ἀπὸ
731 3831 790 3913 τῆς
806 3824 967 3912 ἀσεβείας,
985 3831 1018 3897 έν
1030 3837 1169 3919 Χριστῷ
1183 3828 1339 3921 Ἰησοῦῠ

224 3933 310 4014 ἀστῷ
333 3935 432 4012 κυρίην
456 3921 558 4011 ἡμῶν,
581 3922 630 3989 δι’
656 3914 695 3989 οῦ
718 3930 814 3991 πᾶσα
837 3927 918 4005 δόξα
941 3932 987 4014 τῷ
1009 3931 1124 4013 πατρὶ,
1152 3933 1208 3998 καί
1230 3934 1283 3998 νῦν

264 4029 317 4092 καὶ
342 4021 394 4091 ἀεὶ
415 4024 470 4088 καὶ
494 4024 541 4101 εἷς
561 4021 639 4100 τοὺς
662 4023 786 4100 αἰῶνας
808 4027 874 4089 τῶν
898 4026 1036 4093 αἰώνων.
1076 4024 1173 4117 ἀμήν.

371 4132 617 4230 Πεπλήρωται
643 4133 686 4207 τὸ
716 4131 913 4235 σι’νταγμα
943 4147 1020 4211 τῶν
1039 4139 1195 4215 Ἀετίου.
