2867 5084
249 264 310 315 Ῑιῖιλλ
477 274 673 316 λ·ζίλί’ί’.·ίλ“λ(>λ’
696 272 786 315 ΜΗ
807 271 989 317 ,ίλΡλὶὲλὶΩΥ
1010 274 1032 316 Γ.

247 424 357 489 τεκαὶ
380 416 654 505 ἀποκαλύψαντες
682 416 758 503 παρ’
784 419 899 506 ἑκάστη
929 427 962 485 τί
991 419 1183 502 πράττεται,
1215 416 1258 498 ῶς

244 518 331 585 κατὰ
351 518 409 606 τήν
430 514 589 606 ἡμετέραν
611 513 796 585 ὑπόστασιν
817 521 875 603 τῆς
897 512 1061 596 ἀσθενοῦς
1076 512 1260 601 ἀνθρωπό-

235 636 352 703 ’τητος
390 615 453 694 ἕως
472 615 533 701 γάρ
557 615 703 683 ἐνταῦθα
718 610 917 701 ὀγδοήκοντα
932 615 1098 700 αἱρέσεων,
1121 604 1170 680 ῶν
1188 615 1261 702 ἔτη-

245 712 392 800 χήθημεν
413 715 460 799 τῷ
482 712 594 800 κόσμῳ
615 715 668 780 καὶ
692 713 832 798 ἔγνωμεν
859 711 917 779 τὸν
945 707 1091 796 άριθμὸν
1122 711 1179 779 καὶ
1200 713 1261 793 τὰς

218 803 427 894 σόνομασίας
448 813 501 877 καί
522 812 621 877 τινῶν
642 810 702 888 τὰς
723 810 843 897 ῥήσεις,
865 810 1054 897 προφάσεις
1065 835 1102 877 τε
1115 812 1172 877 καλ
1187 816 1285 894 σχέο

248 932 326 987 σεις,
348 907 408 986 τὰς
430 902 533 992 ὁρμὰς
553 910 606 974 καὶ
622 909 664 974 τὰ
678 909 771 974 α’ίτια
786 902 1045 992 άπαραλεέπτως
1061 904 1261 989 ὑποδείξαι-

245 1030 308 1084 τες,
332 1007 522 1090 θαυμασμῷ
545 1005 721 1093 φερόμενοι
736 1004 994 1090 ἐκπεπλήγμεθα
1015 1005 1053 1070 τὸ
1074 1004 1108 1072 ἐν
1122 1008 1163 1093 τῇ
1180 1011 1261 1094 θείᾳ

245 1106 355 1189 γραφῇ
389 1103 555 1187 εἰρημένον
589 1098 641 1168 ότι
674 1103 847 1189 ’έξήκοντά
880 1103 944 1169 εἶσι
965 1106 1171 1187 βασίλισσαι,
1204 1107 1259 1171 καλ

249 1196 446 1285 ὀγδοήκοντα
468 1201 643 1277 παλλακαὶ,
667 1200 721 1266 καὶ
745 1199 888 1278 νεάνιδες
916 1190 961 1266 ῶν
990 1195 1046 1266 οῦκ
1074 1202 1163 1267 ἔστιν
1186 1198 1261 1286 άρι·

208 1297 351 1380 ἰσθμός·
379 1303 440 1379 μία
463 1296 531 1364 έστλ
561 1297 740 1382 περιστερά
761 1321 834 1381 μου,
863 1300 971 1365 τελεία
992 1301 1086 1381 μου.”
1128 1294 1175 1377 ῶς
1201 1289 1260 1365 οῦν

246 1393 323 1477 περὶ
345 1397 411 1460 τῶν
433 1396 610 1460 παλλακῶν
631 1394 757 1460 τούτων
788 1397 854 1460 τῶν
877 1390 1073 1480 ὀγδοήκοντα
1096 1396 1260 1483 εἰρηκότες

245 1488 302 1558 ἀπ’
320 1487 427 1579 άρχής,
450 1496 686 1578 Βαρβαρισμοῦ
708 1495 763 1558 καὶ
774 1489 983 1578 Ἑλληνισμοῦ
999 1492 1053 1559 καὶ
1063 1498 1258 1578 Σκυθισμοῦ

245 1593 297 1656 καί
317 1585 522 1672 Ἰουδαίαμοῦ
544 1593 595 1656 καλ
611 1594 888 1675 Σαμαρειτισμοῦ,
913 1587 1093 1672 ὀνομασίας
1115 1594 1182 1657 τῶν
1201 1588 1258 1659 σῦκ

246 1682 353 1755 οῦσῶν
376 1686 546 1770 ἕνθέσμων
567 1692 737 1772 γυναικῶν,
762 1682 837 1754 οῦδὲ
861 1682 929 1753 άπὸ
944 1691 1002 1752 τοῦ
1016 1691 1182 1771 βασιλέως
1197 1706 1282 1758 rte-n

209 1792 497 1867 εσπροικισμένων,
534 1780 610 1852 οῦδὲ
638 1786 671 1851 έν
700 1785 877 1869 διαθήκαις
907 1789 972 1851 τῶν
1001 1792 1119 1851 τέκνων
1149 1783 1258 1854 αῦτῶν

245 1884 455 1969 κληρονομεῖν
478 1886 674 1965 δυναμένων.
715 1881 813 1969 φύσει
840 1884 899 1964 μὲν
926 1882 986 1968 γάρ
1010 1883 1093 1950 εἰσιν
1116 1884 1258 1973 ἑβδομή-

167 2029 172 2038 .
245 2004 344 2046 κοντα
362 1987 468 2058 πέντε,
491 1978 691 2046 καὶτούτων
714 1981 748 2045 αἱ
770 1986 905 2066 μητέρες
926 1987 1033 2061 πέντε,
1056 1977 1173 2067 ῶσπερ
1191 1980 1258 2050 Ἔλ-

245 2077 411 2162 ληνισμὸς,
436 2072 492 2164 ἀφ’
507 2066 545 2141 οῦ
559 2073 717 2161 Ἓλληνες,
740 2080 793 2143 καί
813 2074 1023 2161 Ἰουδαϊσμδς
1046 2073 1103 2165 ἀφ’
1121 2071 1162 2145 οῦ
1180 2076 1257 2148 ’1ου-

244 2175 335 2239 δαῖοι
356 2176 408 2238 καὶ
432 2174 582 2255 αἱρέσεις,
616 2175 670 2239 καὶ
692 2175 921 2257 Σαμαρειτικέ,
950 2171 1007 2262 ἀφ’
1032 2166 1069 2242 οῦ
1091 2184 1257 2263 Σαμαρει-

204 2268 360 2353 κστισμὸς
381 2273 433 2336 καὶ
449 2271 720 2355 Χριστιανισμὸς,
745 2270 800 2358 ἀφ’
820 2262 858 2338 οῦ
880 2273 1123 2360 ἐξεκλάσθησαν
1140 2273 1256 2362 ῶσπερ

244 2368 359 2435 κλάδοι
387 2367 422 2434 αἱ
444 2365 686 2456 άφορισθεῖσαι
714 2371 871 2455 αίρέοεις,
904 2371 950 2449 είς
978 2369 1082 2455 ὄνομα
1104 2377 1256 2458 Χριστοῦ

242 2468 428 2553 κληθεῖσαι,
451 2467 494 2553 μή
518 2456 613 2533 οῦσαι
636 2468 671 2532 δὲ
694 2462 804 2546 αὐτοῦ,
832 2462 900 2533 ἀλλ’
925 2468 959 2533 αλ
981 2470 1040 2552 μὲν
1063 2464 1131 2535 άπὸ
1155 2472 1257 2559 μήκο-

243 2571 304 2630 θεν
328 2561 427 2629 αίτοῦ
447 2564 534 2630 πολὺ
551 2566 737 2643 διεστῶσαι,
762 2565 796 2629 αἱ.
812 2566 847 2630 δὲ
863 2564 919 2631 διά
933 2591 966 2631 τι
982 2566 1152 2648 ἐλάχιστον
1169 2564 1257 2635 ἀπο·
1264 2582 1309 2637 1οη

244 2662 463 2746 κληρονόμους
483 2664 535 2727 καὶ
560 2663 651 2740 ξένας
675 2656 774 2727 αῦτοῦ
791 2662 908 2742 ἑαυτὰς
929 2663 1179 2750 καταστήσασαι
1201 2668 1255 2733 καί

204 2757 285 2826 κατὰ
307 2752 414 2823 αῦτῶν
435 2764 530 2824 τέκνα
552 2762 617 2824 τῶν
640 2756 696 2824 οῦκ
724 2753 830 2825 οῦσῶν
853 2760 1032 2844 ἐνθέσμανν,
1057 2763 1118 2841 ’ἔξω
1141 2764 1180 2830 δέ
1199 2771 1257 2847 βε·

242 2858 394 2941 βηκυιῶν,
426 2855 527 2937 μόνον
557 2857 592 2920 δὲ
619 2856 658 2922 τὸ
681 2854 784 2939 ὄνομα
813 2857 1070 2944 ἐπικεκλημένοι
1091 2864 1256 2943 Χριστοῦ,

242 2951 542 3039 περιλειφθήσεται
562 2948 640 3037 ἡμῖν
661 2949 679 3040 ή
702 2957 779 3040 περὶ
803 2949 963 3041 ἀληθείας
985 2950 1168 3038 ἀπόδειξις,
1196 2956 1257 3026 αῦ-

240 3053 299 3137 τῆς
320 3075 355 3115 τε
376 3051 434 3135 τής
456 3054 651 3134 περιστερᾶς
671 3053 729 3138 τῆς
742 3051 934 3139 μονωτάτης
951 3049 1018 3120 άπὸ
1032 3057 1091 3120 τοῦ
1107 3065 1257 3145 νυμφίου

241 3147 486 3232 ἐπαινουμένης.

202 3252 233 3304 ³0
328 3252 375 3311 11.
413 3246 480 3310 Καὶ
508 3242 541 3310 έν
570 3246 669 3330 σχολῇ
696 3241 788 3334 ήμῶν
820 3253 1000 3332 γενομένων
1032 3252 1087 3315 καλ
1119 3252 1258 3339 σφόδρα

241 3341 473 3410 ἱκετευσάντων
495 3343 577 3410 θεὸν
605 3342 766 3427 σύντομον
793 3346 852 3428 μέν
874 3348 914 3431 τή
937 3347 1081 3433 διαλογῇ,
1116 3341 1257 3437 damah}

241 3439 277 3504 δὲ
298 3442 337 3525 τῇ
359 3438 544 3526 παραδόσει
572 3443 627 3506 καὶ
647 3435 732 3525 ῦπὲρ
755 3436 915 3528 ἀληθείας
943 3438 1125 3529 ἀπολογίαν
1147 3445 1185 3513 έν
1207 3451 1256 3535 τῷ

241 3533 313 3618 ἑξῆς
335 3538 558 3621 ποιησόμεθα,
582 3531 639 3604 οῦκ
660 3533 761 3622 αῦτῆς
775 3535 912 3625 ὑστέρας
927 3539 1034 3628 οὔσης,
1059 3537 1142 3608 όλλά
1158 3545 1258 3631 πρῶτ
