2867 5084
580 990 700 1042 mm.
721 992 919 1042 ιιιιιιοειοι.
1202 982 1264 1046 323

206 1145 300 1210 οτοό
322 1139 407 1225 ὑπὲρ
432 1147 554 1227 σοφίαν
577 1144 630 1207 καὶ
654 1141 802 1223 δίναμιν,
827 1138 911 1224 ὑπὲρ
935 1140 951 1207 ό
974 1144 1193 1228 φθέγξασθαι
1208 1146 1265 1211 δό-

239 1266 340 1305 ναται
361 1243 500 1324 γλῶττα,
525 1235 608 1323 διτὶρ
630 1238 794 1324 ὃκινηοσι
811 1238 952 1304 διάνοια.
983 1247 1124 1326 γέννημα
1140 1242 1265 1309 τέλειόν

238 1362 276 1402 τε
298 1340 353 1401 καλ
382 1343 495 1418 μένον,
533 1335 566 1401 ἔκ
594 1338 721 1401 τελείου
749 1339 803 1402 καὶ
832 1341 988 1417 μένοντος
1017 1337 1051 1403 έν
1078 1338 1264 1424 ταυτότητι,

212 1428 299 1507 ,οόκ
328 1430 539 1517 όπορρεόσαν
568 1433 602 1498 ἐκ
629 1433 771 1515 πατρὸς,
814 1427 890 1499 οὐδὲ
919 1429 1117 1520 ἀποτμηθὲν
1146 1462 1181 1502 τε
1208 1434 1265 1502 καὶ

239 1533 423 1613 διαιρεθὲν,
456 1526 524 1597 ἀλλ’
551 1527 698 1607 άπαθιός
725 1538 777 1595 καὶ
802 1526 987 1615 ὁλοκλήρους
1015 1533 1195 1613 προελθὸν,
1230 1533 1289 1599 έκ5

237 1631 299 1694 τοῦ
322 1629 423 1711 μηδὲν
447 1624 714 1711 ἀποβεβληκότος
738 1618 782 1692 ὧν
806 1622 880 1709 εἶχε.
922 1630 975 1692 καὶ
999 1624 1052 1692 ότι
1075 1628 1171 1713 λόγος
1194 1630 1265 1695 ἔστι

238 1728 352 1791 τεκαὶ
377 1729 505 1810 λέγεται
528 1724 611 1802 υίὸς,
642 1720 679 1789 οό
709 1724 772 1810 μὴν
802 1724 894 1809 φυννη
925 1725 1149 1808 τοῦπατρὸς,
1188 1720 1265 1792 οόδδ

238 1823 330 1907 ῥῆμα
352 1833 487 1888 νοεῖται.
535 1818 694 1907 ὑφέστηκε
716 1822 778 1905 γὰρ
806 1818 888 1886 καθ’
914 1822 1031 1888 ἑαυτὸν
1054 1827 1107 1889 καὶ
1131 1822 1263 1906 ἐνεργεῖ,

237 1921 294 1984 καλ
319 1916 366 1984 δι’
385 1914 485 1984 αότοῦ
507 1917 549 1983 τά
571 1918 691 1997 πάντα,
715 1924 768 1983 καὶ
786 1918 819 1983 έν
835 1914 925 2004 αὐτῷ
948 1918 989 1985 τόι
1004 1920 1124 1999 πάντα,
1149 1917 1264 2004 ὥσπερ

191 2019 292 2082 §mai
319 2023 424 2102 ampla
448 2012 465 2079 ὁ
488 2011 588 2093 αότός
611 2010 655 2081 τόν
679 2011 737 2080 οόκ
760 2015 936 2102 ἐνθύμημα
956 2020 1015 2081 τοῦ
1034 2017 1163 2101 πατρὸς
1177 2030 1304 2085 νοεῖ-10

238 2139 312 2191 ται,
347 2109 423 2178 οόδὲ
446 2120 572 2198 κίνησις
593 2116 652 2178 τοῦ
679 2110 874 2199 Ιἡγεμονικοῦ
903 2118 956 2180 καὶ
986 2115 1146 2198 ἐνέργεια,
1180 2111 1265 2182 άλλδι

238 2217 382 2295 γέννημα
405 2206 521 2292 ὅμοιόν
544 2213 660 2276 τετοῦ
684 2208 813 2293 ιτατρός
835 2209 889 2276 καὶ
912 2211 969 2276 τόν
990 2215 1177 2297 χαρακτῆρα
1204 2215 1264 2277 τοῦ

238 2309 369 2391 πατρὸς
399 2303 562 2391 ἀκριβοῦν.
608 2311 726 2373 τοῦτον
755 2308 816 2392 γὰρ
840 2303 858 2370 ό
882 2308 992 2391 πατὴρ
1022 2308 1221 2394 ἐσφράγισεν
1245 2305 1264 2374 ό

236 2403 337 2482 θεός,
376 2404 431 2470 καὶ
460 2401 517 2487 οόχ
551 2405 651 2490 ἑτέρην
684 2407 744 2489 μὲν
778 2403 969 2485 ἐνυπάρχει,
1011 2400 1068 2486 υόχ
1104 2401 1264 2490 ὑφέστηκε

239 2504 275 2569 δὲ
310 2496 393 2567 καθ’
426 2502 539 2580 ἑαυτό,
585 2497 670 2566 ἀλλὰ
702 2508 844 2586 γέννημα
877 2502 1078 2587 ἐνεργητικόν
1115 2501 1170 2568 καί
1204 2520 1304 2571 rte-15

238 2599 380 2682 ποιηκός
402 2599 478 2664 τόδε
505 2599 544 2665 τό
568 2603 636 2664 πᾶν
659 2602 712 2664 καὶ
738 2598 905 2685 φυλάττον
934 2595 996 2666 άεί.
1037 2602 1141 2665 ταῦτα
1169 2599 1264 2667 λκανδ

238 2699 292 2761 καὶ
337 2700 395 2781 τῆς
429 2692 586 2780 Ἑλλήνων
623 2697 751 2781 πλάνης
786 2691 870 2781 ἡμᾶς
906 2700 959 2761 καὶ
996 2700 1054 2781 τῆς
1087 2692 1264 2783 Ἰουδαϊκῆς

239 2792 522 2879 ἐθελοθρησκείας
551 2794 777 2878 ἐλευθερῶσαι
805 2796 859 2858 καὶ
889 2796 948 2880 τῆς
976 2795 1139 2879 αλρετικης
1167 2818 1264 2860 κακο-

239 2891 363 2968 δοξίας.

186 2991 221 3043 Β
325 2995 376 3053 31.
405 2982 537 3072 Ἐπειδὴ
562 2989 597 3053 δὲ
619 2991 685 3053 τῶν
708 2988 742 3054 έν
764 2998 838 3065 ταῖς
860 2998 1005 3072 γραφαῖς
1030 2995 1187 3071 κειμένων
1211 2992 1303 3061 λέ-κο

236 3086 321 3164 ξεων
345 3084 402 3149 τόν
429 3089 506 3150 νοόν
522 3092 792 3169 παρατρέποντές
807 3109 894 3160 τινες
917 3087 970 3148 καὶ
987 3084 1105 3170 ἑτέρως
1120 3081 1140 3171 ἢ
1156 3110 1262 3170 προσ-

234 3184 313 3268 ἧκεν
336 3180 575 3267 ἑρμηνεύοντες,
600 3185 652 3247 καὶ
675 3181 757 3266 μήτε
779 3184 844 3246 τῶν
868 3182 1021 3265 ῥημάτων
1043 3183 1101 3266 την
1124 3181 1262 3263 δύναμιν

228 3278 320 3366 μήτε
341 3281 407 3343 τῶν
430 3277 633 3363 πραγμάτων
655 3279 713 3364 την
737 3277 838 3364 φάσιν
872 3281 1108 3355 κατανοοῦντες
1132 3282 1262 3362 τολμῶ-

230 3400 290 3445 σιν
314 3371 450 3443 άθετεῖν
473 3376 531 3463 τὴν
553 3376 700 3462 θεότητα
728 3377 786 3440 τοῦ
812 3374 899 3449 υἱοῦ,
930 3374 1200 3456 προσκόπτοντες
1221 3379 1261 3462 τῇ

228 3475 325 3553 λέξει
346 3476 405 3559 τῆς
426 3480 563 3551 κτίσεως
585 3477 623 3558 τῇ
641 3473 846 3558 έμφερομένη
862 3480 937 3547 ταῖς
951 3477 1158 3557 Παροιμίαις
1187 3473 1302 3544 *κύ-25

220 3594 310 3658 ριος
330 3568 393 3655 γὰρ
416 3571 523 3637 έκτισέ
544 3595 585 3653 με
608 3566 707 3656 ἀρχὴν
732 3564 817 3632 ὁδῶν
840 3561 942 3632 αὐτοῦ
965 3569 1011 3646 είς
1033 3570 1110 3655 ἔργα
1126 3566 1226 3637 αὐτοῦ
1237 3574 1262 3607 ·”

219 3667 293 3746 οὓς
316 3667 392 3733 δέον
413 3670 461 3753 τῷ
485 3668 649 3749 πνεύματι
670 3668 717 3750 τῷ
735 3665 955 3743 ζωοποιοῦντι
974 3661 1183 3747 ἀκολουθεῖν,
1207 3671 1260 3733 καί

214 3765 276 3851 μὴ
302 3767 351 3849 τῷ
373 3765 541 3849 γράμματι
562 3768 609 3849 τη]
625 3762 866 3830 ἀποκτείναντι.
902 3761 1017 3847 τὸγὰρ
1032 3768 1163 3848 πνεῦμα
1179 3765 1261 3843 ζωο-

185 3859 340 3930 ζποιεῖ.
366 3868 445 3947 φέρε
461 3862 510 3949 δὴ,
522 3861 738 3946 τολμησωμεν
756 3856 812 3922 καὶ
827 3853 921 3944 ἡμεῖς
931 3860 1032 3943 μικρὰ
1043 3860 1122 3945 περὶ
1133 3861 1260 3926 τούτων

217 3960 419 4043 διαλαβεῖν,
443 3955 501 4042 σόχ
524 3955 577 4025 ὅτι
599 3953 657 4023 οόκ
680 3956 817 4031 ἐντελῶς
840 3956 969 4040 εἴρηται
990 3967 1063 4036 τοῖς
1083 3956 1151 4042 πρὸ
1165 3953 1299 4042 ἡμῶνῖσ

216 4057 402 4143 εἰρηκόσιν
424 4051 456 4143 (ἢ
475 4056 536 4142 γὰρ
561 4050 600 4122 όν
622 4051 778 4156 periton&
800 4076 860 4130 τις,
886 4051 915 4117 εἰ
936 4056 1035 4119 τοῦτο
1059 4055 1159 4139 λέγοι)
1183 4048 1260 4120 οὐδὲ

219 4146 286 4221 ὅτι
308 4153 443 4240 χρῄζετε
471 4153 686 4230 διδάσκοντας
716 4143 823 4227 (αὐτοὶ
846 4147 906 4233 γάρ
930 4144 1023 4229 ὑμεῖς
1044 4151 1261 4217 θεοδίδακτοί

226 4247 322 4328 ἐστι)
344 4244 415 4316 ἁλλ’
432 4251 488 4319 ἵνα
503 4252 753 4338 φανερωθῶμεν
775 4244 809 4313 ἐν
824 4256 899 4325 ταῖς
914 4246 1139 4333 συνειδήσεσιν
1154 4243 1258 4333 ἡμῶν,

1052 4349 1107 4402 21*
