2867 5084
236 954 294 1013 150
456 966 661 1014 σιττψιστοτ
680 967 774 1014 mu
792 966 979 1017 κτενεττασ
995 968 1025 1014 τι.

178 1181 180 1184 .
231 1115 383 1192 αἰωνίων,
409 1109 449 1179 δι’
468 1104 506 1179 οό
529 1118 581 1180 καί
602 1114 679 1193 τοίς
694 1115 818 1194 αἰῶνας
832 1119 884 1181 καί
901 1115 943 1180 τά
957 1111 1062 1179 λοιπὰ
1077 1122 1251 1199 πεποίηκε,

230 1213 429 1298 γεννήσαντα
453 1212 488 1276 δὲ
512 1206 549 1276 οἰ·
574 1212 712 1298 δοκήσει,
745 1208 813 1278 ἀλλ’
839 1208 991 1299 ἀληθείᾳ,
1018 1206 1254 1298 ὑποστήσαντα

232 1312 267 1375 δὲ
291 1310 365 1394 ἰδίην
388 1309 561 1394 θελήματι,
586 1306 750 1392 ἄτρεπτον
779 1313 830 1375 καί
862 1305 1101 1388 ἀναλλοίωτον,
1133 1315 1253 1392 κτίσμα

231 1410 289 1471 τοῦ
312 1409 395 1472 θεοῦ
418 1408 552 1484 τέλειον,
577 1401 645 1471 ἀλλ’
672 1402 729 1488 οὐχ
753 1403 797 1484 τός
820 1410 853 1472 ἓν
875 1410 941 1471 τῶν
960 1405 1159 1487 κτισμάτων,
1184 1412 1251 1491 γέν-

208 1522 326 1590 5νημα,
350 1499 418 1569 ἀλλ’
444 1498 501 1584 οἰχ
524 1498 569 1580 τός
592 1506 625 1569 ἓν
648 1507 713 1568 τῶν
736 1504 960 1589 γεννημάτων6
995 1498 1067 1569 οὐδ’
1093 1500 1139 1580 ὡς
1166 1498 1251 1570 Οἰα-

232 1603 376 1679 λεντῒνος
399 1600 567 1685 προβολήν
590 1601 627 1664 τό
650 1607 790 1686 γέννημα
812 1604 869 1665 τοῦ
886 1600 1013 1684 πατρός
1029 1600 1251 1685 ἐδογμάτισεν,

233 1694 305 1763 οὐδ’
332 1694 376 1774 ιῦς
400 1693 417 1761 ό
442 1704 632 1777 Μανιχαῒος
653 1704 753 1781 μέρος
777 1693 954 1780 όμοοόσιον
983 1701 1041 1762 τοῦ
1066 1697 1195 1782 πατρὸς
1217 1697 1252 1762 τὸ

232 1801 373 1879 γέννημα
397 1793 606 1878 εἰσηγήσατο,
637 1790 708 1860 οὐδ’
736 1793 780 1873 ὡς
802 1798 982 1879 Σαβέλλιος
1005 1792 1022 1858 ό
1045 1795 1102 1881 τήν
1125 1796 1252 1879 μονάδα

234 1894 372 1974 διαιρῶν
395 1888 581 1973 νὶοπάτορα
604 1887 704 1969 εἶπεν,
730 1888 802 1957 οὐδ’
822 1890 866 1970 τός
886 1888 1025 1976 Ἱερακᾶς
1048 1892 1163 1974 λύχνον
1185 1888 1289 1957 &mim

197 1988 358 2070 ιολόχνοσ,
385 1982 403 2073 ή
426 1983 471 2065 ὡς
494 1988 653 2068 λαμπάδα
676 1990 723 2067 εἰς
746 1991 814 2055 δύο.
852 1986 927 2055 οὐδὲ
952 1991 1007 2055 τόν
1032 1988 1111 2055 όντα
1134 1989 1251 2072 πρότε-

233 2112 300 2170 ρον,
325 2081 461 2166 όστερον
483 2091 691 2170 γεννηθέντα,
716 2082 737 2173 ἢ
761 2087 998 2153 έπικτισθέντα
1023 2087 1068 2165 εἰς
1091 2086 1178 2165 υἱὸν,
1211 2082 1251 2162 ὡς

234 2188 285 2251 καί
311 2182 350 2249 σί·
375 2180 482 2260 αὐτὸς,
505 2182 645 2266 μακάριε
664 2183 780 2262 Πάπα,
806 2185 839 2250 ἰν
861 2191 945 2271 μέση
968 2210 1004 2250 τε
1027 2185 1179 2271 ἐκκλησίᾳ
1201 2186 1250 2248 καί

235 2283 392 2367 συνεδρίῳ
416 2278 609 2359 πλειστάκις
638 2282 714 2360 τοὺς
743 2285 845 2346 ταῦτα
870 2283 1146 2367 εἰσηγησαμένους
1169 2275 1249 2365 άπη·

233 2380 401 2465 γόρεσσας,
427 2374 495 2443 ἀλλ’
515 2375 559 2455 ὡς
582 2381 699 2464 ηαμίν,
726 2379 890 2463 θελήματι
907 2383 963 2444 τοῦ
981 2383 1074 2456 θεοῦ,
1098 2377 1166 2460 πρὸ
1179 2376 1251 2460 χρό-

198 2496 224 2545 15
235 2505 298 2543 νιον
321 2480 372 2541 καὶ
397 2476 463 2557 πρὸ
487 2476 616 2542 αἰώνων
639 2483 827 2555 κτισθέντα,
856 2476 910 2542 καὶ
933 2477 970 2541 τό
995 2477 1048 2561 ζήν
1072 2478 1124 2540 καί
1149 2475 1187 2540 τὸ
1210 2469 1251 2540 εἰ·

235 2602 286 2641 ναι
311 2571 404 2655 παρὰ
426 2575 484 2636 ’τοῦ
508 2573 634 2654 πατρὸς
658 2574 833 2658 εἰληχότα,
868 2577 921 2639 καί
951 2573 1010 2651 τάς
1039 2573 1138 2652 δόξας
1161 2596 1252 2638 σνντ-

234 2670 465 2755 ποστήσαντος
488 2664 576 2753 αὐτῷ
599 2673 656 2735 τσῦ
680 2670 824 2754 πατρός·
861 2668 896 2737 οό
921 2671 981 2754 γάρ
1006 2667 1023 2734 ό
1046 2670 1156 2755 πατήρ
1181 2670 1253 2747 δοὺς

235 2761 323 2850 αότηῖ
353 2766 487 2830 πάντων
516 2764 573 2849 τήν
602 2769 819 2853 κληρονομίαν
852 2768 1023 2854 ἰστέρησεν
1053 2768 1169 2834 ἑαυτὸν
1197 2768 1252 2832 τοῦ

235 2861 416 2948 άγεννήτιος
440 2863 522 2942 ἔχειν
546 2863 579 2929 έν
602 2864 724 2950 ἑαυτῷ·
750 2863 835 2951 πηγή
859 2864 919 2950 γάρ
945 2865 1014 2931 ἰστι
1038 2865 1182 2932 πάντων.
1264 2870 1290 2920 Β

197 2979 227 3028 20
321 2967 349 3026 8.
373 2955 471 3024 Ὥστε
495 2971 583 3042 τρεῖς
607 2963 689 3028 εἰσιν
713 2958 933 3041 ὑποστάσεις,
958 2961 1084 3047 πατήρ,
1110 2962 1180 3040 οἰὸς
1201 2964 1252 3027 καί

236 3054 329 3142 άγιον
352 3060 491 3140 πνεῦμα.
523 3062 575 3123 καί
601 3055 618 3123 ό
640 3062 699 3142 μὲν
724 3059 804 3137 θεός
827 3061 934 3137 αἰτιος
949 3064 1014 3125 τῶν
1030 3062 1165 3125 πάντισν
1182 3085 1254 3142 τιγ-

233 3156 340 3238 χάνισν
370 3153 459 3221 ἐστὶν
489 3153 643 3239 ἄναρχος,
673 3158 879 3239 μονώτατος,
912 3153 929 3220 ό
960 3160 994 3223 δὲ
1020 3157 1088 3235 οἶός
1110 3153 1254 3240 άχρόνιος

234 3257 404 3338 γεννηθεὶς
427 3249 493 3317 ὑπὸ
522 3257 580 3317 τοῦ
612 3254 740 3338 πατρός
768 3253 822 3319 καί
852 3254 919 3337 πρὸ
948 3254 1077 3321 αἰτόνων
1105 3257 1255 3331 κτισθείς

235 3353 287 3414 καί
318 3352 541 3432 θεμιλιωθείς
570 3344 626 3416 οἰκ
659 3341 697 3436 ήν
729 3351 795 3434 πρὸ
829 3355 887 3416 τοῦ
918 3355 1131 3437 γεννηθῆναι,
1173 3347 1256 3417 άλλά

197 3442 380 3530 κῡάχρόνως
404 3446 469 3529 πρό
493 3446 628 3513 πάντων
651 3453 821 3534 γεννηθεὶς
843 3449 945 3532 μόνος
974 3445 1040 3514 διεδ
1070 3448 1175 3532 μόνον
1198 3451 1255 3513 τοῦ

236 3542 363 3627 πατρός
387 3539 520 3628 ὑπέστη.
553 3539 628 3609 οἰδὲ
651 3545 710 3629 γάρ
736 3547 824 3613 έστιν
849 3542 966 3624 άίδιος,
990 3541 1011 3631 ή
1034 3549 1214 3625 σι’ναίδιος,
1239 3540 1257 3631 ή

236 3647 469 3725 σοναγέννητος
491 3644 537 3725 τῷ
561 3650 665 3725 πατρί
674 3664 680 3676 ’
719 3640 793 3710 οόδί
818 3642 886 3726 άμα
915 3648 961 3728 τῷ
985 3646 1086 3725 τιατρί
1110 3643 1149 3707 τὸ
1173 3639 1257 3709 εἶναι

237 3741 310 3823 ἔχει,
335 3735 380 3816 ὥς
403 3763 488 3814 τινες
511 3741 642 3822 λέγουσι
664 3739 705 3805 τά
729 3742 812 3825 πρός
834 3770 876 3821 τι,
902 3742 960 3806 δι’νο
981 3737 1175 3827 άγεννήτους
1197 3736 1283 3824 cip-c

235 3838 293 3920 χὰς
317 3835 552 3921 εἰσηγούμενοι,
578 3831 661 3902 άλλίι
677 3833 722 3914 τός
736 3839 839 3921 μονάς
861 3839 915 3904 καί
932 3836 1010 3925 άρχή
1027 3841 1092 3902 τῶν
1109 3839 1257 3918 πάντων,

198 3931 342 4012 ωοότως
366 3930 382 3998 δ
408 3932 487 4010 θεὸς
510 3932 576 4017 πρὸ
600 3934 735 4000 πάντων
759 3935 838 4000 έστί.
870 3934 922 3999 διὸ
945 3936 998 3999 καί
1015 3934 1082 4019 πρό
1098 3938 1157 4000 τοῦ
1174 3943 1263 4020 Χρι-

236 4036 316 4097 στοῦ
330 4031 428 4109 ἐστιν,
443 4027 488 4110 τός
500 4032 593 4116 παρὰ
609 4036 668 4097 σοῦ
680 4032 929 4118 μεμαθήκαμεν,
944 4032 977 4097 ἰν
992 4039 1075 4118 μέση
1091 4037 1130 4118 τῇ
1148 4032 1264 4120 ἰκκλη-
1294 4038 1297 4053 “

237 4135 293 4212 σίᾳ
307 4129 520 4212 κηρύξαντος.
552 4130 639 4196 καθὸ
664 4119 721 4195 οὖν
744 4126 836 4208 παρὰ
856 4131 915 4191 τοῦ
931 4134 1013 4194 θεοῖ
1037 4129 1075 4194 τὸ
1092 4125 1179 4197 εἰναι
1196 4132 1266 4216 ἔχει

236 4224 290 4286 καί
312 4223 351 4285 τὸ
375 4226 428 4308 ζήν
452 4231 504 4293 καί
521 4227 579 4306 τὰς
596 4228 703 4306 δόξας,
728 4225 782 4287 καὶ
798 4222 909 4288 πάντα
924 4220 1012 4311 αὐτῷ
1032 4228 1264 4312 παρασχόντα,
