2867 5084
269 947 333 1009 226
500 956 705 1005 σσισνννον
722 954 819 1003 xm
837 952 1022 1003 εννιιῑσιιυ
1040 953 1070 1001 n.

270 1114 362 1197 μεθα
385 1099 461 1175 δέ’
443 1106 512 1173 απὸ
535 1111 601 1172 τῶν
622 1100 715 1191 ἡμῶν
738 1109 901 1187 πατέρων,
924 1128 991 1168 των
1013 1094 1122 1169 κρέ’
1083 1104 1194 1167 αυτιῖν
1209 1116 1337 1167 notem

270 1206 315 1294 μὴ
343 1203 572 1289 ὑπαρχόντων,
602 1205 654 1268 καί
685 1203 721 1281 ἐξ
742 1197 889 1287 ύπαρχης
911 1198 987 1284 ύίχρι
1008 1201 1066 1265 τοῦ
1086 1193 1195 1283 Αδὰμ
1219 1198 1293 1265 δισ-

272 1304 425 1390 ληπτέον.
453 1297 560 1384 Ἀδὰμ
584 1294 661 1367 δὲ’
643 1300 712 1366 απὸ
734 1303 792 1386 τῆς
813 1302 871 1384 γης
894 1298 1033 1417 ἐγένετο,
1054 1291 1113 1363 ούκ
1135 1323 1182 1363 ων
1198 1297 1291 1375 ποτέ,

272 1397 412 1487 ἡδὲγ
394 1400 560 1519 ηίγένετο
584 1397 620 1477 ἐξ
641 1391 697 1462 οὐκ
722 1392 878 1494 δντων,“
860 1421 913 1463 οτι
935 1391 993 1461 ούκ
1014 1384 1053 1482 ἦν
1073 1389 1134 1473 del,
1159 1393 1243 1472 θεὸς
1258 1392 1293 1459 δέ

251 1497 423 1584 δπατὴρ
406 1525 444 1563 νν
467 1491 612 1564 ἀείκαὶ
636 1491 756 1572 ὁποῖος
778 1496 862 1580 ἠν
838 1497 877 1581 τῆ
901 1493 1010 1615 ηνύσει,
1034 1495 1187 1558 τοιοῦτον
1206 1490 1293 1576 ἐγέν-

274 1620 351 1683 νησε
373 1595 430 1661 τὸν
451 1593 533 1661 υἱόν
565 1593 714 1678 ἐγέννησε
730 1586 820 1658 δέ’
782 1591 881 1657 αυτὸν
898 1587 947 1658 ἀεὶ
966 1587 1055 1669 ὄντα,
1080 1612 1118 1654 ου
1106 1583 1293 1655 σονύδελ-

275 1717 354 1779 γον,
385 1687 453 1758 ἀλλ’
479 1691 514 1769 ἐξ
540 1684 640 1754 αὐτοῦ
668 1684 956 1775 γεγεννημένον,
944 1685 1062 1772 όμοιον
1089 1681 1180 1772 αύτῷ
1210 1684 1294 1752 κατὰ

251 1788 385 1908 θηνύσιν,
409 1793 520 1870 κύριον
543 1785 576 1852 έκ
598 1793 721 1871 κυρίου,
745 1785 865 1853 θεόν’
851 1811 885 1853 εκ
906 1790 1000 1864 θεοῦ,
1025 1783 1108 1852 θεὸν
1130 1777 1294 1871 ἀληθινὸν

277 1883 310 1949 ἐκ
339 1887 421 1950 θεοῦ
445 1879 616 1970 ἀληθινοῦ.
661 1886 714 1949 καὶ
740 1879 844 1949 ὁποῖα
868 1884 1030 1968 λογίζεταί
1052 1906 1104 1960 τις
1125 1883 1206 1965 περὶ
1227 1904 1295 1946 πα-

221 1980 362 2066 v101959,
393 1976 479 2046 οὕτω
508 1982 561 2046 καὶ
591 1984 665 2064 περὶ
690 1983 764 2048 υἱοῦ
794 1983 978 2065 λογιστέον*
1009 1974 1114 2046 ὁποῖα
1142 1977 1295 2046 πιστεύει

277 2080 434 2162 περὶτοῦ
457 2079 539 2156 υἱοῦ,
564 2074 650 2144 οὕτω
672 2082 726 2144 καί
750 2079 796 2156 είς
816 2085 873 2144 τὸν
889 2084 1018 2163 πατέρα
1033 2074 1177 2164 ἡγητέον.
1209 2070 1318 2142 ούτωιι

276 2175 337 2261 γάρ
353 2199 455 2262 ηνησιν
480 2171 517 2241 “ύ
534 2175 578 2260 μη
597 2177 765 2242 πιστεύων
783 2176 830 2253 εἷς
846 2174 903 2241 τόν
923 2175 994 2242 υίόν
1012 2170 1057 2253 ὥς
1074 2173 1227 2241 πιστεύει
1250 2172 1296 2250 είς

276 2272 334 2338 τόν
357 2280 494 2356 πατέρα,
518 2275 572 2340 καὶ
593 2277 672 2360 τιμᾷ
695 2274 752 2339 τόν
775 2272 847 2339 οἶόν
870 2269 915 2352 ὡς
937 2276 1017 2360 τιμᾷ
1039 2271 1096 2338 τὸν
1112 2277 1253 2356 πατέρα,
1276 2266 1294 2356 ἡ

279 2365 355 2455 ὀργὴ
378 2374 437 2436 τοῦ
461 2375 543 2437 θεοῦ
565 2377 655 2453 μένει
679 2366 730 2436 ίπ’
749 2365 884 2449 αύτόν,”
908 2367 952 2449 ιός
976 2371 1040 2452 ἔχει
1061 2368 1100 2434 τό
1122 2376 1221 2435 θεῖον
1245 2361 1296 2435 εύ-

240 2485 268 2534 15
278 2470 435 2552 αγγέλιον.
466 2470 520 2533 καί
543 2470 676 2533 διέπεσε
699 2465 834 2554 πύλινὴ
852 2464 961 2534 αύτιῖνν
977 2465 1207 2551 σσλλογιστικη
1224 2464 1298 2532 διό-

278 2589 361 2630 νοια.
406 2566 488 2642 θεὸς
518 2565 578 2649 γὰρ
612 2560 844 2649 όκατύληνττος
877 2559 922 2630 ὢν
950 2565 1033 2631 θεὸν
1063 2559 1298 2650 ἀκατάληπτον

279 2662 426 2746 έγέννησε
449 2662 515 2742 πρὸ
539 2661 673 2727 πάντων
696 2666 762 2728 τῶν
785 2661 915 2728 αἰώνων
934 2669 985 2728 καὶ
1003 2660 1070 2747 πρό
1084 2661 1220 2745 χρόνων,
1244 2661 1296 2727 καλ

279 2752 337 2822 ούκ
367 2758 438 2823 ἔστι
466 2757 630 2842 διάστημα
659 2753 722 2824 ἀνὰ
749 2765 851 2842 μέσον
881 2761 954 2825 υἱοῦ
976 2759 1032 2825 καὶ
1054 2756 1197 2842 πατρὸς,
1226 2752 1295 2823 ἀλλ’

280 2850 349 2936 ἅμα
371 2865 457 2932 νοεῖς
480 2861 616 2939 πατέρα,
641 2853 710 2938 ἅμα
734 2867 820 2933 νοεῖς
835 2856 917 2934 υίόν,
942 2852 1011 2939 όίμα
1027 2852 1200 2939 ὀνομάζεις
1217 2855 1296 2933 υἱόν,

239 2946 348 3034 λινᾶμοι
371 2950 526 3029 δεικνύεις
549 2959 685 3035 πατέρα.
718 2949 787 3019 ἀπὸ
810 2951 870 3036 γὰρ
892 2958 952 3018 τοῦ
975 2955 1102 3036 πατρὸς
1125 2953 1197 3028 υἱός
1212 2962 1299 3019 νοεί-

278 3073 343 3127 ται,
367 3051 422 3114 καὶ
444 3043 513 3114 σἰπό
536 3049 609 3114 υἱοῦ
631 3050 741 3136 πατὴρ
764 3050 967 3134 γινώσκεται.
1000 3051 1109 3117 πόθεν
1132 3049 1193 3134 γὰρ
1217 3047 1297 3128 υίὸς,

279 3145 374 3234 εἰμὴ
398 3153 527 3230 πατέρα
549 3148 632 3230 ἔχεις
661 3149 715 3212 καὶ
739 3147 848 3213 πόθεν
872 3148 997 3263 παεηρ,
1029 3149 1058 3214 εί
1079 3147 1124 3234 μὴ
1148 3147 1324 3230 έγέννησεῦ

278 3242 335 3310 τόν
357 3268 539 3367 μονογενη;
569 3245 652 3311 πότε
674 3269 735 3365 γηιρ
759 3244 895 3309 δύναται
917 3271 961 3331 μη
985 3247 1165 3310 καλεῖσθαι
1187 3243 1299 3332 πατὴρ

279 3365 404 3426 πατηρ,
433 3337 453 3428 ἢ
482 3343 553 3419 υίὸς
581 3342 666 3419 υίὸς,
699 3368 752 3407 ινα
781 3346 868 3418 τινές
897 3366 1042 3429 νοησιυσι
1070 3343 1238 3425 πατέρα’
1223 3339 1300 3408 α’νευ

239 3436 362 3513 τσυὶοῦ,
386 3463 438 3501 και
462 3435 598 3522 ὕστερον
620 3435 664 3516 ὡς
687 3440 734 3516 είς
756 3440 930 3524 προκοπὴν
954 3439 1150 3525 ἐληλυθότα,
1172 3442 1228 3505 καί
1248 3464 1303 3524 γε·

279 3532 453 3618 γεννηκύεα
475 3535 532 3600 τὸν
556 3533 635 3613 υιόν,
659 3537 713 3602 ‘tva
735 3536 818 3620 μετὰ
840 3536 879 3602 τό
901 3543 1042 3623 γέννημα
1063 3537 1170 3624 κληθη
1187 3537 1302 3624 πατὴρ

280 3630 353 3695 υἱοῦ
377 3625 394 3694 ό
418 3632 536 3717 ποτηρ,
561 3632 763 3715 προκόπτειν
786 3633 819 3700 έν
841 3638 880 3721 τῇ
898 3633 1035 3722 θεότητι
1052 3630 1069 3698 5
1085 3635 1222 3714 τέλειος,
1245 3637 1303 3703 καλ

278 3728 447 3814 μηδέποτε
470 3727 682 3811 ε’πιδεύμενος
705 3731 925 3814 τελειώσεως,·

367 3831 415 3891 72.
440 3824 549 3890 Πάλιν
566 3827 601 3892 δέ
618 3830 885 3915 προφασίζονται
901 3830 940 3894 τό
957 3828 1083 3896 ι’σιτικόν
1098 3831 1196 3895 τοῦτο
1214 3830 1334 3915 quiq-⁰

242 3938 383 4006 θυμακον
412 3925 464 3988 καὶ
489 3927 697 4010 σωτηριῶδες
720 3923 892 3993 ἀντίδοτον
917 3923 973 4012 ἀφ’
999 3928 1124 3993 ἑαυτῶν
1147 3920 1307 4012 ἀποβάλ-

280 4021 401 4085 λεσθαι
433 4022 644 4105 βουλόμενοι,
678 4023 716 4089 τό
751 4030 940 4106 στερέμνιον
974 4028 1031 4111 της
1065 4032 1211 4101 πίστεως
1246 4026 1308 4111 τῆς

281 4111 376 4198 ἁγίας
397 4123 455 4183 τοῦ
478 4123 562 4186 θεοῦ
586 4120 764 4207 ἐκκλησίας,
789 4123 944 4203 λέγοντες,
969 4121 1079 4190 πόθεν
1101 4120 1140 4188 τό
1162 4124 1222 4208 τῆς
1247 4117 1309 4188 ού-

282 4216 356 4288 υίας
378 4211 483 4298 ὄνομα
506 4213 583 4303 ἡμῖν
607 4226 760 4303 φέρεται,·
785 4216 896 4282 διὰτί
918 4213 1095 4302 όμοούσιος
1119 4216 1136 4285 5
1160 4218 1234 4300 υἱός
1257 4224 1307 4306 τῷ

675 4546 830 4632 Α
