2867 5084
285 969 324 1033 18
508 982 716 1034 mmor
730 981 826 1034 xm
844 976 1076 1034 κινεισασο.

158 1181 163 1189 -
280 1156 377 1218 μενοι
393 1131 440 1199 -οί
474 1126 543 1199 άπὸ
575 1136 634 1221 τῆς
657 1129 790 1222 Ἰνδικῆς
817 1131 876 1200 ἰπὶ
901 1133 960 1222 τήν
983 1129 1161 1216 Ῥωμανίαν
1194 1129 1301 1215 ἐμπο-

282 1231 442 1315 ρεάσνται.

367 1335 396 1394 2.
430 1331 542 1395 Ταῦτα
563 1329 600 1394 δέ
620 1351 680 1413 μοι
700 1326 784 1394 κατὰ
805 1328 891 1406 λέξιν
915 1325 1133 1414 ἐσπουδάσθη
1150 1325 1301 1410 ἱστορίας

281 1426 376 1510 χάριν
398 1428 622 1510 παραδοῦναι,
652 1422 746 1503 ὅπως
770 1424 826 1491 καὶ
847 1427 912 1492 τῶν
934 1425 1032 1511 ῥιζῶν
1055 1422 1192 1509 ἑκάστης
1212 1418 1326 1488 ὕπο-ο

257 1529 411 1602 οθίσεως
440 1524 472 1590 οί
501 1523 702 1611 ἐντυγχάνειν
730 1522 903 1601 ἐθέλοντες
923 1519 967 1608 μή
991 1516 1209 1608 άμοιρήσωσι.
1247 1521 1300 1586 δεῖ

280 1622 343 1708 γὰρ
365 1622 423 1688 τὸν
446 1621 706 1706 ἐπιβαλλόμενον
728 1619 875 1706 διηγήσει
889 1618 956 1685 τινὶ
969 1617 1052 1685 κατά
1067 1617 1204 1701 δύναμιν
1220 1617 1298 1684 ἐπι-

281 1719 468 1803 βάλλεσθαι
495 1718 551 1784 καὶ
579 1717 612 1784 ἐκ
633 1721 691 1805 τῆς
713 1718 803 1804 ῥίζης
824 1722 1004 1783 ποιεῖσθαι
1025 1715 1083 1802 τήν
1105 1714 1297 1802 εἰσαγωγήν.

283 1815 380 1881 ἔνθεν
403 1812 586 1898 εὑρίσκεται
605 1814 661 1881 καὶ
682 1814 724 1881 τά
744 1818 802 1901 τῆς
823 1809 993 1900 ἀληθείας,
1015 1811 1076 1880 κάν
1097 1837 1133 1878 τε
1150 1807 1297 1900 άπορῆδ

284 1913 385 1996 λέγων
414 1908 589 1994 εὐκοσμίας
615 1910 712 1996 λόγου
740 1911 795 1978 καὶ
823 1906 975 1990 εὐεπείας
1002 1913 1167 1999 φθογγῆς,
1204 1906 1301 1988 ὅπως

244 2022 275 2072 1⁰
285 2003 353 2075 άπὸ
375 2012 433 2096 τῆς
455 2004 616 2097 ἀληθινῆς
639 2010 786 2093 ἱστορίας
799 2007 838 2073 τὸ
855 2008 1049 2094 ζητούμενον
1063 2018 1135 2087 τοῖς
1150 2017 1307 2086 συνετοῒς.

283 2100 574 2192 ἀποδειχθήσεται.
621 2107 654 2174 ἐν
685 2100 767 2194 άρχῇ
800 2112 909 2172 τοίνυν
942 2095 1038 2185 οὗτος
1067 2102 1085 2172 ὃ
1112 2103 1301 2183 Σκυθιανὸς

284 2203 417 2292 πλούτῳ
447 2206 561 2291 πολλῷ
584 2204 747 2289 ἐπαρθείς
768 2203 823 2270 καὶ
845 2201 1004 2290 κτήμασιν
1025 2199 1222 2291 ήδυσμάτων
1244 2201 1302 2268 καὶ

282 2313 355 2382 τοῖς
376 2301 490 2382 ἄλλοις
521 2314 594 2382 τοῖς
615 2299 685 2371 άπὸ
707 2306 765 2390 τῆς
783 2298 906 2380 Ἰνδίας,
932 2299 987 2366 καὶ
1009 2298 1118 2367 ἐλθών
1140 2299 1220 2384 περὶ
1240 2297 1301 2385 τήν

285 2404 438 2487 Θηβαΐδα
454 2398 649 2486 είςὝψηλιν
664 2399 763 2466 πάλιν
779 2397 865 2466 οἱῗτω
880 2399 1089 2484 καλουμένην,
1113 2392 1216 2482 εδρών
1232 2396 1348 2464 ἒκεῖθιθ

248 2508 275 2557 1ο
283 2496 417 2580 γύναιον
439 2497 658 2576 ἐξωλέστατον
674 2496 730 2563 καὶ
745 2495 856 2563 κάλλει
870 2495 1025 2579 σώματος
1039 2493 1223 2581 πρόοπτον,
1248 2495 1298 2562 ἕκ-

227 2632 228 2637 1
283 2592 412 2679 πλῆξάν
433 2619 469 2659 τε
490 2589 598 2658 αὐτῶν
618 2592 676 2679 τήν
705 2588 898 2670 άσυνεσίαν,
928 2587 1122 2675 άνελόμενός
1142 2617 1180 2658 τε
1200 2595 1300 2658 τοῦτο

285 2682 354 2753 άπὸ
381 2692 439 2754 τοῦ
467 2694 601 2775 στέγους
629 2691 754 2776 (ἕστηκε
780 2677 844 2774 γὰρ
870 2685 890 2776 ἡ
919 2690 1053 2776 τοιαύτη
1076 2689 1111 2756 ἐν
1132 2691 1171 2776 τῇ
1194 2691 1302 2755 πολυ-

283 2791 382 2871 κοίνφ
404 2780 613 2874 άσεμνάτητι)
634 2786 849 2872 ίπεκαθὲσθη
871 2788 918 2873 τῷ
941 2795 1072 2874 γυναίῳ,
1095 2787 1148 2853 καὶ
1165 2785 1301 2853 ἐλευθε-

285 2880 395 2965 ρώσας
423 2878 502 2948 αὐτὸ
532 2883 687 2971 συνήφθη
716 2878 805 2970 αὐτῷ
838 2883 923 2968 πρὸς
955 2883 1069 2969 γάμον.
1111 2882 1230 2969 χρόνου
1264 2885 1300 2951 δὲ

246 2980 412 3045 λθπολλσῦ
435 2979 692 3064 προκόπτοντος,
716 2979 773 3048 διὰ
793 2981 850 3067 τήν
872 2976 1057 3069 ὑπερβολήν
1079 2969 1118 3067 ῆς
1139 2976 1204 3064 εἶχε
1223 3005 1301 3064 τρυ-

286 3078 351 3162 φῆς
372 3071 431 3143 οὐκ
451 3075 580 3164 ήνεγκεν
604 3072 621 3142 ὁ
644 3072 820 3166 ἀλιτήριος,
844 3073 928 3145 ἇλλὰ
951 3074 996 3157 ὥς
1017 3074 1116 3165 άργὸς
1135 3080 1189 3145 καὶ
1215 3077 1301 3157 ἐθὰς

285 3178 392 3240 κακῶν
422 3173 456 3241 ἐκ
483 3178 542 3241 τοῦ
569 3179 730 3257 περισσοῦ
763 3180 820 3265 τῆς
846 3177 973 3263 τρυφῆς
1000 3175 1139 3261 στρήνου
1169 3175 1300 3242 ἐπενόει

286 3270 406 3337 λοιπὸν
427 3271 510 3339 κατὰ
530 3271 588 3339 τὸν
609 3275 686 3338 νοῦν
707 3298 741 3340 τι
762 3272 949 3356 καινότερον
964 3277 1011 3359 τῷ
1025 3280 1088 3360 βίην
1104 3284 1298 3358 προσοίσειν,

276 3371 339 3435 Ῠκαὶ
369 3362 424 3454 ἀφ’
449 3369 567 3437 ἑαυτοῦ
594 3369 785 3457 διανοηθείς
809 3369 976 3437 ἐπλάσατο
998 3371 1128 3458 ῥήματα
1147 3373 1325 3449 matham

246 3457 345 3529 τὸοάκ
373 3460 442 3530 άπὸ
470 3469 529 3552 τῆς
555 3472 654 3544 θείας
680 3472 810 3555 γραφῆς
839 3462 1014 3551 εὑράμενος
1035 3470 1089 3534 καὶ
1111 3465 1299 3551 πνεύματος

288 3556 382 3645 άγίου
411 3568 576 3650 φθογγῆς,
608 3558 691 3630 άλλά
719 3559 788 3631 άπὸ
810 3565 975 3649 λογισμῶν
998 3560 1214 3647 ἀνθρωπείας
1235 3564 1300 3652 φά-

287 3680 372 3736 σεως
392 3661 457 3725 τῶν
480 3661 633 3727 δειλαίων
656 3660 801 3748 φάσκων,
823 3667 890 3728 τίνι
910 3665 957 3747 τῷ
979 3661 1064 3749 λόγῳ
1079 3659 1179 3729 άνισα
1194 3671 1302 3729 κεῖται

286 3754 329 3822 τὰ
358 3754 391 3822 ίν
419 3761 520 3823 παντὶ
547 3761 594 3843 τῷ
623 3752 801 3845 ὁριζομένῳ
829 3761 888 3846 τῆς
909 3765 1044 3838 κτίσεως
1065 3759 1168 3839 κύτει,
1197 3761 1299 3843 μέλαν

286 3855 340 3919 καί
363 3852 485 3932 λευκὸν,
507 3854 633 3938 πυρρὸν
655 3863 708 3922 καὶ
729 3854 865 3941 χλωρὸν,
888 3851 985 3942 ὖγρὸν
1000 3860 1052 3923 καὶ
1070 3854 1175 3944 ξηρὸν,
1199 3850 1299 3942 σάρα-

249 3949 343 4029 3ονὸς
364 3954 418 4017 καί
439 3953 489 4037 γῆ,
512 3949 570 4030 νὺξ
590 3954 642 4018 καὶ
666 3949 778 4040 ήμέρα,
801 3952 888 4040 Ψυχή
911 3956 966 4020 καὶ
987 3956 1092 4037 σῶμα,
1116 3948 1246 4040 ἀγαθόν
1263 3979 1299 4021 τε

288 4050 341 4114 καί
370 4048 513 4137 φαῦλον,
543 4048 669 4115 δίκαιόν
695 4076 733 4118 τε
760 4053 813 4116 καί
838 4047 967 4130 άδικον,
997 4045 1066 4117 ἄλλ’
1090 4047 1144 4117 ὅτι
1165 4051 1301 4129 πάντως

288 4146 392 4211 ταῦτα
414 4145 448 4212 ἐκ
470 4144 528 4213 δύο
548 4148 648 4213 τινῶν
670 4154 860 4232 συνέστηκεν
867 4176 879 4229 ,·
901 4145 1051 4216 ίνεκίσσα
1072 4149 1108 4214 δὲ
1131 4147 1165 4216 ἓν
1186 4151 1227 4237 τῆ
1242 4143 1302 4215 αὖ·

288 4243 347 4307 τοῦ
376 4242 507 4330 διανοίᾳ
535 4238 554 4310 δ
583 4241 756 4333 διάθολος,
785 4243 843 4313 ίπί
870 4244 973 4314 πλέον
996 4243 1197 4332 στρατεύσας
1218 4245 1301 4316 κατὰ
