2867 5084
289 948 351 1009 270
512 959 718 1009 αηιυκστοτ
735 959 830 1008 ΚΑΤΑ
848 959 1035 1008 κιοιιεεαισ
1051 961 1079 1006 r.

287 1109 454 1196 γεγονότες
485 1112 538 1175 καλ
570 1115 822 1196 κατηχηθέντες,
861 1109 892 1174 ολ
928 1106 987 1195 τήν
1021 1107 1144 1174 ἐκείνου
1180 1109 1302 1175 ι’ίννοισν

288 1203 489 1294 άγνοοῦντες,
524 1207 556 1272 οἱ
577 1208 620 1293 μή
644 1205 686 1271 τά
709 1207 831 1273 ἐκείνου
855 1201 964 1293 άληθῆ
989 1205 1208 1290 διηγούμενοι,
1233 1205 1325 1271 οῦτεΒ

287 1306 348 1384 τάς
369 1316 457 1388 τρεῖς
479 1300 681 1382 ὑποστάσεις
704 1300 876 1388 ὁμολογεῖν
892 1302 1025 1386 ήθελον,
1050 1298 1095 1381 ῶς
1110 1304 1177 1386 ἔχει
1192 1303 1212 1390 ή
1229 1299 1302 1387 άλή-

288 1409 377 1482 θεια,
412 1400 464 1467 ότι
485 1409 546 1486 μία
569 1401 657 1468 ε’·στίν
679 1397 698 1487 ἡ
722 1401 852 1486 θεότης,
884 1408 945 1484 μία
968 1402 1151 1484 δοξολογία,
1189 1397 1302 1485 όμοοό-

265 1517 362 1579 οσιος
384 1490 466 1566 οῦσα
488 1495 506 1586 ή
530 1501 633 1585 τριάς,
667 1501 719 1564 καὶ
750 1493 844 1564 οῦδὲν
868 1499 1110 1564 διαλλάττουσα
1139 1503 1200 1584 τῆς
1223 1500 1303 1575 ἰδίας

288 1598 394 1685 δόξης,
418 1597 512 1682 τριάς
533 1599 642 1663 τελεία
665 1586 756 1674 οόσα,
780 1596 834 1662 καί
850 1603 911 1679 μία
926 1596 1057 1683 θεότης,
1079 1603 1141 1679 μία
1159 1598 1303 1679 δύναμις,
1345 1654 1351 1674 ,

287 1702 348 1778 μία
371 1690 482 1771 οόσία,
514 1693 589 1760 οῦτε
617 1694 800 1779 συναλοιφή
829 1720 880 1772 τις
903 1684 1001 1772 οὖσα,
1036 1693 1112 1759 οῦτε
1139 1690 1302 1779 όποβεβη·

287 1802 372 1857 κοῖα.
418 1781 514 1868 οὗτος
542 1793 577 1856 δὲ
606 1791 663 1857 ἐπὶ
696 1793 854 1857 πλεῖστον
883 1793 1083 1875 βουλόμενός
1104 1817 1182 1858 τινα
1205 1795 1303 1877 λέγειν

288 1888 382 1974 παρά
403 1912 499 1967 τισιν,
524 1883 568 1966 ῶς
589 1885 656 1954 ὑπὸ
674 1888 732 1953 τὸν
747 1891 927 1973 Σαβίλλιον
949 1893 996 1976 τῷ
1013 1890 1204 1977 φρονήματι
1228 1891 1304 1957 ’ἐδει-

251 1989 341 2066 Ιθξεν
364 1981 457 2076 εἶναι.
505 1986 557 2050 διό
586 1988 639 2051 καλ
669 1981 750 2070 αότή
780 1986 813 2053 ἔν
842 1987 967 2070 αἱρέσει
990 1988 1106 2073 ἐλέχθη
1131 1990 1186 2052 καλ
1210 1983 1305 2075 ήριθ·

287 2083 390 2172 μήθη.
443 2085 691 2172 παραθήσομαι
720 2086 755 2150 δὲ
784 2074 886 2162 υῦθις
913 2087 966 2149 καὶ
995 2084 1052 2170 τήν
1082 2086 1220 2153 ἔκθεσιν
1251 2087 1304 2150 τοῦ

288 2183 386 2269 λόγου
410 2172 448 2248 οῦ
472 2190 654 2269 πεποίηται
677 2179 799 2268 Ἰουλίῳ
822 2185 868 2267 τῷ
891 2189 1051 2267 μακαρίτῃ
1075 2185 1122 2267 τῷ
1142 2178 1307 2266 Ῥωμαίων
1349 2211 1351 2214 ·

288 2281 463 2367 ἕπισκόπῳ
487 2277 504 2345 ό
528 2278 626 2359 αὐτὸς
644 2279 851 2364 Μάρκελλος,
874 2275 1233 2364 ῦπεραπολογοῦμενος
1254 2282 1332 2365 dvj-c

287 2386 350 2445 θεν
379 2380 506 2446 ἑαυτοῦ.
564 2379 598 2444 ἐκ
627 2380 662 2443 δὲ
692 2382 750 2464 τής
778 2373 961 2460 ἀπολογίας
989 2381 1040 2443 καί
1069 2380 1128 2441 τοῦ
1156 2379 1310 2463 λιβίλλου

252 2476 472 2563 15φανήσεται
495 2476 589 2559 ἕτερα
611 2475 704 2558 παρὰ
726 2476 784 2561 τήν
800 2481 915 2540 πίστιν
930 2480 987 2560 τῆς
1003 2471 1165 2557 ἀληθείας
1180 2501 1313 2564 πεφρσ·

288 2575 399 2659 νηκῶς.
447 2572 476 2638 εί
503 2573 546 2659 μή
569 2573 629 2658 γάρ
659 2574 754 2655 ἕτερα
782 2571 976 2658 ἐφρόνησεν,
1010 2569 1094 2656 ὑπὲρ
1123 2583 1239 2639 ποίων
1270 2575 1315 2654 εἷς

288 2665 471 2753 ὀστολογίαν
494 2666 618 2755 ἤρχετο,
643 2669 671 2735 εί
693 2670 737 2755 μή
761 2667 825 2752 άρα
848 2669 941 2753 λόγοι
964 2671 998 2749 ἐξ
1020 2665 1120 2736 αἰτοῦ
1143 2671 1313 2760 ἐτέθησαν

288 2762 345 2831 οῦκ
379 2762 479 2849 ὀρθοὶ
505 2773 559 2831 καί
581 2791 673 2842 τινας
695 2766 893 2848 ταράξαντες
916 2767 962 2844 είς
984 2768 1103 2852 ταύτην
1127 2770 1316 2858 κατήγαγον

288 2863 345 2950 την
369 2858 570 2947 άπολογίαν;
593 2870 702 2928 τοίνυν
725 2862 763 2927 τό
787 2859 988 2951 ἀντίγραφόν
1012 2865 1082 2932 ἐστι
1103 2869 1217 2934 τοῦτο.

251 3167 534 3269 εοἈντίγραφον
561 3169 751 3260 ἐπιστολῆς
780 3167 1023 3262 Μαρκέλλου,
1063 3168 1106 3241 ῦν
1133 3172 1344 3258 καθεῖλενι)

493 3280 515 3376 ἡ
544 3279 704 3362 σύνοδος
729 3278 841 3378 χάριν
869 3283 1107 3379 ἑτεροδοξίας.

375 3456 403 3514 2.
443 3451 521 3533 “Τη”ι
540 3449 781 3535 μακαριωτάτην
805 3451 1043 3536 συλλειτσοργῷ
1063 3446 1186 3538 Ἰουλίφ
1211 3457 1319 3542 Μάρ-

289 3547 403 3624 κελλος
425 3545 458 3612 ἒν
481 3551 618 3631 Χριστῷ
639 3555 774 3631 χαίρειν.
809 3548 923 3632 ἐπειδή
947 3575 1033 3627 τινες
1054 3553 1120 3614 τῶν
1142 3576 1318 3639 καταγνω-

290 3650 440 3710 σθέντων
467 3643 629 3728 πρότερον
658 3645 716 3711 ἐπὶ
745 3649 791 3731 τῶ
819 3646 863 3732 μή
888 3641 1000 3730 ὀρθῶς
1028 3646 1217 3727 πιστεύειν,
1260 3651 1317 3730 οῦς

251 3741 353 3827 νοέγῶ
376 3742 409 3809 ἒν
432 3744 470 3827 τῇ
499 3741 583 3807 κατὰ
605 3749 747 3808 Νίκαιαν
778 3746 904 3831 συνόδῳ
934 3744 1099 3828 διήλεγξα,
1127 3741 1198 3811 κατ’
1235 3748 1317 3832 ἐμοῦ

289 3840 418 3925 γράψαι
439 3843 478 3925 τῇ
501 3846 679 3926 θεοσεβείᾳ
701 3864 761 3906 σου
785 3842 985 3927 ἐτόλμησαν,
1021 3837 1066 3918 ῶς
1094 3837 1133 3906 ἂν
1164 3842 1250 3926 ἐμοῦ
1273 3847 1317 3933 μή

291 3934 404 4022 ὀρθῶς
436 3939 518 4022 μηδὲ
554 3937 828 4025 ίκκλησιαστικῶς
862 3942 1078 4024 φρονοῦντος,
1113 3937 1153 4003 τὸ
1186 3940 1319 4010 ἑαυτῶν

291 4036 432 4122 ἔγκλημα
455 4036 501 4114 είς
516 4033 573 4120 ἐμὲ
587 4040 810 4122 μετατεθῆναι
832 4034 1084 4114 σπουδάζοντες,
1107 4036 1231 4104 τούτου
1250 4042 1320 4110 ἕνε-

288 4159 342 4199 κεν
366 4129 541 4220 ἀναγκαῖον
563 4130 733 4220 ἡγησάμην
749 4127 942 4218 ἀπαντήσας
958 4134 1004 4211 είς
1018 4132 1076 4219 τήν
1089 4130 1212 4223 Ῥώμην
1229 4135 1352 4209 ὑπο-81

290 4233 413 4313 μνῆσαί
436 4255 487 4310 σε,
519 4233 575 4297 ἵνα
605 4231 683 4309 τοῦς
704 4254 764 4296 κατ
798 4228 876 4312 ἐμοῦ
899 4231 1092 4316 γράψαντας
1113 4240 1319 4327 μεταστείλη
