<?xml version="1.0" encoding="UTF-8"?>
<!DOCTYPE html PUBLIC "-//W3C//DTD XHTML 1.0 Transitional//EN"
    "http://www.w3.org/TR/xhtml1/DTD/xhtml1-transitional.dtd">
<html xmlns="http://www.w3.org/1999/xhtml" xml:lang="en" lang="en">
 <head>
  <title>
</title>
<meta http-equiv="Content-Type" content="text/html;charset=utf-8" />
  <meta name='ocr-system' content='tesseract 3.04.00' />
  <meta name='ocr-capabilities' content='ocr_page ocr_carea ocr_par ocr_line ocrx_word'/>
</head>
<body>
  <div class='ocr_page' id='page_1' title='image "./opera01dindgoog_0495.png"; bbox 0 0 2867 5084; ppageno 0'>
   <div class='ocr_carea' id='block_1_1' title="bbox 536 962 1211 1025">
    <p class='ocr_par' dir='ltr' id='par_1_1' title="bbox 536 962 1211 1025">
     <span class='ocr_line' id='line_1_1' title="bbox 536 962 1211 1025; baseline 0.004 -5"><span class='ocrx_word' id='word_1_1' title='bbox 536 967 655 1021; x_wconf 71' lang='lat' dir='ltr'><strong><em>mm.</em></strong></span> <span class='ocrx_word' id='word_1_2' title='bbox 674 972 869 1023; x_wconf 73' lang='grc' dir='ltr'><strong><em>ιαστιοιοτ.</em></strong></span> <span class='ocrx_word' id='word_1_3' title='bbox 1151 962 1211 1025; x_wconf 81' lang='grc'><strong><em>431</em></strong></span> 
     </span>
    </p>
   </div>
   <div class='ocr_carea' id='block_1_2' title="bbox 86 1119 1292 4325">
    <p class='ocr_par' dir='ltr' id='par_1_2' title="bbox 188 1119 1238 1692">
     <span class='ocr_line' id='line_1_2' title="bbox 190 1119 1214 1213; baseline 0.005 -26"><span class='ocrx_word' id='word_1_4' title='bbox 190 1121 249 1188; x_wconf 84' lang='grc' dir='ltr'><strong><em>καὶ</em></strong></span> <span class='ocrx_word' id='word_1_5' title='bbox 277 1119 394 1206; x_wconf 99' lang='grc' dir='ltr'><strong><em>λόγους</em></strong></span> <span class='ocrx_word' id='word_1_6' title='bbox 421 1122 533 1200; x_wconf 78' lang='grc' dir='ltr'><strong><em>ξένους</em></strong></span> <span class='ocrx_word' id='word_1_7' title='bbox 559 1129 813 1206; x_wconf 80' lang='grc' dir='ltr'><strong><em>παρεισενέγκας</em></strong></span> <span class='ocrx_word' id='word_1_8' title='bbox 844 1125 1083 1211; x_wconf 77' lang='grc' dir='ltr'><strong><em>προσκυνήσεις</em></strong></span> <span class='ocrx_word' id='word_1_9' title='bbox 1114 1122 1214 1213; x_wconf 80' lang='grc' dir='ltr'><strong><em>αὐτῷ.</em></strong></span> 
     </span>
     <span class='ocr_line' id='line_1_3' title="bbox 191 1218 1213 1307; baseline 0.004 -22"><span class='ocrx_word' id='word_1_10' title='bbox 191 1220 266 1286; x_wconf 73' lang='grc' dir='ltr'><strong><em>’δεῖ</em></strong></span> <span class='ocrx_word' id='word_1_11' title='bbox 287 1220 348 1303; x_wconf 87' lang='grc' dir='ltr'><strong><em>γάρ</em></strong></span> <span class='ocrx_word' id='word_1_12' title='bbox 371 1218 500 1298; x_wconf 80' lang='grc' dir='ltr'><strong><em>πάντας</em></strong></span> <span class='ocrx_word' id='word_1_13' title='bbox 522 1223 641 1306; x_wconf 78' lang='grc' dir='ltr'><strong><em>στῆναι</em></strong></span> <span class='ocrx_word' id='word_1_14' title='bbox 663 1220 808 1287; x_wconf 74' lang='grc' dir='ltr'><strong><em>ἐντόπιον</em></strong></span> <span class='ocrx_word' id='word_1_15' title='bbox 835 1226 893 1285; x_wconf 89' lang='grc' dir='ltr'><strong><em>τοῦ</em></strong></span> <span class='ocrx_word' id='word_1_16' title='bbox 921 1222 1069 1307; x_wconf 67' lang='grc' dir='ltr'><strong><em>βήματος</em></strong></span> <span class='ocrx_word' id='word_1_17' title='bbox 1101 1219 1213 1304; x_wconf 80' lang='grc' dir='ltr'><strong><em>αὐτοῦ,</em></strong></span> 
     </span>
     <span class='ocr_line' id='line_1_4' title="bbox 189 1314 1220 1408; baseline 0.005 -26"><span class='ocrx_word' id='word_1_18' title='bbox 189 1320 244 1383; x_wconf 79' lang='grc' dir='ltr'><strong><em>καί</em></strong></span> <span class='ocrx_word' id='word_1_19' title='bbox 274 1320 370 1382; x_wconf 83' lang='grc' dir='ltr'><strong><em>πᾶσα</em></strong></span> <span class='ocrx_word' id='word_1_20' title='bbox 397 1317 532 1400; x_wconf 85' lang='grc' dir='ltr'><strong><em>γλιῦσσα</em></strong></span> <span class='ocrx_word' id='word_1_21' title='bbox 565 1317 840 1403; x_wconf 74' lang='grc' dir='ltr'><strong><em>ἐξομολογήσεται</em></strong></span> <span class='ocrx_word' id='word_1_22' title='bbox 874 1314 926 1384; x_wconf 84' lang='grc' dir='ltr'><strong><em>ότι</em></strong></span> <span class='ocrx_word' id='word_1_23' title='bbox 954 1320 1066 1404; x_wconf 87' lang='grc' dir='ltr'><strong><em>κάρτος</em></strong></span> <span class='ocrx_word' id='word_1_24' title='bbox 1091 1319 1220 1408; x_wconf 74' lang='grc' dir='ltr'><strong><em>Ἰησοῦς-</em></strong></span> 
     </span>
     <span class='ocr_line' id='line_1_5' title="bbox 189 1409 1214 1499; baseline 0.007 -20"><span class='ocrx_word' id='word_1_25' title='bbox 189 1412 355 1497; x_wconf 86' lang='grc' dir='ltr'><strong><em>Χριστὸς,</em></strong></span> <span class='ocrx_word' id='word_1_26' title='bbox 391 1409 408 1478; x_wconf 86' lang='grc' dir='ltr'>ὁ</span> <span class='ocrx_word' id='word_1_27' title='bbox 438 1412 496 1480; x_wconf 86' lang='grc' dir='ltr'><strong><em>οῦκ</em></strong></span> <span class='ocrx_word' id='word_1_28' title='bbox 524 1409 698 1499; x_wconf 75' lang='grc' dir='ltr'><strong><em>ἀλλότριος</em></strong></span> <span class='ocrx_word' id='word_1_29' title='bbox 721 1418 803 1481; x_wconf 69' lang='grc' dir='ltr'><strong><em>θεοῦ</em></strong></span> <span class='ocrx_word' id='word_1_30' title='bbox 828 1409 889 1493; x_wconf 73' lang='grc' dir='ltr'><strong><em>νῦν,</em></strong></span> <span class='ocrx_word' id='word_1_31' title='bbox 923 1411 1007 1482; x_wconf 79' lang='grc' dir='ltr'><strong><em>ἀλλὰ</em></strong></span> <span class='ocrx_word' id='word_1_32' title='bbox 1036 1419 1083 1495; x_wconf 88' lang='grc' dir='ltr'><strong><em>είς</em></strong></span> <span class='ocrx_word' id='word_1_33' title='bbox 1114 1419 1214 1498; x_wconf 86' lang='grc' dir='ltr'><strong><em>δόξαν</em></strong></span> 
     </span>
     <span class='ocr_line' id='line_1_6' title="bbox 189 1510 1238 1596; baseline 0.006 -19"><span class='ocrx_word' id='word_1_34' title='bbox 189 1515 275 1579; x_wconf 66' lang='grc' dir='ltr'><strong><em>θεοῦ</em></strong></span> <span class='ocrx_word' id='word_1_35' title='bbox 308 1510 453 1594; x_wconf 85' lang='grc' dir='ltr'><strong><em>πατρὸς,</em></strong></span> <span class='ocrx_word' id='word_1_36' title='bbox 498 1513 580 1577; x_wconf 88' lang='grc' dir='ltr'><strong><em>κατά</em></strong></span> <span class='ocrx_word' id='word_1_37' title='bbox 620 1511 658 1577; x_wconf 86' lang='grc' dir='ltr'><strong><em>τό</em></strong></span> <span class='ocrx_word' id='word_1_38' title='bbox 691 1519 912 1596; x_wconf 76' lang='grc' dir='ltr'><strong><em>γεγραμμένον</em></strong></span> <span class='ocrx_word' id='word_1_39' title='bbox 945 1518 998 1580; x_wconf 81' lang='grc' dir='ltr'><strong><em>καὶ</em></strong></span> <span class='ocrx_word' id='word_1_40' title='bbox 1032 1533 1238 1583; x_wconf 71' lang='lat' dir='ltr'><strong><em>nemum-5</em></strong></span> 
     </span>
     <span class='ocr_line' id='line_1_7' title="bbox 188 1612 316 1692; baseline -0.031 -16"><span class='ocrx_word' id='word_1_41' title='bbox 188 1612 316 1692; x_wconf 82' lang='grc' dir='ltr'><strong><em>μένον,”</em></strong></span> 
     </span>
    </p>

    <p class='ocr_par' dir='ltr' id='par_1_3' title="bbox 131 1703 1251 2183">
     <span class='ocr_line' id='line_1_8' title="bbox 131 1703 1211 1795; baseline 0.004 -23"><span class='ocrx_word' id='word_1_42' title='bbox 131 1733 183 1784; x_wconf 75' lang='lat'><strong><em>973</em></strong></span> <span class='ocrx_word' id='word_1_43' title='bbox 273 1706 332 1787; x_wconf 85' lang='grc' dir='ltr'><strong><em>κς’.</em></strong></span> <span class='ocrx_word' id='word_1_44' title='bbox 365 1705 405 1771; x_wconf 83' lang='grc' dir='ltr'><strong><em>Εἰ</em></strong></span> <span class='ocrx_word' id='word_1_45' title='bbox 428 1705 529 1790; x_wconf 83' lang='grc' dir='ltr'><strong><em>ψιλὸν</em></strong></span> <span class='ocrx_word' id='word_1_46' title='bbox 552 1703 658 1789; x_wconf 87' lang='grc' dir='ltr'><strong><em>ὀνομά</em></strong></span> <span class='ocrx_word' id='word_1_47' title='bbox 681 1706 770 1772; x_wconf 78' lang='grc' dir='ltr'><strong><em>ἐστιν</em></strong></span> <span class='ocrx_word' id='word_1_48' title='bbox 794 1706 849 1772; x_wconf 76' lang='grc' dir='ltr'><strong><em>ἐπί</em></strong></span> <span class='ocrx_word' id='word_1_49' title='bbox 867 1710 949 1773; x_wconf 69' lang='grc' dir='ltr'><strong><em>θεοῦ</em></strong></span> <span class='ocrx_word' id='word_1_50' title='bbox 971 1709 1010 1772; x_wconf 89' lang='grc' dir='ltr'><strong><em>τὸ</em></strong></span> <span class='ocrx_word' id='word_1_51' title='bbox 1027 1704 1211 1795; x_wconf 77' lang='grc' dir='ltr'><strong><em>ἀγέννητον,</em></strong></span> 
     </span>
     <span class='ocr_line' id='line_1_9' title="bbox 189 1799 1212 1890; baseline 0.004 -21"><span class='ocrx_word' id='word_1_52' title='bbox 189 1801 208 1888; x_wconf 80' lang='grc' dir='ltr'><strong><em>ἡ</em></strong></span> <span class='ocrx_word' id='word_1_53' title='bbox 232 1804 268 1870; x_wconf 85' lang='grc' dir='ltr'><strong><em>δὲ</em></strong></span> <span class='ocrx_word' id='word_1_54' title='bbox 292 1803 374 1889; x_wconf 74' lang='grc' dir='ltr'><strong><em>ψιλὴ</em></strong></span> <span class='ocrx_word' id='word_1_55' title='bbox 400 1804 558 1888; x_wconf 83' lang='grc' dir='ltr'><strong><em>προφορά</em></strong></span> <span class='ocrx_word' id='word_1_56' title='bbox 579 1804 638 1888; x_wconf 78' lang='grc' dir='ltr'><strong><em>τὴν</em></strong></span> <span class='ocrx_word' id='word_1_57' title='bbox 659 1799 848 1870; x_wconf 77' lang='grc' dir='ltr'><strong><em>ὑπόστασιν</em></strong></span> <span class='ocrx_word' id='word_1_58' title='bbox 876 1808 934 1870; x_wconf 88' lang='grc' dir='ltr'><strong><em>τοῦ</em></strong></span> <span class='ocrx_word' id='word_1_59' title='bbox 964 1809 1048 1871; x_wconf 73' lang='grc' dir='ltr'><strong><em>θεοῦ</em></strong></span> <span class='ocrx_word' id='word_1_60' title='bbox 1080 1807 1212 1890; x_wconf 81' lang='grc' dir='ltr'><strong><em>ἐπαίρει</em></strong></span> 
     </span>
     <span class='ocr_line' id='line_1_10' title="bbox 187 1899 1212 1989; baseline 0.003 -22"><span class='ocrx_word' id='word_1_61' title='bbox 187 1901 273 1967; x_wconf 82' lang='grc' dir='ltr'><strong><em>κατὰ</em></strong></span> <span class='ocrx_word' id='word_1_62' title='bbox 294 1900 431 1966; x_wconf 88' lang='grc' dir='ltr'><strong><em>πάντιον</em></strong></span> <span class='ocrx_word' id='word_1_63' title='bbox 452 1904 623 1987; x_wconf 86' lang='grc' dir='ltr'><strong><em>γεννητιῦν,</em></strong></span> <span class='ocrx_word' id='word_1_64' title='bbox 646 1907 828 1984; x_wconf 78' lang='grc' dir='ltr'><strong><em>τιμιωτέρα</em></strong></span> <span class='ocrx_word' id='word_1_65' title='bbox 850 1899 914 1985; x_wconf 84' lang='grc' dir='ltr'><strong><em>άρα</em></strong></span> <span class='ocrx_word' id='word_1_66' title='bbox 930 1902 1019 1968; x_wconf 73' lang='grc' dir='ltr'><strong><em>ἐστὶν</em></strong></span> <span class='ocrx_word' id='word_1_67' title='bbox 1041 1899 1212 1989; x_wconf 75' lang='grc' dir='ltr'><strong><em>ηάνδρώ-</em></strong></span> 
     </span>
     <span class='ocr_line' id='line_1_11' title="bbox 186 1996 1251 2087; baseline 0 -23"><span class='ocrx_word' id='word_1_68' title='bbox 186 2025 265 2064; x_wconf 86' lang='grc' dir='ltr'><strong><em>πων</em></strong></span> <span class='ocrx_word' id='word_1_69' title='bbox 280 1998 440 2084; x_wconf 81' lang='grc' dir='ltr'><strong><em>προφορὰ</em></strong></span> <span class='ocrx_word' id='word_1_70' title='bbox 454 2003 512 2084; x_wconf 83' lang='grc' dir='ltr'><strong><em>τῆς</em></strong></span> <span class='ocrx_word' id='word_1_71' title='bbox 522 2002 580 2064; x_wconf 90' lang='grc' dir='ltr'><strong><em>τοῦ</em></strong></span> <span class='ocrx_word' id='word_1_72' title='bbox 593 1998 861 2081; x_wconf 82' lang='grc' dir='ltr'><strong><em>παντοκράτορος</em></strong></span> <span class='ocrx_word' id='word_1_73' title='bbox 873 1996 1098 2080; x_wconf 68' lang='grc' dir='ltr'><strong><em>ὑποστάσεως,</em></strong></span> <span class='ocrx_word' id='word_1_74' title='bbox 1112 1997 1212 2087; x_wconf 85' lang='grc' dir='ltr'><strong><em>άσυγ-</em></strong></span> <span class='ocrx_word' id='word_1_75' title='bbox 1223 2017 1251 2066; x_wconf 81' lang='lat' dir='ltr'><em>w</em></span> 
     </span>
     <span class='ocr_line' id='line_1_12' title="bbox 185 2091 1188 2183; baseline 0.003 -21"><span class='ocrx_word' id='word_1_76' title='bbox 185 2101 288 2181; x_wconf 86' lang='grc' dir='ltr'><strong><em>κρίτῳ</em></strong></span> <span class='ocrx_word' id='word_1_77' title='bbox 310 2091 455 2182; x_wconf 80' lang='grc' dir='ltr'><strong><em>ὑπεροχῇ</em></strong></span> <span class='ocrx_word' id='word_1_78' title='bbox 477 2097 720 2163; x_wconf 86' lang='grc' dir='ltr'><strong><em>καλλωπίσασα</em></strong></span> <span class='ocrx_word' id='word_1_79' title='bbox 742 2096 825 2162; x_wconf 72' lang='grc' dir='ltr'><strong><em>θεὸν</em></strong></span> <span class='ocrx_word' id='word_1_80' title='bbox 847 2097 904 2162; x_wconf 85' lang='grc' dir='ltr'><strong><em>τὸν</em></strong></span> <span class='ocrx_word' id='word_1_81' title='bbox 927 2100 1188 2183; x_wconf 86' lang='grc' dir='ltr'><strong><em>παντοκράτορα.</em></strong></span> 
     </span>
    </p>

    <p class='ocr_par' dir='ltr' id='par_1_4' title="bbox 86 2187 1292 4325">
     <span class='ocr_line' id='line_1_13' title="bbox 272 2187 1211 2280; baseline 0.005 -23"><span class='ocrx_word' id='word_1_82' title='bbox 272 2187 471 2280; x_wconf 78' lang='grc' dir='ltr'><strong><em>Ἀνατροπη.</em></strong></span> <span class='ocrx_word' id='word_1_83' title='bbox 515 2191 600 2260; x_wconf 77' lang='grc' dir='ltr'><strong><em>Οὔτε</em></strong></span> <span class='ocrx_word' id='word_1_84' title='bbox 622 2193 723 2274; x_wconf 77' lang='grc' dir='ltr'><strong><em>ψιλὸν</em></strong></span> <span class='ocrx_word' id='word_1_85' title='bbox 748 2191 853 2276; x_wconf 77' lang='grc' dir='ltr'><strong><em>ὄνομα</em></strong></span> <span class='ocrx_word' id='word_1_86' title='bbox 876 2196 934 2261; x_wconf 79' lang='grc' dir='ltr'><strong><em>ἐπὶ</em></strong></span> <span class='ocrx_word' id='word_1_87' title='bbox 957 2199 1039 2261; x_wconf 66' lang='grc' dir='ltr'><strong><em>θεοῦ</em></strong></span> <span class='ocrx_word' id='word_1_88' title='bbox 1074 2195 1145 2263; x_wconf 77' lang='grc' dir='ltr'><strong><em>ἐστι</em></strong></span> <span class='ocrx_word' id='word_1_89' title='bbox 1172 2196 1211 2262; x_wconf 88' lang='grc' dir='ltr'><strong><em>τὸ</em></strong></span> 
     </span>
     <span class='ocr_line' id='line_1_14' title="bbox 154 2285 1212 2377; baseline 0.004 -21"><span class='ocrx_word' id='word_1_90' title='bbox 154 2285 363 2375; x_wconf 77' lang='grc' dir='ltr'><strong><em>Βάγέννητον</em></strong></span> <span class='ocrx_word' id='word_1_91' title='bbox 386 2289 461 2356; x_wconf 85' lang='grc' dir='ltr'><strong><em>οότε</em></strong></span> <span class='ocrx_word' id='word_1_92' title='bbox 482 2297 554 2368; x_wconf 82' lang='grc' dir='ltr'><strong><em>τοῖς</em></strong></span> <span class='ocrx_word' id='word_1_93' title='bbox 575 2302 722 2369; x_wconf 83' lang='grc' dir='ltr'><strong><em>κτιστοῖς</em></strong></span> <span class='ocrx_word' id='word_1_94' title='bbox 744 2291 828 2357; x_wconf 85' lang='grc' dir='ltr'><strong><em>κατὰ</em></strong></span> <span class='ocrx_word' id='word_1_95' title='bbox 855 2292 914 2377; x_wconf 79' lang='grc' dir='ltr'><strong><em>την</em></strong></span> <span class='ocrx_word' id='word_1_96' title='bbox 937 2287 1053 2360; x_wconf 89' lang='grc' dir='ltr'><strong><em>οῦσίαν</em></strong></span> <span class='ocrx_word' id='word_1_97' title='bbox 1082 2294 1212 2360; x_wconf 77' lang='grc' dir='ltr'><strong><em>ἐπικοι-</em></strong></span> 
     </span>
     <span class='ocr_line' id='line_1_15' title="bbox 184 2385 1209 2474; baseline 0.004 -20"><span class='ocrx_word' id='word_1_98' title='bbox 184 2390 322 2454; x_wconf 89' lang='grc' dir='ltr'><strong><em>νωνοῦν.</em></strong></span> <span class='ocrx_word' id='word_1_99' title='bbox 365 2386 418 2453; x_wconf 88' lang='grc' dir='ltr'><strong><em>διὸ</em></strong></span> <span class='ocrx_word' id='word_1_100' title='bbox 442 2386 517 2453; x_wconf 76' lang='grc' dir='ltr'><strong><em>οὔτε</em></strong></span> <span class='ocrx_word' id='word_1_101' title='bbox 539 2388 582 2453; x_wconf 85' lang='grc' dir='ltr'><strong><em>τά</em></strong></span> <span class='ocrx_word' id='word_1_102' title='bbox 610 2396 773 2470; x_wconf 91' lang='grc' dir='ltr'><strong><em>κτίσματα</em></strong></span> <span class='ocrx_word' id='word_1_103' title='bbox 803 2390 904 2474; x_wconf 75' lang='grc' dir='ltr'><strong><em>ψιλῆς</em></strong></span> <span class='ocrx_word' id='word_1_104' title='bbox 936 2385 1117 2471; x_wconf 80' lang='grc' dir='ltr'><strong><em>ὀνομασίας</em></strong></span> <span class='ocrx_word' id='word_1_105' title='bbox 1140 2392 1209 2458; x_wconf 78' lang='grc' dir='ltr'><strong><em>ἐστὶ</em></strong></span> 
     </span>
     <span class='ocr_line' id='line_1_16' title="bbox 185 2479 1250 2572; baseline 0.003 -21"><span class='ocrx_word' id='word_1_106' title='bbox 185 2484 379 2572; x_wconf 87' lang='grc' dir='ltr'><strong><em>σημαντικά,</em></strong></span> <span class='ocrx_word' id='word_1_107' title='bbox 403 2490 504 2567; x_wconf 84' lang='grc' dir='ltr'><strong><em>μέσον</em></strong></span> <span class='ocrx_word' id='word_1_108' title='bbox 527 2485 563 2550; x_wconf 82' lang='grc' dir='ltr'><strong><em>δὲ</em></strong></span> <span class='ocrx_word' id='word_1_109' title='bbox 587 2479 763 2570; x_wconf 81' lang='grc' dir='ltr'><strong><em>ὀγεννητου</em></strong></span> <span class='ocrx_word' id='word_1_110' title='bbox 785 2490 837 2552; x_wconf 81' lang='grc' dir='ltr'><strong><em>καί</em></strong></span> <span class='ocrx_word' id='word_1_111' title='bbox 861 2490 994 2553; x_wconf 89' lang='grc' dir='ltr'><strong><em>κτιοτοῦ</em></strong></span> <span class='ocrx_word' id='word_1_112' title='bbox 1010 2486 1111 2554; x_wconf 78' lang='grc' dir='ltr'><strong><em>ἄλλον</em></strong></span> <span class='ocrx_word' id='word_1_113' title='bbox 1136 2483 1250 2554; x_wconf 63' lang='lat' dir='ltr'><strong><em>avb-15</em></strong></span> 
     </span>
     <span class='ocr_line' id='line_1_17' title="bbox 182 2579 1208 2670; baseline 0.001 -22"><span class='ocrx_word' id='word_1_114' title='bbox 182 2606 292 2665; x_wconf 81' lang='grc' dir='ltr'><strong><em>ματος</em></strong></span> <span class='ocrx_word' id='word_1_115' title='bbox 313 2582 580 2670; x_wconf 77' lang='grc' dir='ltr'><strong><em>ξπιζητοομένοο,</em></strong></span> <span class='ocrx_word' id='word_1_116' title='bbox 606 2579 689 2665; x_wconf 81' lang='grc' dir='ltr'><strong><em>ὅπερ</em></strong></span> <span class='ocrx_word' id='word_1_117' title='bbox 714 2584 803 2648; x_wconf 78' lang='grc' dir='ltr'><strong><em>ἐστὶν</em></strong></span> <span class='ocrx_word' id='word_1_118' title='bbox 825 2584 904 2662; x_wconf 83' lang='grc' dir='ltr'><strong><em>υἱὸς,</em></strong></span> <span class='ocrx_word' id='word_1_119' title='bbox 929 2587 982 2650; x_wconf 86' lang='grc' dir='ltr'><strong><em>καὶ</em></strong></span> <span class='ocrx_word' id='word_1_120' title='bbox 1006 2581 1044 2650; x_wconf 86' lang='grc' dir='ltr'><strong><em>οῦ</em></strong></span> <span class='ocrx_word' id='word_1_121' title='bbox 1068 2585 1208 2666; x_wconf 89' lang='grc' dir='ltr'><strong><em>κτιστὸς,</em></strong></span> 
     </span>
     <span class='ocr_line' id='line_1_18' title="bbox 182 2674 1211 2764; baseline 0.003 -18"><span class='ocrx_word' id='word_1_122' title='bbox 182 2687 254 2746; x_wconf 83' lang='grc' dir='ltr'><strong><em>τίνι</em></strong></span> <span class='ocrx_word' id='word_1_123' title='bbox 275 2675 316 2746; x_wconf 82' lang='grc' dir='ltr'><strong><em>άν</em></strong></span> <span class='ocrx_word' id='word_1_124' title='bbox 336 2679 375 2744; x_wconf 89' lang='grc' dir='ltr'><strong><em>τό</em></strong></span> <span class='ocrx_word' id='word_1_125' title='bbox 399 2680 565 2764; x_wconf 79' lang='grc' dir='ltr'><strong><em>ἐξαίρετον</em></strong></span> <span class='ocrx_word' id='word_1_126' title='bbox 589 2674 792 2761; x_wconf 81' lang='grc' dir='ltr'><strong><em>ἀποδοτέον,·</em></strong></span> <span class='ocrx_word' id='word_1_127' title='bbox 830 2685 881 2747; x_wconf 81' lang='grc' dir='ltr'><strong><em>καὶ</em></strong></span> <span class='ocrx_word' id='word_1_128' title='bbox 912 2682 941 2747; x_wconf 86' lang='grc' dir='ltr'><strong><em>εἰ</em></strong></span> <span class='ocrx_word' id='word_1_129' title='bbox 969 2684 1029 2764; x_wconf 77' lang='grc' dir='ltr'><strong><em>μὲν</em></strong></span> <span class='ocrx_word' id='word_1_130' title='bbox 1058 2695 1129 2761; x_wconf 83' lang='grc' dir='ltr'><strong><em>τοῖς</em></strong></span> <span class='ocrx_word' id='word_1_131' title='bbox 1158 2708 1211 2750; x_wconf 86' lang='grc' dir='ltr'><strong><em>κε-</em></strong></span> 
     </span>
     <span class='ocr_line' id='line_1_19' title="bbox 183 2774 1209 2864; baseline 0.003 -20"><span class='ocrx_word' id='word_1_132' title='bbox 183 2783 373 2861; x_wconf 80' lang='grc' dir='ltr'><strong><em>κτιομίνοις</em></strong></span> <span class='ocrx_word' id='word_1_133' title='bbox 395 2777 434 2841; x_wconf 87' lang='grc' dir='ltr'><strong><em>τὸ</em></strong></span> <span class='ocrx_word' id='word_1_134' title='bbox 458 2777 695 2844; x_wconf 80' lang='grc' dir='ltr'><strong><em>δπικοινιυνοῦν</em></strong></span> <span class='ocrx_word' id='word_1_135' title='bbox 719 2782 835 2861; x_wconf 85' lang='grc' dir='ltr'><strong><em>διῦμεν,</em></strong></span> <span class='ocrx_word' id='word_1_136' title='bbox 871 2774 939 2843; x_wconf 72' lang='grc' dir='ltr'><strong><em>οόδ’</em></strong></span> <span class='ocrx_word' id='word_1_137' title='bbox 965 2777 1128 2864; x_wconf 78' lang='grc' dir='ltr'><strong><em>ὁποτέρου</em></strong></span> <span class='ocrx_word' id='word_1_138' title='bbox 1142 2784 1209 2847; x_wconf 89' lang='grc' dir='ltr'><strong><em>τιῦν</em></strong></span> 
     </span>
     <span class='ocr_line' id='line_1_20' title="bbox 182 2870 1208 2960; baseline 0.006 -20"><span class='ocrx_word' id='word_1_139' title='bbox 182 2877 369 2959; x_wconf 83' lang='grc' dir='ltr'><strong><em>λεγομένων</em></strong></span> <span class='ocrx_word' id='word_1_140' title='bbox 395 2876 496 2960; x_wconf 80' lang='grc' dir='ltr'><strong><em>ψιλῆς</em></strong></span> <span class='ocrx_word' id='word_1_141' title='bbox 519 2870 700 2956; x_wconf 82' lang='grc' dir='ltr'><strong><em>ὀνομασίας</em></strong></span> <span class='ocrx_word' id='word_1_142' title='bbox 724 2871 976 2958; x_wconf 75' lang='grc' dir='ltr'><strong><em>ὀνομαζομένου,</em></strong></span> <span class='ocrx_word' id='word_1_143' title='bbox 1002 2874 1046 2956; x_wconf 83' lang='grc' dir='ltr'><strong><em>ιῦς</em></strong></span> <span class='ocrx_word' id='word_1_144' title='bbox 1069 2880 1124 2945; x_wconf 80' lang='grc' dir='ltr'><strong><em>ε’πί</em></strong></span> <span class='ocrx_word' id='word_1_145' title='bbox 1150 2883 1208 2946; x_wconf 87' lang='grc' dir='ltr'><strong><em>τοῦ</em></strong></span> 
     </span>
     <span class='ocr_line' id='line_1_21' title="bbox 86 2967 1249 3059; baseline 0.003 -21"><span class='ocrx_word' id='word_1_146' title='bbox 86 3038 99 3059; x_wconf 51' lang='grc' dir='ltr'><em>Ι</em></span> <span class='ocrx_word' id='word_1_147' title='bbox 181 2967 362 3057; x_wconf 82' lang='grc' dir='ltr'><strong><em>ἇγεννητου</em></strong></span> <span class='ocrx_word' id='word_1_148' title='bbox 385 2977 437 3037; x_wconf 82' lang='grc' dir='ltr'><strong><em>καί</em></strong></span> <span class='ocrx_word' id='word_1_149' title='bbox 461 2972 628 3051; x_wconf 79' lang='grc' dir='ltr'><strong><em>κτίζοντος</em></strong></span> <span class='ocrx_word' id='word_1_150' title='bbox 649 2976 701 3037; x_wconf 84' lang='grc' dir='ltr'><strong><em>καί</em></strong></span> <span class='ocrx_word' id='word_1_151' title='bbox 725 2977 866 3039; x_wconf 82' lang='grc' dir='ltr'><strong><em>κτιστών</em></strong></span> <span class='ocrx_word' id='word_1_152' title='bbox 888 2976 1077 3058; x_wconf 83' lang='grc' dir='ltr'><strong><em>γεγονότων,</em></strong></span> <span class='ocrx_word' id='word_1_153' title='bbox 1102 2973 1147 3055; x_wconf 83' lang='grc' dir='ltr'><strong><em>ιῦς</em></strong></span> <span class='ocrx_word' id='word_1_154' title='bbox 1169 2972 1249 3043; x_wconf 74' lang='grc' dir='ltr'><strong><em>οῦοο</em></strong></span> 
     </span>
     <span class='ocr_line' id='line_1_22' title="bbox 181 3065 1208 3159; baseline 0.005 -24"><span class='ocrx_word' id='word_1_155' title='bbox 181 3071 290 3155; x_wconf 82' lang='grc' dir='ltr'><strong><em>ψιλῆς</em></strong></span> <span class='ocrx_word' id='word_1_156' title='bbox 312 3069 522 3155; x_wconf 75' lang='grc' dir='ltr'><strong><em>ἐνδεχομένης</em></strong></span> <span class='ocrx_word' id='word_1_157' title='bbox 546 3065 736 3151; x_wconf 85' lang='grc' dir='ltr'><strong><em>ὀνομασίας,</em></strong></span> <span class='ocrx_word' id='word_1_158' title='bbox 767 3067 872 3149; x_wconf 77' lang='grc' dir='ltr'><strong><em>οὕτως</em></strong></span> <span class='ocrx_word' id='word_1_159' title='bbox 895 3073 950 3137; x_wconf 80' lang='grc' dir='ltr'><strong><em>ἐπί</em></strong></span> <span class='ocrx_word' id='word_1_160' title='bbox 974 3077 1032 3137; x_wconf 88' lang='grc' dir='ltr'><strong><em>τοῦ</em></strong></span> <span class='ocrx_word' id='word_1_161' title='bbox 1055 3078 1208 3159; x_wconf 80' lang='grc' dir='ltr'><strong><em>γεννητοῦ</em></strong></span> 
     </span>
     <span class='ocr_line' id='line_1_23' title="bbox 182 3164 1208 3254; baseline 0.004 -23"><span class='ocrx_word' id='word_1_162' title='bbox 182 3165 243 3231; x_wconf 81' lang='grc' dir='ltr'><strong><em>καὶ</em></strong></span> <span class='ocrx_word' id='word_1_163' title='bbox 263 3166 346 3246; x_wconf 80' lang='grc' dir='ltr'><strong><em>υἱοῦ,</em></strong></span> <span class='ocrx_word' id='word_1_164' title='bbox 376 3167 420 3252; x_wconf 83' lang='grc' dir='ltr'><strong><em>μὴ</em></strong></span> <span class='ocrx_word' id='word_1_165' title='bbox 445 3169 547 3252; x_wconf 72' lang='grc' dir='ltr'><strong><em>ψιλῆς</em></strong></span> <span class='ocrx_word' id='word_1_166' title='bbox 571 3167 805 3251; x_wconf 76' lang='grc' dir='ltr'><strong><em>ἐπιδεχομένης</em></strong></span> <span class='ocrx_word' id='word_1_167' title='bbox 828 3164 1017 3251; x_wconf 88' lang='grc' dir='ltr'><strong><em>ὀνομασίας,</em></strong></span> <span class='ocrx_word' id='word_1_168' title='bbox 1042 3169 1081 3234; x_wconf 86' lang='grc' dir='ltr'><strong><em>τὸ</em></strong></span> <span class='ocrx_word' id='word_1_169' title='bbox 1103 3170 1208 3254; x_wconf 90' lang='grc' dir='ltr'><strong><em>μάτην</em></strong></span> 
     </span>
     <span class='ocr_line' id='line_1_24' title="bbox 149 3262 1209 3354; baseline 0.002 -24"><span class='ocrx_word' id='word_1_170' title='bbox 149 3262 494 3350; x_wconf 71' lang='grc' dir='ltr'><strong><em>ςσυκοφαντούμενον</em></strong></span> <span class='ocrx_word' id='word_1_171' title='bbox 528 3264 681 3348; x_wconf 72' lang='grc' dir='ltr'><strong><em>σι”γχυσιν</em></strong></span> <span class='ocrx_word' id='word_1_172' title='bbox 715 3266 856 3348; x_wconf 79' lang='grc' dir='ltr'><strong><em>δηλώσει</em></strong></span> <span class='ocrx_word' id='word_1_173' title='bbox 889 3265 982 3349; x_wconf 86' lang='grc' dir='ltr'><strong><em>παρὰ</em></strong></span> <span class='ocrx_word' id='word_1_174' title='bbox 1014 3270 1060 3351; x_wconf 78' lang='grc' dir='ltr'><strong><em>τῷ</em></strong></span> <span class='ocrx_word' id='word_1_175' title='bbox 1090 3262 1209 3354; x_wconf 79' lang='grc' dir='ltr'><strong><em>Ἀετίην</em></strong></span> 
     </span>
     <span class='ocr_line' id='line_1_25' title="bbox 182 3359 1263 3448; baseline 0 -19"><span class='ocrx_word' id='word_1_176' title='bbox 182 3361 469 3447; x_wconf 88' lang='grc' dir='ltr'><strong><em>συλλογιζόμενον,</em></strong></span> <span class='ocrx_word' id='word_1_177' title='bbox 494 3359 610 3427; x_wconf 87' lang='grc' dir='ltr'><strong><em>διὰτὸ</em></strong></span> <span class='ocrx_word' id='word_1_178' title='bbox 632 3363 676 3447; x_wconf 77' lang='grc' dir='ltr'><strong><em>μὴ</em></strong></span> <span class='ocrx_word' id='word_1_179' title='bbox 701 3365 961 3441; x_wconf 75' lang='grc' dir='ltr'><strong><em>συνεξισοῦσίίαι</em></strong></span> <span class='ocrx_word' id='word_1_180' title='bbox 983 3366 1028 3448; x_wconf 77' lang='grc' dir='ltr'><strong><em>τῷ</em></strong></span> <span class='ocrx_word' id='word_1_181' title='bbox 1046 3365 1116 3429; x_wconf 86' lang='grc' dir='ltr'><strong><em>υίοῦ</em></strong></span> <span class='ocrx_word' id='word_1_182' title='bbox 1134 3359 1209 3431; x_wconf 87' lang='grc' dir='ltr'><strong><em>ὀνά-</em></strong></span> <span class='ocrx_word' id='word_1_183' title='bbox 1256 3425 1263 3440; x_wconf 85' lang='grc'><strong><em>,</em></strong></span> 
     </span>
     <span class='ocr_line' id='line_1_26' title="bbox 179 3454 1247 3547; baseline 0.005 -22"><span class='ocrx_word' id='word_1_184' title='bbox 179 3485 275 3543; x_wconf 87' lang='grc' dir='ltr'><strong><em>ματι,</em></strong></span> <span class='ocrx_word' id='word_1_185' title='bbox 297 3462 356 3546; x_wconf 79' lang='grc' dir='ltr'><strong><em>τῆς</em></strong></span> <span class='ocrx_word' id='word_1_186' title='bbox 377 3462 511 3545; x_wconf 75' lang='grc' dir='ltr'><strong><em>κτιστῇς</em></strong></span> <span class='ocrx_word' id='word_1_187' title='bbox 532 3458 566 3525; x_wconf 75' lang='grc' dir='ltr'><strong><em>ἓν</em></strong></span> <span class='ocrx_word' id='word_1_188' title='bbox 589 3454 734 3546; x_wconf 76' lang='grc' dir='ltr'><strong><em>άληίίείηι</em></strong></span> <span class='ocrx_word' id='word_1_189' title='bbox 754 3455 869 3538; x_wconf 85' lang='grc' dir='ltr'><strong><em>οῦοίας</em></strong></span> <span class='ocrx_word' id='word_1_190' title='bbox 890 3455 999 3526; x_wconf 77' lang='grc' dir='ltr'><strong><em>καλοῦ</em></strong></span> <span class='ocrx_word' id='word_1_191' title='bbox 1016 3456 1247 3547; x_wconf 63' lang='grc' dir='ltr'><strong><em>ψιλῆςόναῖτ</em></strong></span> 
     </span>
     <span class='ocr_line' id='line_1_27' title="bbox 177 3551 1207 3643; baseline 0.002 -21"><span class='ocrx_word' id='word_1_192' title='bbox 177 3565 324 3642; x_wconf 85' lang='grc' dir='ltr'><strong><em>μασίας,</em></strong></span> <span class='ocrx_word' id='word_1_193' title='bbox 359 3555 541 3643; x_wconf 70' lang='grc' dir='ltr'><strong><em>ἐπειδήπερ</em></strong></span> <span class='ocrx_word' id='word_1_194' title='bbox 565 3551 601 3621; x_wconf 88' lang='grc' dir='ltr'><strong><em>οῦ</em></strong></span> <span class='ocrx_word' id='word_1_195' title='bbox 625 3558 730 3641; x_wconf 80' lang='grc' dir='ltr'><strong><em>ψιλὴν</em></strong></span> <span class='ocrx_word' id='word_1_196' title='bbox 759 3558 947 3640; x_wconf 75' lang='grc' dir='ltr'><strong><em>ἐπιδέχεται</em></strong></span> <span class='ocrx_word' id='word_1_197' title='bbox 980 3562 1034 3623; x_wconf 87' lang='grc' dir='ltr'><strong><em>καὶ</em></strong></span> <span class='ocrx_word' id='word_1_198' title='bbox 1062 3554 1161 3636; x_wconf 81' lang='grc' dir='ltr'><strong><em>αὐτὸς</em></strong></span> <span class='ocrx_word' id='word_1_199' title='bbox 1188 3554 1207 3624; x_wconf 85' lang='grc' dir='ltr'><strong><em>ὁ</em></strong></span> 
     </span>
     <span class='ocr_line' id='line_1_28' title="bbox 178 3648 1208 3741; baseline 0 -21"><span class='ocrx_word' id='word_1_200' title='bbox 178 3653 256 3733; x_wconf 76' lang='grc' dir='ltr'><strong><em>υίὸς</em></strong></span> <span class='ocrx_word' id='word_1_201' title='bbox 275 3654 336 3741; x_wconf 83' lang='grc' dir='ltr'><strong><em>τὴν</em></strong></span> <span class='ocrx_word' id='word_1_202' title='bbox 356 3657 433 3739; x_wconf 80' lang='grc' dir='ltr'><strong><em>περί</em></strong></span> <span class='ocrx_word' id='word_1_203' title='bbox 456 3655 530 3720; x_wconf 85' lang='grc' dir='ltr'><strong><em>υίοῦ</em></strong></span> <span class='ocrx_word' id='word_1_204' title='bbox 555 3648 746 3737; x_wconf 87' lang='grc' dir='ltr'><strong><em>ὀνομασίαν.</em></strong></span> <span class='ocrx_word' id='word_1_205' title='bbox 795 3652 853 3721; x_wconf 84' lang='grc' dir='ltr'><strong><em>οὐκ</em></strong></span> <span class='ocrx_word' id='word_1_206' title='bbox 876 3654 971 3734; x_wconf 83' lang='grc' dir='ltr'><strong><em>ὄντος</em></strong></span> <span class='ocrx_word' id='word_1_207' title='bbox 1000 3658 1035 3721; x_wconf 82' lang='grc' dir='ltr'><strong><em>δὲ</em></strong></span> <span class='ocrx_word' id='word_1_208' title='bbox 1059 3648 1208 3738; x_wconf 86' lang='grc' dir='ltr'><strong><em>άνυπάρ-</em></strong></span> 
     </span>
     <span class='ocr_line' id='line_1_29' title="bbox 177 3746 1207 3839; baseline -0.001 -20"><span class='ocrx_word' id='word_1_209' title='bbox 177 3775 271 3831; x_wconf 79' lang='grc' dir='ltr'><strong><em>κτου,</em></strong></span> <span class='ocrx_word' id='word_1_210' title='bbox 296 3746 372 3818; x_wconf 81' lang='grc' dir='ltr'><strong><em>οὐδὲ</em></strong></span> <span class='ocrx_word' id='word_1_211' title='bbox 395 3751 478 3818; x_wconf 84' lang='grc' dir='ltr'><strong><em>κατὰ</em></strong></span> <span class='ocrx_word' id='word_1_212' title='bbox 500 3751 602 3839; x_wconf 73' lang='grc' dir='ltr'><strong><em>ψιλὴν</em></strong></span> <span class='ocrx_word' id='word_1_213' title='bbox 632 3747 815 3834; x_wconf 90' lang='grc' dir='ltr'><strong><em>ὀνομασίαν</em></strong></span> <span class='ocrx_word' id='word_1_214' title='bbox 843 3755 1018 3838; x_wconf 80' lang='grc' dir='ltr'><strong><em>λεγομένου</em></strong></span> <span class='ocrx_word' id='word_1_215' title='bbox 1046 3757 1104 3818; x_wconf 90' lang='grc' dir='ltr'><strong><em>τοῦ</em></strong></span> <span class='ocrx_word' id='word_1_216' title='bbox 1134 3753 1207 3818; x_wconf 78' lang='grc' dir='ltr'><strong><em>οἱοῦ</em></strong></span> 
     </span>
     <span class='ocr_line' id='line_1_30' title="bbox 178 3845 1292 3936; baseline -0.003 -19"><span class='ocrx_word' id='word_1_217' title='bbox 178 3852 383 3935; x_wconf 88' lang='grc' dir='ltr'><strong><em>μονογενοῦς</em></strong></span> <span class='ocrx_word' id='word_1_218' title='bbox 411 3853 464 3915; x_wconf 85' lang='grc' dir='ltr'><strong><em>καί</em></strong></span> <span class='ocrx_word' id='word_1_219' title='bbox 493 3853 552 3914; x_wconf 86' lang='grc' dir='ltr'><strong><em>τοῦ</em></strong></span> <span class='ocrx_word' id='word_1_220' title='bbox 577 3845 671 3934; x_wconf 82' lang='grc' dir='ltr'><strong><em>ἁγίου</em></strong></span> <span class='ocrx_word' id='word_1_221' title='bbox 694 3850 890 3933; x_wconf 74' lang='grc' dir='ltr'><strong><em>πνεύματος,</em></strong></span> <span class='ocrx_word' id='word_1_222' title='bbox 925 3855 964 3936; x_wconf 77' lang='grc' dir='ltr'><strong><em>τῇ</em></strong></span> <span class='ocrx_word' id='word_1_223' title='bbox 993 3854 1050 3914; x_wconf 87' lang='grc' dir='ltr'><strong><em>τοῦ</em></strong></span> <span class='ocrx_word' id='word_1_224' title='bbox 1079 3849 1208 3933; x_wconf 83' lang='grc' dir='ltr'><strong><em>πατρὸς</em></strong></span> <span class='ocrx_word' id='word_1_225' title='bbox 1287 3850 1292 3858; x_wconf 86' lang='grc'><strong>’</strong></span> 
     </span>
     <span class='ocr_line' id='line_1_31' title="bbox 178 3943 1247 4033; baseline -0.003 -20"><span class='ocrx_word' id='word_1_226' title='bbox 178 3949 352 4032; x_wconf 72' lang='grc' dir='ltr'><strong><em>συνῆπται</em></strong></span> <span class='ocrx_word' id='word_1_227' title='bbox 373 3946 469 4033; x_wconf 80' lang='grc' dir='ltr'><strong><em>δόξη,</em></strong></span> <span class='ocrx_word' id='word_1_228' title='bbox 500 3946 555 4012; x_wconf 83' lang='grc' dir='ltr'><strong><em>καὶ</em></strong></span> <span class='ocrx_word' id='word_1_229' title='bbox 577 3943 614 4011; x_wconf 83' lang='grc' dir='ltr'><strong><em>οδ</em></strong></span> <span class='ocrx_word' id='word_1_230' title='bbox 638 3954 829 4031; x_wconf 75' lang='grc' dir='ltr'><strong><em>συγκέχυται</em></strong></span> <span class='ocrx_word' id='word_1_231' title='bbox 857 3951 896 4033; x_wconf 76' lang='grc' dir='ltr'><strong><em>τῇ</em></strong></span> <span class='ocrx_word' id='word_1_232' title='bbox 925 3951 991 4011; x_wconf 81' lang='grc' dir='ltr'><strong><em>τῶν</em></strong></span> <span class='ocrx_word' id='word_1_233' title='bbox 1019 3947 1247 4030; x_wconf 70' lang='grc' dir='ltr'><strong><em>κτισμάτωνοο</em></strong></span> 
     </span>
     <span class='ocr_line' id='line_1_32' title="bbox 179 4039 1205 4131; baseline -0.004 -20"><span class='ocrx_word' id='word_1_234' title='bbox 179 4039 361 4131; x_wconf 80' lang='grc' dir='ltr'><strong><em>ὀνομασίᾳ.</em></strong></span> <span class='ocrx_word' id='word_1_235' title='bbox 399 4041 476 4110; x_wconf 74' lang='grc' dir='ltr'><strong><em>οὔτε</em></strong></span> <span class='ocrx_word' id='word_1_236' title='bbox 496 4043 558 4129; x_wconf 85' lang='grc' dir='ltr'><strong><em>γὰρ</em></strong></span> <span class='ocrx_word' id='word_1_237' title='bbox 581 4045 754 4129; x_wconf 74' lang='grc' dir='ltr'><strong><em>ἔπάρσειος</em></strong></span> <span class='ocrx_word' id='word_1_238' title='bbox 780 4047 886 4112; x_wconf 88' lang='grc' dir='ltr'><strong><em>δεῖται</em></strong></span> <span class='ocrx_word' id='word_1_239' title='bbox 908 4039 927 4129; x_wconf 81' lang='grc' dir='ltr'><em>ἡ</em></span> <span class='ocrx_word' id='word_1_240' title='bbox 951 4044 1073 4129; x_wconf 75' lang='grc' dir='ltr'><strong><em>θεότης</em></strong></span> <span class='ocrx_word' id='word_1_241' title='bbox 1096 4040 1141 4120; x_wconf 78' lang='grc' dir='ltr'><strong><em>ὡς</em></strong></span> <span class='ocrx_word' id='word_1_242' title='bbox 1161 4043 1205 4131; x_wconf 83' lang='grc' dir='ltr'><strong><em>μὴ</em></strong></span> 
     </span>
     <span class='ocr_line' id='line_1_33' title="bbox 176 4131 1207 4228; baseline -0.002 -18"><span class='ocrx_word' id='word_1_243' title='bbox 176 4131 276 4222; x_wconf 83' lang='grc' dir='ltr'><strong><em>οῦσα,</em></strong></span> <span class='ocrx_word' id='word_1_244' title='bbox 306 4138 382 4208; x_wconf 81' lang='grc' dir='ltr'><strong><em>οῦτε</em></strong></span> <span class='ocrx_word' id='word_1_245' title='bbox 405 4137 513 4227; x_wconf 78' lang='grc' dir='ltr'><strong><em>όψονς</em></strong></span> <span class='ocrx_word' id='word_1_246' title='bbox 536 4141 625 4208; x_wconf 74' lang='grc' dir='ltr'><strong><em>ἐστίν</em></strong></span> <span class='ocrx_word' id='word_1_247' title='bbox 646 4142 829 4228; x_wconf 84' lang='grc' dir='ltr'><strong><em>ε’νδεομίνη,</em></strong></span> <span class='ocrx_word' id='word_1_248' title='bbox 853 4139 911 4206; x_wconf 85' lang='grc' dir='ltr'><strong><em>κάν</em></strong></span> <span class='ocrx_word' id='word_1_249' title='bbox 935 4167 971 4207; x_wconf 87' lang='grc' dir='ltr'><strong><em>τε</em></strong></span> <span class='ocrx_word' id='word_1_250' title='bbox 993 4139 1087 4225; x_wconf 88' lang='grc' dir='ltr'><strong><em>παρά</em></strong></span> <span class='ocrx_word' id='word_1_251' title='bbox 1107 4166 1207 4208; x_wconf 88' lang='grc' dir='ltr'><strong><em>τινων</em></strong></span> 
     </span>
     <span class='ocr_line' id='line_1_34' title="bbox 174 4232 1212 4325; baseline -0.004 -18"><span class='ocrx_word' id='word_1_252' title='bbox 174 4242 249 4307; x_wconf 81' lang='grc' dir='ltr'><strong><em>τῶν</em></strong></span> <span class='ocrx_word' id='word_1_253' title='bbox 271 4239 308 4307; x_wconf 75' lang='grc' dir='ltr'><strong><em>ἐν</em></strong></span> <span class='ocrx_word' id='word_1_254' title='bbox 329 4232 455 4325; x_wconf 76' lang='grc' dir='ltr'><strong><em>ὀγνοία</em></strong></span> <span class='ocrx_word' id='word_1_255' title='bbox 471 4236 574 4305; x_wconf 81' lang='grc' dir='ltr'><strong><em>ὄντων</em></strong></span> <span class='ocrx_word' id='word_1_256' title='bbox 596 4238 640 4323; x_wconf 77' lang='grc' dir='ltr'><strong><em>μὴ</em></strong></span> <span class='ocrx_word' id='word_1_257' title='bbox 663 4235 804 4321; x_wconf 78' lang='grc' dir='ltr'><strong><em>ῦιμοῖτο,</em></strong></span> <span class='ocrx_word' id='word_1_258' title='bbox 835 4236 910 4304; x_wconf 75' lang='grc' dir='ltr'><strong><em>οὕτε</em></strong></span> <span class='ocrx_word' id='word_1_259' title='bbox 939 4236 995 4304; x_wconf 88' lang='grc' dir='ltr'><strong><em>διὰ</em></strong></span> <span class='ocrx_word' id='word_1_260' title='bbox 1021 4243 1079 4324; x_wconf 73' lang='grc' dir='ltr'><strong><em>τῆς</em></strong></span> <span class='ocrx_word' id='word_1_261' title='bbox 1107 4263 1212 4319; x_wconf 86' lang='grc' dir='ltr'><strong><em>τινων</em></strong></span> 
     </span>
    </p>
   </div>
   <div class='ocr_carea' id='block_1_3' title="bbox 0 0 1438 5084">
    <p class='ocr_par' dir='ltr' id='par_1_5' title="bbox 0 0 1438 5084">
     <span class='ocr_line' id='line_1_35' title="bbox 0 0 1438 5084; baseline 0 3"><span class='ocrx_word' id='word_1_262' title='bbox 0 0 1438 5084; x_wconf 95' lang='lat' dir='ltr'><strong><em> </em></strong></span> 
     </span>
    </p>
   </div>
  </div>
 </body>
</html>
