2867 5084
245 925 307 989 158
471 939 675 990 οιτιυιαιον
692 936 787 988 xm
805 939 991 989 κιυετσιευ
1008 942 1038 988 ιι.

242 1090 412 1157 λσιῶσθαι
439 1081 539 1154 αὐτόν
561 1088 655 1172 παρὰ
675 1089 734 1176 τὴν
757 1091 814 1154 τοῦ
838 1089 965 1173 πατρὸς
987 1081 1121 1167 οὖσίαν,
1152 1088 1259 1157 ἐνεδό-

242 1210 324 1252 σατσ
348 1186 461 1270 σάρκα,
484 1189 537 1252 καὶ
554 1187 587 1254 ἐν
604 1181 684 1273 αὐτῇ
701 1192 867 1264 πέπονθε,
891 1188 943 1251 καὶ
961 1185 1171 1272 ἐσταυρώθη,
1196 1187 1258 1252 ότι-

243 1283 393 1362 ξάτωσαν
426 1278 504 1367 ἡμῖν
532 1290 566 1349 τί
592 1287 658 1349 τῶν
688 1281 797 1349 ἄλλων
819 1285 1050 1365 πνευματικῶν
1071 1282 1259 1365 κτισμάτων

241 1387 350 1447 καίτοι
372 1406 408 1466 γε
429 1377 543 1460 όντων,
567 1380 742 1447 ἐνεδύσατο
765 1380 880 1464 σάρκα.
911 1374 949 1444 οό
972 1380 1033 1464 γάρ
1057 1380 1198 1446 δύναται
1217 1378 1257 1464 μη

218 1472 300 1561 σσάχ
328 1473 501 1562 ὁμολογεῖν
528 1478 586 1543 τὸν
614 1478 686 1543 υἱὸν
715 1476 799 1561 ὑπὲρ
828 1477 947 1543 πάντα.
993 1474 1054 1544 κάν
1081 1503 1119 1544 τε
1139 1484 1256 1560 κτίσμα

241 1569 340 1641 αὐτὸν
371 1577 510 1660 λέγοιεν,
541 1571 759 1660 ὁμολογοῦσιν
789 1569 888 1641 αὐτὸν
916 1570 1001 1659 ὑπὲρ
1031 1570 1094 1640 ὅλα
1121 1573 1164 1640 τά
1193 1580 1256 1640 κτί·

242 1696 351 1756 σματα
374 1670 486 1738 αὐτοῦ.
531 1667 690 1737 ἀλλὰκαὶ
714 1667 759 1749 ὡς
778 1671 989 1755 χαριζόμενοι
1011 1666 1099 1756 αὐτῷ
1121 1670 1278 1756 βούλου-ὓ

240 1796 296 1835 ται
319 1764 418 1834 αὐτὸν
440 1769 641 1851 θεραπεύειν
664 1769 760 1855 λόγῳ,
784 1765 898 1854 ὥσπερ
918 1771 1002 1852 χειρὶ
1025 1772 1087 1854 μιᾷ
1104 1770 1167 1851 μὲν
1181 1764 1257 1834 ποί·

242 1889 349 1945 οντες,
383 1869 423 1951 τῇ
459 1867 493 1931 δὲ
528 1864 609 1951 άλλη
639 1861 841 1952 ἀλείφοντες.
886 1870 984 1932 τοῦτο
1005 1866 1066 1951 γάρ
1090 1867 1257 1942 θέλουσιν,

206 1980 233 2030 10
242 1958 356 2046 ὥσπερ
392 1962 427 2040 ἐξ
459 1961 546 2040 ἰδίας
577 1971 805 2047 προαιρέσεως
836 1958 924 2048 αὐτῷ
954 1969 1258 2047 προσχαρίσασθαι.

240 2063 293 2126 καὶ
317 2061 463 2145 λέγουσι,
493 2065 613 2142 κτίσμα
635 2061 694 2140 μὲν
717 2062 867 2145 λέγομεν,
896 2055 964 2126 ἀλλ’
990 2055 1048 2142 οὐχ
1071 2058 1117 2137 ὡς
1139 2062 1175 2125 ἓν
1196 2061 1258 2124 τῶν

239 2158 443 2241 κτισμάτων,
477 2156 533 2223 καὶ
564 2163 708 2243 ποίημα,
741 2160 797 2223 καὶ
830 2152 887 2241 οἰχ
920 2155 965 2235 ὡς
996 2161 1030 2223 ἓν
1061 2160 1128 2223 τῶν
1162 2179 1262 2241 ποιη-

239 2255 368 2338 μάτων,
401 2258 455 2321 καί
488 2260 645 2341 γέννημα,
680 2257 734 2320 καὶ
768 2249 826 2337 οόχ
859 2251 904 2332 τίς
937 2258 970 2320 ἓν
1003 2256 1069 2319 τῶν
1102 2253 1260 2340 γεννημά·

239 2378 321 2432 των,
350 2353 407 2419 ἵνα
435 2353 469 2420 ἒν
496 2356 543 2439 τῷ
572 2352 694 2431 εἰπεῖν,
726 2346 784 2435 σάχ
812 2349 857 2429 ὡς
885 2355 919 2418 ἐ’-ν
948 2355 1013 2417 τῶν
1041 2350 1261 2436 γεννημάτων,

200 2475 229 2526 15
240 2443 514 2532 ἀποστερήσωσιν
542 2444 642 2516 αὐτὸν
670 2453 728 2536 τῆς
753 2449 837 2514 κατὰ
860 2448 961 2535 φύσιν
982 2449 1178 2534 γεννήσεως,
1209 2448 1261 2513 καλ

240 2545 274 2612 ἔν
295 2549 341 2631 τῷ
365 2545 482 2626 εἰπεῖν,
507 2541 565 2628 σῦχ
588 2541 633 2624 ὡς
656 2550 689 2612 ἓν
711 2551 777 2612 τῶν
799 2546 997 2629 κτισμάτων,
1020 2547 1076 2612 ἵνα
1098 2540 1264 2631 ἀληθινὸν

239 2649 360 2725 κτίσμα
388 2638 488 2709 αὐτὸν
522 2640 755 2730 άπαφάνωσιν.
802 2638 874 2710 οἷον
903 2643 965 2728 γὰρ
996 2643 1052 2709 ἐὰν
1080 2631 1100 2729 ἦ
1128 2650 1261 2725 κτίσμα,

238 2745 360 2821 κτίσμα
388 2735 546 2824 ὑπάρχει,
580 2737 639 2806 κάν
666 2767 703 2807 τε
730 2740 1037 2824 μυρισνταπλάσισν
1066 2739 1181 2806 ἐπάνω
1210 2740 1301 2823 ιίηΙ)Ι

240 2833 345 2918 ὄνομα
373 2835 460 2918 ἕχον,
490 2837 528 2902 τὸ
551 2834 632 2904 αότό
655 2837 727 2904 ἐστι
749 2848 821 2915 τοῖς
844 2841 931 2904 πᾶσι
952 2843 1128 2920 κτίσμασιν
1151 2836 1265 2916 ἐξισα-

199 2953 230 3004 20
241 2933 383 3014 ξάμενον.
416 2929 453 2999 οὗ
476 2935 537 3020 γὰρ
562 2931 614 3001 ὅτι
628 2932 723 3021 ἥλιος
738 2935 958 3021 φαιδρότερος
972 2937 1038 3001 τῶν
1054 2932 1164 3000 ἄλλων
1182 2933 1263 3014 ἐστὶ,

239 3029 376 3097 όόναται
399 3032 443 3117 μὴ
467 3027 552 3099 είναι
573 3039 703 3116 κτίσμα,
728 3028 842 3117 ὥσπερ
865 3031 920 3098 καὶ
944 3027 1084 3110 όλίθος.
1116 3025 1195 3098 οάόὲ
1212 3027 1266 3097 ὅτι

237 3124 255 3216 ἡ
288 3128 405 3217 σελήνη
433 3125 616 3215 ὑπερπαίει
643 3129 685 3195 τά
715 3126 837 3213 άστρα,
868 3128 961 3212 παρά
988 3133 1086 3195 τοῦτο
1110 3123 1170 3194 οὐκ
1193 3130 1266 3196 ἔστι

237 3230 303 3293 τῶν
325 3228 523 3312 κτισμάτων.
556 3225 629 3292 ἰδοὺ
650 3226 711 3312 γάρ
734 3227 776 3292 τά
798 3226 976 3308 σύμπαντα
992 3228 1093 3292 δοῦλα
1110 3224 1174 3292 ου’.
1201 3221 1265 3292 ὅσα

237 3324 298 3408 γάρ
322 3324 428 3405 ε’στιν,
459 3326 495 3403 ἐξ
515 3319 617 3390 αὐτοῦ
640 3323 730 3390 ἐστιν
754 3323 926 3407 ἐκτισμένα
948 3326 1002 3390 καί
1026 3324 1138 3389 δοῦλα.
1186 3319 1266 3390 ὅδὲ

198 3442 228 3494 γε
237 3421 416 3507 μονογενὴς
444 3416 588 3506 ἀλήθειά
618 3420 705 3500 ἐστι,
736 3424 789 3488 καὶ
814 3417 832 3485 ὁ
855 3419 951 3506 λόγος
973 3415 1074 3486 αὐτοῦ
1097 3414 1265 3506 ἀληθινὸς

238 3513 395 3601 ὑπάρχει,
429 3515 473 3596 ιῦς
502 3518 581 3604 ἔφη·
610 3517 667 3584 ἐὰν
696 3515 790 3603 ὑμεῖς
817 3525 948 3604 μείνητε
976 3518 1009 3586 ἒν
1035 3521 1082 3604 τῷ
1105 3518 1194 3604 λόγῳ
1217 3519 1264 3604 τῷ

240 3615 323 3701 ἐμῷ,
355 3608 492 3700 άληθῶς
518 3622 670 3702 μαθηταί
696 3641 761 3699 μου
791 3616 879 3694 ἐστὲ,
911 3615 966 3681 καὶ
997 3615 1171 3700 γνώσεσθε
1204 3615 1302 3702 τηντλ

240 3707 418 3800 άλήθειαν,
448 3712 504 3777 καὶ
531 3708 550 3798 ἦ
581 3707 726 3800 ἀλήθεια
750 3714 969 3799 ἐλευθερώσει
990 3709 1084 3796 ὑμᾶς.
1130 3712 1159 3780 εί
1183 3708 1263 3780 όὲό

239 3810 336 3896 λόγος
358 3804 458 3875 αὐτοῦ
483 3804 626 3895 άλήθεια
646 3806 797 3895 ὑπάρχει,
820 3814 873 3878 καί
892 3812 1065 3894 ἐλευθεροῖ
1080 3809 1157 3889 τοὺς
1172 3808 1267 3878 ἕλευ·

198 3913 477 3993 αιθερσυμίνσυς,
507 3906 605 3994 πόσῳ
627 3933 663 3992 γε
684 3910 811 3992 μᾶλλον
834 3904 933 3987 αὐτὸς
956 3907 1132 3993 ἐλεύθερος
1153 3902 1267 3994 ὖπάρ·

237 4032 304 4087 χει,
335 4002 480 4092 άληθεια
508 3999 553 4070 ὢν
579 4010 633 4071 καὶ
656 4005 842 4089 ἐλευθερῶν
870 4004 947 4084 τοίς
976 4000 1065 4090 αὐτῷ
1096 4011 1267 4090 πειθσμό·

241 4125 317 4179 νους
340 4099 437 4181 όντας
459 4102 614 4185 δούλους,·
637 4100 694 4169 διά
714 4101 753 4166 τὸ
777 4102 954 4184 σύμπαντα
976 4105 1079 4169 δοῦλα
1102 4095 1190 4169 εἶναι
1206 4099 1266 4170 αό-

240 4199 309 4275 τσῦ,
318 4201 372 4264 καὶ
381 4203 438 4266 τοῦ
452 4199 581 4285 πατρὸς
594 4195 694 4266 αὐτοῦ
707 4199 760 4263 καί
773 4201 831 4263 τοῦ
844 4195 938 4285 ἁγίου
950 4200 1140 4285 πνεύματος
1149 4193 1266 4269 αὐτοῦ.
