2867 5084
235 929 295 991 170
460 937 663 987 σσισινιοε
679 935 775 985 κατι
793 934 981 985 mamm
997 935 1028 983 ο.

230 1114 345 1168 σουσι,
373 1091 500 1172 μᾶλλον
523 1089 558 1154 δέ
580 1086 732 1165 ἑαυτούς·
762 1080 800 1153 ού
822 1084 884 1169 γὰρ
906 1084 965 1171 τὴν
988 1078 1169 1171 ἀλήθειαν·
1199 1085 1251 1150 καὶ

233 1187 348 1273 ἐπειδὴ
378 1175 492 1272 ηύρον,
522 1182 575 1251 ότι
606 1180 624 1249 ό
653 1184 764 1268 κύριος
792 1184 898 1250 ίκτισέ
923 1208 981 1266 με,
1009 1181 1254 1265 ῥιψοκινδύνως

234 1283 347 1370 ὥσπερ
370 1282 612 1369 φανταζόμενοι
634 1276 899 1364 ύνειρυπολυύσι,
923 1278 966 1346 τὰ
986 1281 1088 1366 μηδὲν
1109 1277 1254 1365 χρήσιμα

234 1382 515 1466 έπεισενέγκαντες
541 1383 589 1466 τῷ
616 1386 696 1464 βίῳ,
726 1380 779 1444 καλ
801 1377 1000 1460 ταράξαντες
1021 1377 1079 1463 τήν
1102 1377 1253 1458 οἰκουμέ-

209 1499 300 1567 5νην.
331 1478 370 1545 τό
393 1480 429 1546 δὲ
448 1475 615 1562 Ἑρέραῖκύν
638 1471 696 1557 ούχ
719 1472 825 1553 σύτως
840 1478 921 1558 ίχει·
945 1471 1027 1542 ὅθεν
1046 1470 1189 1554 Ἀκύλας
1203 1474 1277 1542 λέ·ο

233 1602 284 1663 γει
307 1576 437 1661 ’κύριος
460 1574 617 1662 έκτήσατό
639 1577 707 1657 με”.
746 1567 795 1640 ἀεὶ
821 1573 857 1639 δὲ
879 1573 912 1638 οἱ
933 1576 1107 1658 γεννῶντες
1129 1572 1253 1650 παῖδας

234 1676 393 1760 λέγουσιν,
417 1673 598 1758 ἐκτησάμην
621 1671 702 1736 υίόν.
735 1664 803 1737 ἀλλ’
822 1668 897 1737 ούτε
916 1665 1055 1749 Ἀκύλας
1076 1670 1135 1756 τήν
1158 1668 1255 1735 δύνα-

232 1799 290 1856 μιν
311 1768 500 1857 ἡρμήνευσε.
532 1771 585 1834 καλ
607 1766 668 1853 γὰρ
691 1768 729 1834 τό
754 1768 957 1854 “ε’κιησοήιην
982 1766 1067 1833 υίὸν”
1089 1762 1135 1846 ιύς
1149 1766 1255 1850 πρόσ·

237 1868 343 1955 φατόν
366 1867 466 1934 ἐστιν.
498 1866 531 1932 έν
554 1868 625 1950 θεῷ
649 1867 685 1932 δὲ
708 1860 803 1932 οὐδὲν
826 1866 875 1932 ἔνι
897 1865 1104 1952 πρόσφατον.
1138 1863 1200 1933 κᾶν
1221 1889 1255 1930 τε

197 1982 227 2032 ιο
237 1960 379 2050 ὁμολογῇ
407 1989 459 2042 τις
487 1963 505 2027 ό
533 1969 721 2048 γεγέννηται
751 1959 769 2028 ό
799 1963 870 2041 υίὸς
892 1963 927 2030 ἔκ
947 1966 1006 2030 τού
1029 1963 1173 2048 πατρὸς,
1203 1963 1253 2028 καὶ

236 2057 293 2129 ούκ
316 2065 471 2129 ἔκτισται.
501 2067 688 2146 γεγέννηται
710 2063 745 2127 δὲ
762 2056 908 2146 όχρόνως
922 2068 976 2127 καί
991 2056 1149 2146 σἰνάρχιυς.
1182 2059 1254 2127 ούτε

234 2160 296 2247 γὰρ
326 2161 374 2227 ἔνι
400 2159 517 2242 χρόνος
545 2153 608 2225 όνὰ
637 2165 739 2240 μέσον
770 2159 841 2224 υἱοῦ
869 2161 925 2224 καὶ
957 2158 1099 2242 πατρὸς,
1129 2160 1187 2226 ἵνα
1212 2157 1252 2243 μή

234 2257 350 2342 χρόνος
377 2283 428 2334 τις
456 2253 541 2340 ὑπὲρ
571 2257 677 2322 πλείω
705 2261 837 2341 γένηται
866 2259 924 2322 τού
948 2256 1030 2322 υίού.
1077 2256 1106 2323 εἰ
1128 2258 1191 2342 γὰρ
1213 2249 1251 2322 δι’

236 2351 337 2421 αύτού
359 2354 400 2420 τὰ
423 2354 542 2433 πάντα,
567 2350 631 2437 ι’ίρα
653 2361 706 2419 καὶ
730 2354 763 2418 οἱ
783 2352 906 2437 χρόνοι.
949 2353 1067 2438 χρόνου
1091 2355 1127 2421 δὲ
1149 2350 1252 2437 ὑπάρ-

198 2470 226 2520 15
234 2477 350 2535 χυντυς
371 2455 429 2518 τού
453 2452 520 2536 πρὸ
543 2452 677 2517 πόντων
701 2448 805 2529 ὄντος,
828 2455 903 2529 πῶς
925 2452 1018 2519 ἔσται
1032 2454 1151 2534 ταύτας
1174 2446 1253 2519 ἄλλό
1308 2460 1311 2467 “

239 2551 267 2618 εί
296 2549 360 2635 ἄρα
390 2549 611 2635 ζητηθήσεται
639 2545 739 2626 ἄλλος
768 2548 855 2626 υίὸς,
886 2544 925 2615 δι’
951 2538 990 2614 ού
1013 2549 1080 2633 πρὸ
1102 2553 1161 2616 τοῦ
1185 2549 1273 2616 υίσύῠ

237 2654 348 2732 γέγονε
368 2647 494 2730 χρόνος.
524 2651 577 2710 καὶ
600 2645 710 2710 πολλά
734 2645 832 2724 ἐστιν,
857 2645 941 2724 ἃείς
956 2645 1097 2730 ἄπειρον
1112 2643 1254 2730 ἀπορίαι

239 2743 311 2829 ἄγει
340 2742 382 2808 τόι
411 2746 476 2808 τῶν
505 2744 825 2827 περιεργαζομένων,
854 2748 907 2809 καὶ
930 2746 1032 2831 μηδὲν
1054 2741 1186 2828 ἀγαθόν
1208 2745 1255 2828 έρ·

239 2841 424 2925 γαζυμένιυν
448 2836 639 2922 ἀνθρώπιον
662 2841 868 2926 φρονήματα.
915 2841 949 2908 ἔν
975 2843 1009 2908 δὲ
1032 2846 1079 2927 τῷ
1099 2837 1254 2926 Ἕβραῑκῷ

197 2941 326 3022 ἳθλέγει
349 2933 490 3015 ἀδωναῒ,
516 2936 533 3001 ὃ
557 2939 684 3022 λέγεται
706 2938 832 3023 κύριος,
855 2942 987 3019 κανανὶ,
1012 2938 1150 3005 δύναται
1172 2941 1256 3025 λέγε-

240 3042 335 3115 σθαι,
358 3038 411 3101 καὶ
435 3034 609 3102 ένόσσευσέ
629 3061 687 3117 με,
710 3039 765 3101 καὶ
787 3034 945 3121 έκτήσατό
966 3062 1017 3117 με.
1047 3035 1086 3101 τὸ
1110 3038 1147 3104 δὲ
1169 3031 1257 3121 δκρι·

238 3139 398 3219 βέστατον
421 3134 557 3219 λέγεται,
586 3131 760 3199 ε’νόσσευσὲ
781 3159 831 3215 με.
878 3143 979 3211 ποῖος
1001 3135 1037 3200 δέ
1058 3133 1182 3213 νοσσὸς
1205 3128 1296 3201 obus*

240 3226 309 3298 ἀπὸ
339 3231 470 3318 φύσεως
500 3234 558 3297 τού
586 3230 813 3317 γεγεννηκότος
838 3235 989 3314 γεννᾶται
998 3261 1008 3312 ,·
1037 3230 1092 3297 καὶ
1114 3221 1181 3299 ὦδε
1204 3234 1261 3316 μὲν

241 3327 274 3394 έν
296 3339 367 3405 τοῖς
391 3339 591 3412 σωματικοῖς
614 3329 792 3407 πλαστέυις
814 3328 870 3394 διὰ
892 3330 1109 3411 συνδυασμῶν
1125 3328 1268 3414 ἄρρενός

200 3441 277 3492 θέτε
299 3429 352 3491 καί
376 3427 515 3512 θηλείας
536 3425 577 3491 τὰ
600 3426 822 3509 νυσσευόμενα
843 3434 969 3510 γίνεται
991 3421 1061 3492 ἀπὸ
1077 3421 1269 3511 ἀνθρώπου

243 3523 304 3601 ἕως
331 3521 466 3608 κτήνους
494 3525 547 3588 καὶ
577 3525 737 3589 πετεινῶν
766 3525 818 3588 καί
848 3527 914 3589 τῶν
937 3521 1055 3589 ἄλλων.
1101 3524 1225 3610 διόπερ
1249 3514 1277 3592 ὖ

241 3619 419 3706 μονογενής
440 3619 482 3685 τὰ
504 3619 614 3686 πάντα
637 3627 742 3706 σοφία
765 3616 810 3686 ὢν
833 3625 891 3687 τοῦ
915 3621 1050 3705 πατρὸς,
1074 3623 1127 3687 καί
1143 3623 1285 3708 provida

241 3743 340 3803 μενος
363 3716 420 3783 ἐπὶ
444 3717 627 3799 διορθώσει
648 3717 690 3783 τὰ
712 3718 822 3784 πάντα
839 3718 1058 3803 ἓργάσασθαι,
1081 3719 1200 3807 ἵναμή
1218 3736 1291 3802 τις

244 3817 291 3896 είς
319 3810 418 3881 αύτὸν
447 3816 618 3900 λογίσηται
648 3812 669 3880 ἃ
696 3815 739 3901 μή
764 3815 852 3893 ἔστι,
883 3819 936 3882 καὶ
960 3815 1081 3902 ἐκπέσῃ
1104 3819 1164 3902 τής
1187 3815 1287 3908 ἄλην

202 3921 357 3992 θυθείας,
381 3913 564 3998 ἐκδημήσας
586 3916 632 3997 τηῖ
655 3915 721 3978 τῶν
744 3908 937 3996 ἀνθρώπων
959 3919 1059 3997 γένει,
1088 3916 1142 3980 καὶ
1166 3915 1282 4001 φύσει

244 4006 314 4077 ἇπὸ
335 4010 487 4095 γυναικός
508 4009 694 4094 γεννηθείς,
724 4010 778 4075 καί
803 4010 835 4076 ἐν
858 4009 965 4098 μήτρᾳ
987 4016 1164 4095 παρθένου
1188 4009 1277 4083 δινα-

244 4108 372 4186 κλιθεὶς
399 4108 457 4174 τὸν
478 4112 544 4174 τῶν
567 4114 754 4193 κυοφυρίων
776 4107 909 4190 χρόνον,
939 4102 997 4173 ούκ
1020 4103 1089 4174 ἀπὸ
1113 4116 1275 4197 σπέρμα-

243 4227 300 4280 τος
323 4200 441 4289 ἀνδρὸς
463 4205 672 4292 συνελήφθη,
702 4204 757 4269 ἵνα
779 4203 822 4290 μή
847 4204 1054 4288 συνδυασμὸς
1074 4209 1128 4273 καὶ
1154 4219 1312 4297 παρα-Ι
