2867 5084
587 948 707 1001 ιισινι.
726 953 912 1004 ιυοιιοιοι.
1202 942 1264 1006 385

328 1097 435 1163 Και”
418 1121 490 1164 εστι
511 1103 577 1165 τῶν
602 1100 649 1179 είς
671 1097 757 1187 ἡμᾶς
779 1098 849 1168 ἀπὸ
873 1110 993 1190 μέρους
1015 1101 1246 1223 ε’λθόντφν)
1207 1133 1281 1175 αυ-,

235 1198 298 1259 τοῦ
325 1201 541 1282 φθοριμαίιυν
565 1200 620 1265 λέὲ
621 1225 692 1277 εωι
724 1196 769 1278 ὡς
798 1201 890 1288 ἔφην,
924 1197 1045 1289 ἡάρχὴ
1070 1198 1149 1287 παρ’
1174 1200 1266 1290 ῦμιῦν

238 1287 490 1380 ἀνατρεπομίνη
525 1291 615 1383 ου’τη.
668 1299 844 1380 τριακόσια
880 1298 941 1384 γὰρ
979 1295 1062 1382 ὁμοῦ
1100 1300 1266 1387 κεφάλαια

185 1384 449 1473 ὶλιῦμυιότροπα
477 1391 609 1471 τούτοις
637 1395 740 1480 φασὶν
771 1390 871 1462 αὐτὸν
901 1403 1120 1482 πεποιηκέναι
1154 1398 1265 1513 πάσης

236 1490 454 1609 βλασφημίας
478 1491 614 1572 ἔμπλεα.
647 1491 794 1558 ἐνταῦθα
819 1489 902 1558 δὲ
877 1518 922 1571 ως
945 1488 1175 1605 ἀπολλυμένου
1199 1497 1265 1563 σαί·
1272 1509 1287 1558 ⁵

237 1609 343 1668 ματος
359 1586 499 1670 ἑρπετοῦ
515 1588 570 1653 καὶ
587 1612 658 1653 σαι
661 1595 761 1668 ἐντος,
786 1589 952 1676 ε’πηβόλου
968 1591 1059 1668 τινος
1075 1594 1223 1658 σπουδαί
1211 1601 1263 1659 ίου

237 1679 480 1765 δναλεξαμίυου
502 1688 569 1749 τῶν
591 1690 649 1750 τοῦ
674 1687 813 1769 ἑρπετοῦ
837 1686 1005 1771 λειψάνων
1028 1687 1070 1753 τὰ
1094 1684 1194 1755 ὀστέα
1217 1691 1264 1770 εἷς

237 1796 274 1844 λι
268 1807 341 1866 μην
364 1785 472 1860 τινιῦν,
497 1809 534 1867 ην
557 1787 716 1865 καιχῦται
739 1783 919 1871 ἐπιβουλην
939 1792 1170 1873 πεποιηκέναι,
1194 1791 1262 1854 τισι

194 1923 196 1926 >
235 1877 375 1964 γράφων
408 1876 566 1965 δῆθεν“
542 1907 587 1958 ιυς
614 1880 697 1946 κατὰ
721 1883 919 2000 φιλοκαλίαν
949 1889 1096 1967 περιέχει
1123 1883 1161 1949 τὸ
1185 1908 1263 1951 συν-

235 1976 427 2060 ταγμάτων,
467 1966 505 2042 οῦ
538 1973 556 2063 ἡ
591 1973 670 2063 ἀρχὴ
705 1976 819 2056 οὕτως.
865 1969 903 2045 οῦ
933 1981 1052 2051 είνεκεν
1082 2008 1136 2047 και
1165 1977 1299 2050 αῦτοιῐθ

234 2099 292 2158 της
314 2076 373 2139 τοῦ
397 2075 516 2141 θεοῦ’
503 2083 665 2159 ενεργείας
687 2076 728 2140 τὰ
751 2077 861 2143 ἰατικὰ
883 2081 949 2143 τιῦν
966 2076 1067 2161 λόγων
1088 2082 1146 2195 τῆς
1162 2085 1260 2160 θείας

234 2174 364 2258 γραφῆς
386 2166 623 2254 ἀναλεξάμενοι
652 2168 714 2239 ἀπ’
741 2168 888 2258 ἇρχης”
867 2200 942 2258 αχρι
975 2173 1140 2253 τέλους’
1122 2203 1259 2276 αγατρε·

233 2268 356 2354 πτικην
379 2264 551 2336 ἀντίδοτον
573 2295 867 2389 κατασκευασωμεν
889 2283 961 2350 τοῖς
974 2259 1189 2355 βουλομένοις
1207 2275 1258 2340 ἰα-

200 2367 340 2453 fimat
371 2392 429 2452 της
462 2365 562 2433 αῦτοῦ
592 2366 812 2450 ἰοβολίας,’
791 2395 942 2452 αντικρυς
970 2370 1107 2456 ἑκαστης
1140 2372 1257 2452 λέξεως

232 2458 427 2548 ἀνατροπὰς
455 2465 734 2551 παραθησόμενοι
766 2470 832 2531 τῶν
862 2462 970 2533 αῦτιῦν
1000 2468 1257 2553 συλλογιστικῶν
1268 2479 1294 2529 15

231 2564 424 2648 κεφαλαίων
448 2558 561 2641 οὕτως.

476 2784 529 2857 Τὰ
550 2785 691 2859 Ἀειιόυ
717 2794 786 2859 τοῦ
805 2786 1016 2877 Ἁνομοίου.

313 2949 448 3038 ἘπειδὴΙ
471 2956 530 3018 τοῦ
554 2953 788 3036 ἐπενεχθέντος
817 2955 850 3022 ἒν
879 2959 982 3041 καιρῷ
1004 2952 1082 3042 ἡμῖν
1106 2958 1252 3040 διωγμοῦ

214 3048 298 3119 ὑπὸ
321 3054 388 3116 τιῦν
410 3054 568 3135 χρονιτιῦν
591 3053 677 3130 τινὲς
698 3056 765 3119 τιῦν
792 3060 1038 3139 προειρημένων
1054 3053 1252 3140 σφετερισά-

209 3173 324 3231 ,ιιενοι
347 3146 430 3229 μετὰ
451 3149 506 3214 καί
529 3147 637 3215 ἄλλων
660 3150 794 3214 πολλῶν
810 3150 1017 3233 πονημάτιον
1033 3154 1291 3218 σπουδασθὲνλθ

210 3243 307 3335 ἡμῖν
342 3246 533 3327 ἰδιαζόντως
566 3249 643 3329 περὶ
678 3242 853 3333 ἀγεννήτων
887 3250 970 3313 θεοῦ
1010 3250 1062 3312 καὶ
1097 3251 1252 3333 γεννητοῦ

205 3344 457 3428 παρενθήκαις
485 3370 521 3410 τε
543 3342 597 3408 καὶ
621 3338 819 3429 ἄφαιρέοεσι
847 3345 1106 3429 διαφθείραντες
1135 3346 1253 3425 ἐξέδω-

199 3465 294 3519 καν,
319 3440 379 3527 τὴν
402 3434 629 3507 ἀκόλουθον’
612 3467 674 3523 αμε
677 3447 814 3524 ίψαντες
837 3435 1016 3528 ἀγωγην,η
998 3431 1083 3508 νλθε
1106 3443 1141 3510 δὲ
1167 3444 1252 3528 μετὰ

193 3543 331 3609 ταῦτα
352 3542 450 3605 τοῦτο
474 3539 521 3617 εἷς
542 3533 637 3623 ημᾶς,
660 3537 751 3616 τινὸς
773 3541 838 3604 τῶν
862 3539 1056 3605 σπουδαίων
1071 3536 1150 3627 ημῖν
1168 3538 1249 3608 αὐτὸ

194 3636 536 3722 προσκεκομικὸτος,
559 3630 774 3752 ἠναγκάσθην
796 3631 852 3701 σία
875 3635 986 3723 πατὴρ
1009 3626 1111 3717 αὖθις
1134 3642 1249 3707 διακα-
1258 3653 1289 3704 25

190 3735 336 3818 θάρας
359 3728 567 3818 ἐκπέμψαι
552 3743 628 3816 υμῖν
651 3732 690 3797 τὸ
713 3733 917 3818 σύγγραμμα,
946 3762 973 3801 ω
1005 3735 1127 3815 πάντες
1157 3735 1249 3804 εῦσε·

185 3840 317 3909 §elac
340 3825 487 3917 ἀθληταί
501 3857 537 3897 τε
551 3858 604 3896 και
596 3825 858 3918 ἀθλητριαι,”
839 3855 933 3911 οπως
949 3861 987 3899 αν
1004 3833 1160 3900 είδέναι”
1143 3858 1249 3916 εχοιτε

186 3924 295 3999 κατ’
328 3928 458 3995 ἔννοιαν
489 3932 555 3994 τῶν
588 3924 690 4013 ἁγίων
724 3931 861 4014 γραφῶν
894 3927 1100 4016 etqqossac‘
1083 3934 1185 4052 ημῶν
1207 3931 1247 3998 τὸ

194 4025 381 4114 λογίδιον,
406 4020 451 4093 δι
471 4016 509 4092 οῦ
532 4027 642 4093 πάντα
665 4024 850 4110 ἄνθρωπον
873 4020 1093 4112 ἀντιλέγειν
1076 4039 1154 4111 υμῖν
1171 4028 1246 4096 ἔπι-

191 4126 396 4215 χειροῦντα
429 4150 508 4209 περι
541 4118 716 4210 ἇγεννητου
745 4127 829 4191 θεοῦ
862 4151 915 4191 και
945 4128 1097 4210 γεννητοῦ
1125 4125 1285 4196 παῦεινὸο

201 4215 451 4304 ἀναισχυντεῖν
474 4221 650 4306 ουντόμοις
677 4232 900 4309 περιτροπαῖς
929 4220 1129 4308 δυνήσεσθε·
1159 4224 1250 4294 πάν·Ι
1344 4258 1348 4277 ·

273 4322 423 4376 Epiphanius.
448 4323 486 4367 ΙΙΙ.
1059 4328 1092 4377 25
