2867 5084
495 955 590 1007 m‘l.
610 959 814 1009 μΑΝιΧκιοι.
1114 948 1173 1010 117

149 1100 199 1184 εἷς
221 1106 319 1185 θεὸς,
354 1108 388 1172 ἓν
411 1110 541 1189 πνεῦμα
564 1107 709 1192 λαλῆσαν
734 1107 879 1194 ἐννόμῳ
906 1111 959 1174 καί
983 1108 1016 1174 ἐν
1040 1108 1175 1196 προφή-

94 1222 224 1282 Ίοῦταις
246 1205 300 1268 καί
324 1202 357 1269 ἐν
381 1198 565 1289 εὖαγγελίιμ.
603 1205 659 1270 διὰ
681 1209 778 1270 τοῦτο
801 1205 862 1290 γὰρ
886 1200 923 1269 οὗ
948 1206 1005 1271 δίο
1029 1208 1173 1273 παλαιαί

148 1302 326 1386 διαθῆκαι,
361 1305 415 1366 καί
439 1297 514 1368 οὔτε
537 1302 595 1367 δύο
625 1301 734 1367 καιναί
765 1303 940 1388 διαθῆκαι,
975 1303 1090 1390 ἐπειδὴ
1115 1298 1191 1369 οἰκ.

147 1399 213 1464 εἰσί
248 1397 306 1462 δόο
337 1397 370 1463 οἱ
400 1398 611 1479 διαθέμενοι,
647 1394 715 1464 ἀλλ’
741 1395 789 1478 εἷς
813 1398 830 1464 ὃ
853 1398 911 1484 την
934 1401 1082 1467 παλαιὰν
1104 1427 1172 1467 πα-

146 1497 252 1560 λαιῶν
281 1495 335 1560 καὶ
364 1493 422 1580 την
450 1495 564 1580 καινὴν
593 1491 824 1576 ἀνακαινίζων,
861 1491 898 1561 οὐ
931 1496 989 1583 τὴν
1023 1497 1195 1565 παλαιάν5

145 1594 318 1676 καταργῶν
334 1592 381 1670 είς
396 1586 596 1678 ἀφανισμὸν,
622 1589 705 1659 ἀλλὰ
720 1592 777 1679 τὴν
795 1592 942 1660 παλαιὰν
960 1595 1170 1673 καταπαύειν,

144 1689 203 1755 καί
237 1691 276 1775 τῇ
309 1689 444 1775 δευτέρᾳ
481 1697 747 1775 προστιθέμενος
784 1698 979 1775 περιουσίας
1017 1693 1172 1778 κληρονο-

143 1812 237 1871 μιαν.

235 1889 284 1951 86.
309 1882 431 1969 ’Ἁλλην
455 1886 491 1950 δὲ
513 1885 616 1950 πάλιν
639 1886 725 1964 λέξιν
744 1882 761 1950 ὁ
778 1881 878 1964 αὐτὸς
893 1885 1014 1971 Μάνης
1030 1896 1170 1969 παρείσ-

147 1987 245 2067 φέρει
267 1981 368 2066 λέγων
392 1977 445 2047 ὅτι
468 1976 545 2047 οίδα
566 1985 695 2065 πνεῦμα
712 1983 897 2066 σωζόμενον
913 1981 989 2050 ἀνευ
1006 1986 1168 2065 σωματος.
1184 2001 1211 2048 Ισ

145 2082 248 2143 τοῦτο
262 2081 332 2162 γάρ,
357 2077 450 2165 φησὶ,
475 2078 621 2146 διδάσκει
639 2078 656 2143 ὁ
673 2078 862 2158 ἀπόστολος
878 2081 979 2164 λέγων
995 2077 1048 2145 ὅτι
1065 2077 1171 2158 “ό’λως

114 2170 303 2241 θάκοόεται
326 2175 359 2241 έν
382 2170 459 2258 ὑμῖν
482 2185 637 2260 πορνεία,
672 2177 726 2242 καὶ
754 2177 889 2259 τοιαύτη
913 2185 1068 2260 πορνεία,
1100 2173 1171 2261 ἥτις

146 2275 223 2339 οὐδὲ
252 2272 286 2338 ἐν
313 2283 385 2350 τοῖς
414 2273 562 2352 ἐ’θνεσιν,
598 2270 683 2339 ὥστε
706 2274 843 2357 γυναῖκά
865 2299 939 2338 τινα
961 2278 1019 2338 τοῦ
1043 2273 1172 2356 πατρὸς

146 2370 242 2452 ἔχειν.
287 2373 339 2435 καί
364 2367 457 2453 ὑμεῖς
480 2377 732 2456 πεφυσιωμένοι
755 2371 842 2448 ἐστὲ,
874 2372 926 2435 καί
951 2364 1021 2451 οίχί
1044 2371 1170 2452 μᾶλλον

143 2466 357 2552 ἐπενθήσατε
379 2469 434 2534 ἵνα
457 2462 547 2553 ἀρθῇ
571 2467 605 2534 ίκ
627 2474 729 2551 μέσου
754 2464 844 2551 ὖμιῦν
867 2463 938 2531 δτὸ
954 2467 1047 2551 ἔργον
1072 2470 1169 2532 τοῦτο
1182 2481 1208 2530 15

144 2564 287 2648 πράξας.
339 2565 400 2649 έγιὺ
430 2567 489 2647 μέν
521 2559 618 2631 ἀπιὸν
651 2568 698 2650 τῷ
729 2567 874 2648 στόματι,
913 2563 1029 2646 παριὺν
1060 2565 1096 2629 δὲ
1123 2567 1169 2649 τῷ

144 2661 328 2743 πνεύματι,
355 2660 416 2747 ἤδη
440 2667 569 2745 κέκρικα
591 2663 648 2727 τὸν
671 2662 709 2727 τὸ
734 2663 826 2748 ἔργον
848 2665 946 2727 τοῦτο
969 2661 1170 2744 κατεργασό-

141 2783 259 2843 μενον,
296 2759 524 2826 συνελθόντων
556 2755 647 2841 ἱμῶν
680 2763 732 2826 καί
768 2763 826 2825 τοῦ
860 2765 971 2842 κυρίου
999 2757 1082 2839 μετὰ
1110 2761 1168 2823 τοῦ

144 2857 227 2940 ἐμοῦ
252 2855 448 2938 πνεύματος,
476 2857 685 2937 παραδοῦναι
708 2857 765 2923 τόν
788 2859 939 2923 τοιοῦτον
962 2860 1007 2940 τῷ
1032 2860 1167 2941 σατανᾷ,

144 2954 196 3032 εἷς
225 2951 367 3035 ὄλεθρον
396 2957 453 3039 τῆς
482 2954 616 3037 σαρκὸς,
655 2955 710 3020 ἵνα
738 2954 776 3019 τὸ
800 2956 929 3035 πνεῦμα
953 2956 1049 3038 σωθῇ
1074 2952 1107 3018 έν
1130 2956 1210 3038 τῇκθ

143 3049 252 3139 ἡμέρᾳ
281 3054 340 3115 τοῦ
368 3043 510 3136 κυρίσσ”.’
554 3049 694 3135 ὄλεθρος
718 3053 753 3118 δὲ
778 3051 834 3117 ε’πί
858 3050 977 3133 σαρκός
1001 3046 1018 3114 ὁ
1041 3051 1169 3115 παντά·

144 3155 252 3216 παοίν
281 3148 370 3214 εὀτιν
400 3145 597 3235 ἀφανισμός.
654 3152 728 3226 πῶς
756 3138 812 3214 οὖν
843 3143 1084 3232 ἀφανιζομένης
1112 3150 1169 3231 τῆς

107 3247 269 3330 (ἕσαρκὸς
291 3245 325 3312 έν
344 3248 430 3331 χειρὶ
451 3249 509 3311 τοῦ
531 3245 699 3329 διαβόλου,
723 3247 775 3311 καί
793 3245 979 3325 σωζομένου
996 3247 1053 3307 τοῦ
1069 3243 1170 3309 πνεό-

142 3369 267 3430 ματος,
297 3344 346 3410 έτι
375 3344 468 3410 ἔσται
497 3340 678 3421 ἀνάστασις
707 3341 869 3426 σωμάτιον
897 3335 917 3425 ἢ
940 3339 1077 3424 σαρκός,·
1114 3344 1166 3407 καί

144 3439 206 3510 οάκ
228 3436 316 3508 οἶδεν
339 3437 357 3505 ὁ
381 3440 519 3525 άπειρος
541 3440 623 3507 κατὰ
646 3440 757 3506 πάντα
780 3436 832 3505 ὅτι
855 3437 895 3504 τά
918 3439 995 3524 έργα
1015 3441 1072 3524 τῆς
1088 3454 1208 3521 σαρ-ἰε

141 3539 204 3618 κδς
226 3545 380 3623 πορνεία,
403 3544 549 3620 μοιχεία,
580 3533 733 3621 ἀσέλγεια
760 3535 814 3603 καί
834 3537 876 3602 τὰ
897 3537 1028 3613 τούτοις
1051 3532 1166 3618 ὅμοια·

141 3639 200 3706 καί
225 3630 262 3702 οὐ
278 3640 355 3717 περί
372 3629 471 3720 αὗτῆς
485 3638 543 3720 τῆς
558 3634 677 3719 σαρκός
693 3636 788 3721 λέγει,
812 3629 896 3700 ἀλλὰ
911 3637 976 3699 τῶν
993 3634 1094 3718 έργων
1109 3636 1167 3718 τῆς

139 3732 278 3819 σαρκός.
310 3729 365 3800 ὅτε
386 3735 446 3817 μὲν
469 3732 641 3817 ἐργάσεται
657 3739 824 3816 πορνείαν,
848 3727 967 3817 ἡσὰρξ
982 3731 1165 3814 ἐργάζεται·

139 3832 203 3902 ε’ὰν
227 3831 264 3896 δὲ
284 3829 442 3917 κτήσηται
465 3829 661 3915 ἐγκράτειαν,
686 3825 794 3896 οὐκέτι
815 3824 834 3914 ἡ
858 3827 940 3910 σὰρξ
962 3828 1045 3910 σάρξ
1066 3826 1165 3903 ἐστιν,

139 3926 232 3998 ἀλλὰ
255 3922 273 4013 ἡ
297 3925 380 4013 σὰρξ
399 3930 640 4013 μεταβέβληται
663 3926 710 4002 εἷς
732 3929 870 4007 πνεῦμα,
896 3920 940 4001 ὡς
962 3923 1016 3990 καί
1040 3918 1057 3987 ὃ
1080 3915 1207 3988 ἀπό-30

138 4027 266 4103 στόλος
298 4025 385 4110 λέγει
408 4021 461 4091 ὅτι
484 4021 522 4091 “ό
546 4019 602 4091 ἀπ’
629 4020 728 4109 ἀρχῆς
751 4023 904 4102 συζεύξας
930 4020 971 4086 τὰ
994 4015 1166 4104 ἀμφότερα

140 4120 257 4202 ελπεν,
288 4118 362 4189 ἀντὶ
382 4121 500 4189 τοίτσο
528 4122 723 4204 καταλείψει
753 4119 936 4203 ἄνθρωπος
959 4115 1014 4182 τὸν
1037 4119 1166 4199 πατέρα

106 4217 248 4296 ααάτοῦ
271 4222 324 4288 καί
347 4219 405 4308 τὴν
427 4225 550 4307 μητέρα
573 4215 684 4296 αὐτοῦ,
708 4221 762 4284 καί
785 4213 1028 4300 κολληθήσεται
1049 4215 1088 4300 τῇ
1110 4238 1167 4299 γυ-
