2867 5084
289 915 353 974 414
524 925 720 973 ιοιιιψειιιον
739 926 834 974 κατα
853 886 1155 1061 εινσέλᾞ

290 1075 504 1154 ἐξισοῦσθαι,
538 1077 596 1160 της
625 1069 788 1159 ἀληθείας
820 1070 871 1142 ἀεὶ
899 1076 1061 1162 μενούσης
1090 1077 1145 1143 καλ
1172 1076 1356 1161 ἑκυύσιηζ,

287 1172 466 1256 χρειώδους
494 1170 617 1250 τάξεως
650 1170 743 1237 έν(
711 1176 772 1258 υιῷ
795 1176 879 1239 θεοῦ
907 1171 942 1239 ἐν
964 1169 1109 1261 ἀληθείᾳ
1136 1172 1176 1239 τὸ
1203 1172 1311 1258 σαφλς

290 1268 518 1381 555505055555
556 1267 632 1334 οίτε
661 1267 723 1352 γὰρ
746 1275 876 1384 πατέρα
896 1294 961 1353 μου
990 1273 1043 1337 καί
1067 1265 1235 1385 πατέρα’
1218 1274 1309 1353 υμῶν

288 1368 371 1434 κατὰ
393 1367 451 1452 τὴν
474 1365 579 1451 σάρκα
602 1366 649 1444 εἰς
665 1354 784 1445 αῦτοὺς
806 1369 999 1453 πληριοτέον
1020 1372 1109 1447 (πῶς
1122 1366 1184 1452 γάρ
1200 1365 1328 1479 πατίηρι

264 1464 410 1550 οσαρκὸς
444 1460 461 1529 5
490 1464 573 1542 θεὸς
602 1459 619 1527 5
649 1462 755 1546 σάρκα
782 1462 827 1551 μη
861 1464 1112 1549 ένδυσάμενοςς)
1149 1464 1226 1531 οὕτε
1254 1467 1311 1530 τὸν

288 1564 371 1632 θεόν
393 1586 457 1647 μου
491 1563 546 1628 καί
567 1560 650 1628 θεὸν
673 1557 764 1645 ῦμαῦν
801 1561 884 1627 κατὰ
905 1561 965 1648 τὴν
988 1566 1046 1628 τοῦ
1070 1563 1142 1629 υίσῦ
1166 1562 1313 1648 θεάτητα

288 1665 343 1729 καὶ
376 1659 460 1726 κατὰ
494 1658 551 1745 την
584 1661 747 1744 μαθητῶν
779 1658 954 1725 υἱοθεσίαν
983 1661 1194 1742 πληρωτέον,
1228 1655 1315 1726 ἀλλὰ

288 1759 370 1825 θεάν
392 1782 456 1841 μου
478 1759 531 1821 καὶ
556 1756 637 1822 θεὸν
660 1752 760 1837 ῦμιῦν,
792 1756 848 1821 διὰ
876 1754 934 1841 την
960 1752 1120 1843 ἡμετέραν
1143 1756 1315 1842 ένανθριί·

288 1878 401 1941 πησιν,
429 1853 668 1938 μυστηριωδῶς
696 1848 713 1916 5
738 1848 911 1939 ἀληθεύων
941 1854 975 1921 ἐν
1004 1850 1113 1921 ἅπασι
1142 1854 1221 1934 τοῦς
1248 1881 1314 1939 μα·

251 1953 397 2035 Ιθθητάς
418 1945 566 2036 ἠσφαλί
547 1974 627 2015 ετο.
675 1956 805 2033 πατέρα
836 1953 871 2015 δέ
892 1976 956 2033 μου
978 1954 1031 2018 καί
1056 1959 1186 2036 πατέρα
1209 1948 1311 2036 ῦμιῦν,

288 2050 345 2115 διὰ
375 2047 412 2113 τὸ
435 2048 513 2129 ίιιοῦ
544 2046 629 2130 πρὸς
657 2042 758 2112 αὐτὸν
790 2074 873 2114 κατα
902 2048 1003 2136 φάσιν
1032 2052 1085 2115 καὶ
1116 2049 1197 2133 ἐμοῦ
1227 2049 1312 2134 πρὸς

288 2143 372 2231 ὑμᾶς
402 2147 649 2223 επικοινωνίας,
683 2171 721 2230 ης
752 2145 815 2230 ἐγὼ
842 2148 902 2229 μὲν
931 2146 1015 2212 κατὰ
1046 2149 1311 2232 φιλανθρωπίαν

288 2244 472 2330 ἒνδημήσας
495 2237 638 2308 ἐ’δωκα(
623 2252 699 2326 υμῖν
722 2243 760 2306 τὸ
783 2244 961 2322 κοινωνοὺς
986 2250 1154 2328 γενέσθαι,
1179 2243 1237 2311 διά
1251 2248 1336 2319 τοῦο

288 2343 386 2426 ῥητοῦ
412 2340 556 2405 “ὶ’ὁωκεν
580 2335 694 2417 αὐτοῖς
717 2338 868 2419 ἐξουσίαν
890 2347 986 2406 τέκνα
1018 2345 1101 2407 θεοῦ
1124 2344 1311 2427 γενέσθαι.”

251 2439 405 2521 Ιῡδιάπερ
434 2439 487 2503 καί
511 2432 609 2514 αὐτὸς
639 2433 716 2520 παρ)
742 2434 856 2516 αὐτοῖς
878 2439 1050 2523 γενόμενος
1077 2439 1212 2526 μσρφίην
1235 2438 1312 2505 505-

287 2537 345 2602 λου
370 2537 474 2619 ἔλαβε,
499 2535 704 2618 προσφάτως
727 2535 913 2622 προσφάτῳ
938 2535 1210 2622 ἐπικοινωνήσας,
1244 2540 1312 2602 τῶν

287 2629 506 2716 άρχαϊζάντων
520 2632 686 2713 μενόντων
703 2632 737 2699 ἓν
753 2634 928 2719 ταυτότητι
950 2638 1001 2699 καί
1026 2632 1069 2718 μίη
1087 2635 1134 2712 είς
1155 2633 1310 2717 σύγχυσιν

285 2728 560 2814 μεταβαινόντων,
585 2731 664 2794 υίιῦν
687 2733 747 2810 μὲν
770 2726 972 2812 ἀνθρώπων,
1008 2732 1064 2796 διὰ
1090 2734 1149 2817 τῆς
1170 2735 1312 2816 μετοχῆς

286 2828 333 2905 είς
362 2823 559 2914 ἀφθαρσίαν
588 2830 899 2910 μεταβαλλομένων,
937 2825 998 2895 άλλ
1032 2824 1089 2894 οῦκ
1118 2829 1165 2905 εἰς
1188 2824 1312 2911 ὁμοου-

247 2925 424 3011 θθσιότητα
447 2931 688 3006 συνενουμένων
712 2925 765 2990 καί
789 2930 847 2991 τοῦ
869 2925 927 3010 τὴν
949 2924 1081 3012 μορφὴν
1108 2926 1229 2991 δούλου
1252 2930 1311 2991 λα-

284 3022 411 3107 βόντος,
448 3020 504 3086 διὰ
526 3025 584 3086 τοῦ
606 3023 665 3103 μὲν
691 3022 849 3105 λαβόντος
877 3023 915 3088 τὸ
944 3022 1141 3109 πρόσφατον
1171 3024 1310 3109 δηλοῦν-

285 3147 351 3200 τος,
379 3118 486 3185 διὰδὲ
508 3121 566 3183 τοῦ
591 3119 624 3183 ἐν
639 3123 752 3206 μορφῇ
777 3124 860 3186 θεοῦ
883 3116 1088 3203 ὑπάρχοντος
1111 3120 1158 3198 είς
1178 3121 1356 3207 τροπηνοιο

284 3219 327 3305 μη
353 3222 607 3302 παρερχομένου.
646 3217 771 3282 τούτων
802 3219 837 3283 δὲ
861 3215 964 3297 οὕτως
989 3215 1092 3283 ὄντων
1120 3221 1173 3283 καί
1199 3218 1234 3284 ίν
1256 3244 1312 3284 τε·

286 3317 358 3402 λείᾳ
380 3314 498 3399 γνώσει
522 3311 627 3390 οὕτως
651 3315 743 3396 παρὰ
759 3326 830 3392 τοῖς
846 3315 1077 3392 θεοδιδάκτοις
1092 3318 1212 3401 σαφοῦς
1228 3312 1312 3398 ὁμο-

245 3414 500 3496 θδλογουμένων,
530 3409 605 3477 οῦτε
628 3410 665 3475 τὸ
689 3412 771 3490 θεός
791 3438 856 3494 μου
878 3416 930 3478 καί
957 3410 1036 3490 θεάς
1061 3407 1158 3495 ῦμιῦν,
1188 3410 1267 3479 οῦτε
1290 3409 1310 3478 5

284 3509 394 3593 πατήρ
417 3532 481 3590 μου
504 3510 557 3573 καὶ
581 3507 690 3594 πατὴρ
714 3507 814 3591 ῦμιῦν,
838 3504 908 3574 άπὸ
930 3514 988 3597 τῆς
1005 3509 1089 3575 κατὰ
1110 3509 1148 3573 τὸ
1171 3508 1312 3595 εὔλογον

285 3605 517 3681 έπικοινωνίας
540 3606 596 3671 διὰ
618 3610 676 3671 τοῦ
700 3602 876 3689 ὁμωνύμου
894 3610 1015 3673 διοίσει
1030 3611 1088 3691 τῆς
1103 3602 1311 3694 ἀκραιφνοῦς

285 3700 409 3781 σῦσίας,
445 3697 515 3767 άπὸ
538 3706 595 3788 τῆς
618 3699 780 3790 ὑπεροχῆς
801 3709 858 3792 τῆς
882 3706 968 3783 ἰδίας
992 3705 1156 3789 ἰδιότητος
1178 3705 1311 3787 παιρὸς

285 3802 369 3886 πρὸς
393 3799 464 3865 υίίιν
486 3802 538 3866 καί
563 3800 636 3866 υἱοῦ
660 3802 746 3886 πρὸς
767 3810 897 3886 πατέρα
923 3802 977 3867 καί
1001 3798 1095 3886 ἁγίου
1118 3799 1310 3884 πνεύματος

246 3894 451 3974 θθιῦσαῦτως.
1321 3915 1341 3963 ὓ

370 3994 421 4080 ιη’.
461 3995 502 4061 Ei
525 3992 542 4082 ἡ
568 3991 740 4083 ἇνὲννητος
763 3993 860 4063 ου’σία
882 4004 1036 4083 κρείττων
1053 3996 1121 4062 ἐστὶ
1137 4003 1308 4080 γενέσεως,

284 4095 420 4158 σ’ίκοθεν
444 4092 561 4174 ἔχουσα
584 4094 621 4159 τὸ
644 4105 801 4178 κρεῖττον,
819 4090 999 4161 αῦτοουσία
1015 4093 1103 4159 ἐστίν
1120 4087 1307 4181 άγέννητυς,

283 4183 321 4251 οῦ
337 4187 398 4270 γὰρ
413 4189 614 4271 βουλόμενος
636 4187 689 4257 ὅτι
708 4190 864 4273 βούλεται
879 4192 1035 4277 γενέσεως
1051 4192 1122 4257 ἐστι
1136 4188 1309 4275 κρείττων,
