2867 5084
449 564 454 575 ι

560 969 638 1022 m.
658 973 842 1022 ινοικαοι.
1151 961 1212 1023 249

193 1121 321 1204 είκόνα,·
358 1123 413 1188 καί
440 1117 547 1188 οὐκέτι
576 1124 703 1189 τελείαν
726 1120 784 1207 τήν
807 1122 840 1189 ἐν
863 1116 977 1200 αὐτοῖς
999 1121 1126 1205 εἰκόνας
1159 1126 1212 1190 καὶ

191 1219 298 1286 πάλιν
328 1220 479 1286 διέπεσεν
503 1216 521 1284 ὁ
542 1220 668 1285 τούτων
691 1219 795 1305 λόγος.
831 1222 897 1286 τιῦν
920 1221 956 1286 δὲ
979 1219 1081 1287 πάλιν
1104 1222 1215 1308 λεγόν-

191 1342 260 1382 των
280 1316 320 1381 τὸ
341 1315 518 1401 βάπτισμα
540 1311 627 1384 εἶναι
647 1312 714 1383 κατ’
741 1315 850 1383 είκόνα
872 1317 959 1382 πολό
981 1324 1015 1383 τι
1037 1319 1215 1386 διαπίπτει

192 1409 212 1479 δ
242 1413 348 1498 λόγος.
401 1411 477 1480 οὔτε
504 1413 565 1498 γάρ
591 1410 744 1498 Ἀβραὰμ
772 1415 845 1495 ἐ’σχε
869 1413 908 1479 τὸ
936 1414 1111 1499 βάπτισμα
1140 1414 1215 1484 οὔτε

188 1505 298 1577 Ἰσαάκ
330 1508 406 1576 οὔτε
437 1507 551 1595 Ἰακιῦβ
590 1509 665 1578 οῦτε
691 1507 805 1589 Ἠλίας
845 1508 922 1577 οὔτε
955 1516 1105 1598 Μωυσῆς
1140 1512 1239 1581 οῦτε5

193 1608 227 1674 σί
251 1605 415 1693 πρότερον
439 1609 516 1691 περὶ
549 1611 627 1674 Νῶε
659 1610 713 1673 καί
744 1602 840 1690 Ἐνιῦχ
870 1606 945 1674 οῦτε
974 1609 1006 1674 σι
1035 1612 1110 1693 περὶ
1138 1610 1217 1688 τούς

192 1704 387 1790 προφήτας,
425 1700 564 1770 Ἠσαίαν
592 1703 649 1770 καὶ
674 1704 752 1782 τοῦς
780 1706 932 1791 καθεξῆς
982 1710 1016 1771 τί
1043 1696 1118 1788 οῦν;
1152 1709 1217 1791 ἀρα

193 1797 374 1895 ἐκεῖνοι
338 1825 396 1867 ουκ
419 1802 529 1918 ἔχουσι
551 1800 589 1865 τὸ
612 1826 672 1867 κατ
705 1802 832 1883 εἰκόνας
865 1805 918 1869 καὶ
943 1802 1049 1888 πολλή
1072 1810 1123 1881 τίς
1145 1804 1217 1870 ἐστι

192 1898 283 1984 πρὸς
304 1922 441 1976 τουτους
461 1925 480 1983 η
505 1893 653 1984 άντιλογί
655 1925 692 1978 α,
729 1895 843 1982 ὥσπερ
873 1922 950 1977 τους
972 1902 1050 1983 περὶ
1071 1898 1214 1978 Αῦδιον,

194 1997 392 2084 φιλονείκως
430 1992 599 2080 ὁρίζοντας
636 1991 721 2063 εἶναι
758 1996 792 2062 ἐν
827 1999 874 2081 τιῦ
913 1994 1043 2079 σώματι
1074 1997 1113 2062 τό
1146 1993 1212 2063 κατ’
1229 2016 1255 2065 ιο

193 2093 315 2161 εἰκόνα.

282 2198 311 2255 6.
344 2196 491 2273 Φέρουσι
519 2190 554 2255 δὲ
583 2196 636 2256 καί
661 2189 764 2266 ἄλλος
785 2189 878 2267 τινάς
899 2197 1081 2274 μαρτυρίας
1103 2191 1135 2256 οἱ
1158 2186 1218 2255 αῦ-

191 2289 248 2352 τσί
281 2281 500 2353 Λόδιανοὶ
482 2287 551 2353 απὸ
584 2292 642 2372 τῆς
673 2292 773 2364 θείας
805 2290 949 2372 γραφῆς,
985 2284 1183 2372 λέγοντες(
1164 2311 1218 2353 στι

194 2377 395 2501 *όφθαλμοι
423 2391 539 2506 κυρίου
565 2385 623 2450 επὶ
650 2385 708 2450 τὸν
738 2388 864 2469 πένητα
896 2378 1130 2466 ἀποβλέπουσι
1162 2386 1216 2450 καί

193 2481 238 2548 τὰ
273 2470 342 2546 ὦτα
375 2479 475 2548 αὐτοῦ
510 2481 557 2560 εἰς
590 2483 701 2567 δέησιν
737 2475 853 2546 αὐτῶν.
899 2482 991 2545 κάλ’
995 2479 1072 2563 ’χείρ
1105 2489 1217 2563 κυρίου
1231 2500 1257 2550 15

194 2578 337 2662 ἐποίησε
358 2581 461 2645 ταῦτα
483 2579 622 2646 πάντα”.
666 2580 720 2643 καὶ
745 2574 836 2660 “οόχὶ
860 2573 877 2663 ἡ
900 2583 969 2660 χείρ
991 2599 1056 2660 μου
1079 2577 1218 2662 ἐποίησε

193 2679 302 2743 ταῦτα
337 2675 465 2757 πάντας
503 2675 806 2762 σκληροτράχηλοι”.
851 2677 906 2740 καὶ
931 2669 969 2739 “ό
1000 2670 1139 2759 οὐρανός
1159 2670 1219 2759 μοί

194 2771 331 2857 θρόνος,
355 2769 373 2860 ἡ
398 2775 433 2840 δὲ
455 2775 494 2858 μῆ
517 2769 709 2839 ὑποπόδιον
732 2776 797 2837 τῶν
821 2773 935 2837 ποδῶν
957 2776 1048 2855 μου”,
1080 2776 1133 2838 καὶ
1155 2770 1219 2839 ὅσα

196 2874 338 2939 τοιαῦτα
360 2873 437 2954 περὶ
462 2873 546 2936 θεοῦ
568 2877 759 2956 γέγραπται.
798 2869 855 2935 καὶ
876 2865 929 2936 ότι
952 2864 1061 2936 “elder
1083 2869 1140 2935 τὸν
1163 2871 1219 2937 κό-

185 2980 271 3053 ’ριον
293 2967 444 3051 Σαβαιόθ
465 2967 654 3051 καθήμενον
677 2966 734 3033 ἐπὶ
760 2967 884 3051 θρόνου
900 2962 1031 3053 ὑψηλοῦ
1046 2970 1099 3033 καὶ
1117 2968 1258 3054 ἐπῃρ-κσ

197 3070 315 3149 μένου,
337 3067 392 3131 καὶ
414 3054 453 3150 ἦν
475 3061 494 3151 ἡ
518 3065 643 3151 κεφαλὴ
667 3059 768 3130 αὐτοῦ
791 3061 870 3131 ιῦσεὶ
894 3065 982 3146 ίριον
1005 3065 1134 3142 λευκὸν,
1164 3069 1217 3132 καὶ

198 3162 240 3228 τὸ
263 3162 479 3246 περιβόλαιον
495 3160 595 3228 αὐτοῦ
613 3157 691 3227 ιάσεὶ
706 3161 813 3242 χιών”.
845 3163 899 3227 καὶ
916 3157 1004 3247 ὁρᾷς,
1029 3165 1120 3247 φησὶ,
1146 3166 1219 3239 πῶς

198 3258 273 3327 ἐστι
298 3258 337 3324 τὸ
367 3263 463 3342 σῶμα
490 3254 557 3324 κατ’
584 3258 693 3325 εἰκόνα
723 3261 807 3324 θεοῦ
816 3287 827 3338 ,·
856 3255 912 3322 καὶ
940 3258 1003 3322 είσί
1032 3253 1091 3323 κάν
1114 3257 1219 3344 τοότιμ

198 3351 457 3434 ἇντιπίπτοντες
472 3354 528 3421 καὶ
541 3355 732 3440 βιαζόμενοι
746 3350 830 3437 ὑπὲρ
842 3354 980 3437 δύναμιν
992 3348 1217 3438 ἀνθρωπείαν.

198 3453 255 3521 καὶ
281 3452 332 3531 τό,
357 3451 460 3540 ὤφθη
483 3453 596 3538 κύριος
616 3464 688 3531 τοῖς
711 3451 917 3539 προφήταις,
940 3454 993 3517 καὶ
1019 3449 1122 3538 ὤφθη
1143 3459 1259 3535 μέν-κο

198 3574 254 3619 τοι
277 3547 322 3629 ὥς
344 3546 499 3637 ἠθέλησε,
524 3550 662 3628 δυνατὸς
685 3544 731 3614 ιῦν
754 3549 787 3616 ἒν
811 3546 929 3616 άπαοι.
960 3551 1013 3616 καὶ
1029 3544 1086 3616 οῦκ
1102 3546 1220 3634 άρνυύ-

196 3657 293 3736 μεθα
316 3645 368 3715 ὅτι
392 3642 480 3716 εἶδον
504 3649 536 3714 σί
559 3651 734 3735 προφῆται
748 3646 840 3725 θεὸν,
865 3641 903 3711 οῦ
918 3646 1020 3729 μόνον
1037 3648 1072 3712 δὲ
1088 3648 1120 3712 σί
1136 3671 1220 3730 προ-

198 3750 315 3835 φῆται,
340 3742 500 3812 ἀλλὰκαὶ
524 3745 556 3810 οἱ
579 3740 775 3811 ἀπόστολοι.
807 3747 889 3830 φησὶ
912 3743 973 3827 γὰρ
996 3739 1014 3807 ό
1034 3740 1127 3828 ἅγιος
1142 3750 1221 3809 ἑτέ-

197 3839 341 3933 φανοςῦ
360 3842 602 3927 πρωτόμαρτυς
626 3840 729 3920 “ίδοὺ,
748 3837 814 3926 ὁρῶ
829 3840 887 3906 τὸν
904 3835 1042 3924 οὐρανὸν
1059 3836 1221 3926 ἀνεῳγμέ-

195 3964 267 4022 τσν,
290 3943 345 4007 καὶ
367 3941 426 4007 τὸν
448 3939 521 4007 υἱὸν
542 3942 602 4004 τοῦ
626 3934 811 4023 ἀνθρώπου
834 3938 869 4005 ἐκ
887 3938 1003 4017 δεξιῶν
1020 3937 1147 4004 ἑστῶτα
1162 3941 1260 4005 τοῦυο

196 4041 286 4109 θεοῦ
301 4041 357 4105 καὶ
372 4036 527 4124 πατρός”.
550 4032 635 4104 ἀλλὰ
649 4061 689 4122 τῃ
674 4035 776 4121 ίδίᾳ
792 4034 929 4117 δυνάμει
940 4030 1054 4114 θεὸς”
1038 4060 1055 4100 ο
1071 4033 1222 4117 πανάγα

196 4142 277 4217 θσς,
302 4134 668 4224 φιλανθρωπευόμενος
682 4132 721 4198 τὸ
738 4134 825 4199 ἴδιον
841 4131 1023 4216 πλάσμα,”
1008 4159 1061 4198 ινα
1076 4131 1119 4218 μή
1135 4157 1222 4210 τινες

195 4236 267 4303 τιῦν
290 4228 443 4301 ἀπίστων
458 4240 622 4318 νομίσωσι
638 4257 680 4298 τα
666 4231 772 4316 περί
788 4233 871 4298 θεοῦ
888 4231 991 4315 λέγειν
1008 4225 1092 4298 εἶναι
1107 4223 1223 4308 άπλιῦς
