2867 5084
268 990 310 1055 66
493 1002 696 1053 emmor
711 1001 807 1052 xm
825 1003 1012 1052 κιννειεαυ
1028 1005 1058 1053 ν.

267 1161 400 1234 σεσθαι,
425 1155 519 1237 ἕτερα
542 1154 576 1220 δὲ
599 1150 701 1238 εὑρὼν
725 1153 772 1231 είς
793 1150 929 1237 ὕστερον
950 1153 1115 1239 γενόμενα,
1140 1149 1179 1219 οὐ
1200 1152 1287 1219 κατὰ

266 1252 324 1338 τὴν
346 1247 447 1319 αὐτοῦ
470 1252 619 1338 θέλησιν.
649 1249 667 1337 ἡ
691 1249 752 1335 γὰρ
770 1250 874 1338 μήτηρ
890 1256 948 1335 τῆς
964 1253 1046 1337 ζωῆς
1061 1246 1079 1337 ἡ
1096 1245 1173 1334 παρ’
1193 1245 1285 1336 αὐτῷ

267 1351 404 1432 δάναμις
425 1350 616 1435 καλουμένη,
640 1348 676 1428 ἐξ
696 1343 798 1414 αὐτοῦ
820 1351 1063 1435 προβληθεῒσα,
1088 1344 1133 1426 ὡς
1147 1347 1285 1431 αίσχρόν

267 1446 339 1513 ἔστι
366 1448 419 1511 καὶ
447 1445 486 1511 τὸ
514 1447 618 1531 λέγειν
645 1452 769 1530 μητέρα
797 1446 890 1533 ζωῆς.
935 1441 973 1511 οὐ
1001 1444 1061 1530 γάρ
1086 1441 1285 1527 ὑποδέχεται

244 1555 339 1622 σταῖς
359 1543 417 1609 τὸν
439 1542 597 1630 σώφρονα
618 1544 776 1629 λογισμὸν
798 1547 1003 1629 κεκτημένοις
1024 1569 1058 1608 τι
1079 1544 1167 1628 θῆλυ
1190 1543 1225 1609 ἐν
1243 1545 1284 1629 τῇ
1296 1558 1314 1605 c

266 1641 403 1728 θεότητι
431 1641 653 1708 διανοεῖσθαι.
697 1647 751 1707 καὶ
780 1637 861 1727 αίίτη
891 1642 942 1720 δὲ,
972 1644 1089 1728 φησίν,
1118 1636 1136 1727 ἡ
1161 1639 1286 1727 θήλεια

265 1738 469 1825 προεβάλετο
497 1738 555 1803 τὸν
583 1742 717 1823 πρῶτον
745 1733 943 1821 άνθρωπον,
973 1741 1026 1805 καὶ
1056 1735 1142 1816 ὅλως
1173 1737 1284 1805 εἰπεῖν

265 1834 322 1903 τὸν
350 1839 484 1919 πρῶτον
513 1834 696 1919 άνθρωπον
716 1834 776 1921 τὴν
799 1836 975 1921 φύσινκαὶ
998 1835 1057 1923 τὴν
1078 1841 1202 1922 μητέρα
1223 1838 1286 1922 τῆς

267 1933 350 2019 ζωῆς
372 1933 406 1999 ἐκ
427 1936 493 1997 τῶν
515 1931 550 1999 ἐν
571 1929 649 2018 ἡμῖν
671 1939 869 2019 γιγνομένων
893 1933 1102 2021 φαντάζεται.
1146 1931 1286 2016 άνθρω·

229 2047 331 2109 ιοπος
358 2030 419 2116 γὰρ
446 2031 598 2116 κέκληται
625 2030 682 2096 ἐπί
710 2034 770 2116 τῆς
796 2034 854 2117 γῆς
881 2034 935 2097 καὶ
962 2031 1067 2117 μήτηρ
1091 2031 1124 2097 ἐκ
1146 2033 1203 2116 τῆς
1224 2034 1287 2117 γῆς

265 2124 351 2215 ἡμᾶς
371 2127 564 2213 γεννήσασα,
586 2123 606 2213 ἡ
630 2126 664 2194 ἐκ
685 2132 770 2195 θεοῦ
785 2132 832 2214 τῷ
845 2124 952 2212 Ἀδὰμ
968 2135 1165 2212 κεκτισμένη.
1198 2151 1287 2214 φαν-

264 2226 397 2306 τάζεται
419 2227 454 2292 δὲ
477 2220 546 2291 άπὸ
568 2229 634 2292 τῶν
657 2224 751 2292 ίδίων
773 2227 940 2312 λογισμῶν
962 2223 1161 2313 ὁκτηνώδης
1176 2225 1209 2291 ἓν
1226 2220 1287 2290 οὐ·

264 2327 352 2410 ρανῴ
381 2327 520 2390 τοιαῦτα
549 2318 632 2390 εἶναι
662 2319 767 2391 ὁποῖα
793 2328 848 2390 καί
875 2324 933 2390 ἐπί
965 2327 1023 2408 τῆς
1050 2327 1109 2411 γῆς
1131 2320 1301 2409 ὑπάρχει,

265 2418 362 2487 άτινα
391 2417 449 2488 οὐκ
476 2421 678 2503 ἐπιδέχεται,
709 2417 755 2500 ὦς
776 2418 795 2486 ὁ
815 2428 914 2500 θεῖος
936 2422 1032 2507 λόγος
1055 2422 1163 2507 πάντη
1187 2421 1286 2487 dadd-

228 2536 255 2584 15
265 2542 343 2585 οκει.
375 2521 460 2602 λέγει
481 2518 542 2603 γάρ
566 2519 703 2602 σώματα
718 2519 901 2604 ἐπουράνια
914 2519 970 2586 καί
985 2520 1124 2602 σώματα
1139 2519 1283 2603 ἐπίγεια.
1297 2537 1314 2583 ι)

265 2611 332 2682 ἀλλ’
358 2616 452 2697 ἑτέρα
479 2619 539 2698 μίν
568 2611 586 2701 ἡ
616 2619 681 2681 τῶν
710 2616 917 2699 ἐπουρανίων
947 2616 1041 2696 δόξα,
1072 2616 1168 2700 ἑτέρα
1196 2617 1232 2681 δὲ
1265 2613 1285 2702 ἡ

263 2716 329 2779 τῶν
352 2713 522 2795 ἐπιγείων,
550 2716 602 2778 καὶ
634 2711 729 2778 οὔπω
752 2709 837 2792 ὅλως
858 2715 900 2781 τὰ
921 2709 1077 2798 ὑπεράνω
1098 2717 1164 2779 τῶν
1183 2706 1286 2796 οὖρα-

265 2812 328 2874 νιῦν
351 2809 546 2896 διηγήσατο,
570 2805 654 2876 ἀλλὰ
676 2810 753 2894 περὶ
768 2815 834 2877 τῶν
850 2819 1059 2899 φαινομένων
1074 2811 1200 2877 τούτων
1214 2814 1285 2878 τῶν

265 2909 361 2990 σῶμα
385 2902 614 2991 ὑπαρχόντων,
638 2903 731 2993 ἡλίου
754 2910 852 2994 λέγω,
875 2905 896 2994 ἢ
919 2904 1068 2995 σελήνης,
1091 2902 1112 2995 ἢ
1134 2912 1200 2974 τιῦν
1223 2907 1283 2975 ἐπὶ

224 3008 321 3092 ισγῆς
343 3002 463 3082 ὄντων,
492 3007 546 3070 καὶ
573 3008 639 3070 τῶν
663 3005 824 3089 σωμάτων
846 3011 912 3072 τῶν
936 3004 1051 3092 ἁγίων,
1082 3004 1127 3085 άίς
1148 3030 1184 3090 γε
1206 3007 1284 3072 δια·

263 3102 433 3186 νοοάμεθα
455 3106 606 3169 ταπεινοί
629 3099 729 3181 ὄντες.
761 3104 789 3170 εί
812 3106 923 3170 δὲκαὶ
945 3108 1011 3170 τῶν
1035 3100 1117 3189 ὑπὲρ
1140 3098 1284 3188 οὐρανὸν

264 3201 357 3268 ἔσται
386 3198 497 3281 λόγος,
527 3199 584 3266 διὰ
610 3200 649 3265 τὸ
678 3200 712 3266 ἓν
735 3196 822 3287 αὐτῷ
845 3205 892 3288 τῷ
916 3196 1094 3287 άπαστόλῳ
1117 3204 1175 3288 τῆς
1196 3201 1283 3285 γνώ-

263 3322 346 3376 σεως
366 3297 558 3380 βαθύτατον
577 3296 723 3385 χωρημα,
747 3294 785 3364 οὗ
808 3299 942 3378 πάντως
966 3296 1157 3383 ὃριζόμεθα.
1189 3294 1284 3380 ὅμως

262 3394 372 3460 πολλὰ
386 3398 451 3459 τῶν
467 3395 621 3482 ἐπιγείων
636 3397 791 3476 λέλεκται,
816 3397 912 3484 πόσῳ
927 3399 1052 3479 μᾶλλον
1068 3396 1109 3463 τὰ
1124 3392 1283 3480 ὑπεράνω

223 3495 328 3563 ἱστῶν
351 3487 516 3574 οὗρανιῦν,·
539 3495 648 3561 ποθεν
671 3493 809 3561 δύναται
829 3506 901 3574 τοῖς
924 3496 1083 3581 ἐπιγείοις
1106 3490 1337 3575 artennago-659

263 3596 358 3668 σθαι,
383 3579 409 3653 ὦ
433 3579 547 3670 οὗτοςς
957 3598 963 3609 ’

348 3692 398 3753 46.
433 3687 499 3751 Τὸν
529 3689 564 3754 δὲ
591 3692 726 3772 πρῶτον
749 3688 933 3775 ἄνθρωπον
957 3689 993 3756 ὃν
1017 3690 1155 3777 φάσκεις
1177 3689 1284 3756 πάλιν

261 3789 529 3853 κατεσκευακέναι
551 3785 655 3871 ἑαυτῷ
678 3789 871 3865 πανοπλίας
889 3787 985 3871 χάριν
1007 3787 1064 3854 τὸν
1088 3785 1219 3870 ἄνεμον,
1241 3784 1283 3852 τὸ

263 3887 351 3971 φῶς,
374 3882 412 3948 τὸ
435 3883 519 3964 πῦρ,
541 3880 580 3947 τὸ
602 3878 707 3968 ὕδωρ,
731 3885 789 3972 τὴν
810 3881 905 3972 άλην,
936 3886 992 3951 ἵνα
1014 3886 1043 3951 εί
1065 3887 1124 3968 μὲν
1147 3882 1282 3951 άνωθίν

223 3980 351 4049 δθέστιν
382 3975 399 4044 ὁ
422 3983 555 4063 πρῶτος
577 3975 776 4064 ἅνθρωπος,
805 3984 858 4049 καί
882 3972 947 4047 ὧδε
968 3972 1071 4067 ἦλθεν
1094 3983 1199 4068 ἑαυτῷ
1222 4007 1284 4048 κα-

262 4077 461 4145 τασκευάσαι
482 4076 540 4164 τὴν
563 4081 763 4157 πανοπλίαν,
787 4083 840 4146 καί
863 4079 1064 4163 προβάλλειν
1080 4080 1186 4166 ἑαυτῷ
1201 4078 1284 4145 ταὺ-

263 4199 319 4260 την
343 4177 389 4255 είς
410 4174 627 4257 θωρακισμὸν
649 4176 766 4242 ἑαυτοῦ
789 4180 842 4243 καί
866 4177 1071 4260 ε’·νδυναμίαν,
1096 4175 1162 4262 άρα
1182 4177 1283 4243 δυνα-

263 4271 388 4356 τώτερα
415 4272 456 4339 τὰ
484 4272 518 4340 ἐν
544 4276 591 4359 τῷ
620 4273 732 4362 κόσμῳ
754 4275 861 4362 τούτῳ
883 4271 967 4360 ὑπὲρ
989 4274 1047 4342 τὸν
1070 4273 1203 4343 ἄνωθεν
1226 4274 1284 4344 ἐλ-

147 4504 225 4672 ἱ
