2867 5084
600 999 695 1053 ικνι.
713 1001 920 1053 mmmm.
1229 989 1272 1055 85
1291 976 1306 997 ⁸

246 1149 329 1237 ύμῖν
351 1151 394 1220 τὰ
416 1153 554 1234 πάντα,”
584 1147 625 1220 δι’
650 1150 689 1239 ἢν
712 1152 847 1236 ἔμελλον
869 1154 1112 1233 καταξιούσθαι
1134 1155 1270 1243 δωρεὰν,

247 1250 432 1338 ένοικήσειν
454 1250 488 1318 ’ἐν
510 1246 624 1330 αὐτοῖς
644 1250 683 1316 τὸ
706 1246 801 1336 ἅγιον
824 1253 962 1335 πνεῦμα,
983 1247 1077 1331 ὅπως
1097 1253 1140 1319 τά
1160 1252 1281 1343 πάνταΙ

216 1342 366 1428 Βαύτοῖς
393 1352 512 1436 σαφῶς
540 1347 750 1436 διηγησηται,
781 1343 845 1414 ὅσα
866 1343 1025 1434 ἠδύναντο
1047 1348 1082 1416 ίν
1102 1354 1151 1439 τῷ
1173 1346 1305 1447 αίῶύὶῤ

246 1446 358 1532 τούτῳ
385 1449 541 1533 χωρῆσαι.
586 1449 641 1513 καί
665 1434 730 1513 ὦδε
750 1447 811 1529 μὲν
833 1444 867 1512 ίν
888 1449 935 1532 τῷ
958 1447 1057 1514 αἰῶνι
1076 1440 1183 1536 τούτῳ
1203 1474 1269 1531 χω-

247 1543 409 1630 ρήσαντες
441 1541 479 1608 τὸ
502 1546 633 1628 πνεῦμα
654 1541 693 1608 τὸ
715 1542 925 1630 παράκλητον
948 1543 1200 1632 ἐπροφήτευσαν
1222 1540 1347 1626 ⁰535?-

248 1639 417 1726 “”Αγαβος
439 1640 667 1730 ίπροφητευσε
689 1640 769 1725 περὶ
797 1641 895 1723 λιμοῦ
924 1639 1110 1725 ίοομένου,”
1138 1645 1193 1709 καλ
1215 1616 1326 1710 ὅπῃ

248 1742 445 1826 ’προφῆται
461 1733 530 1806 ἀπὸ
541 1733 773 1823 Ἱεροσολύμων
788 1743 1001 1824 κατέβησαν,”
1026 1741 1080 1805 καὶ
1096 1734 1149 1806 ὅτι
1164 1729 1268 1828 ’ἦσαν

244 1844 407 1927 τέσσαρες
426 1841 605 1921 θυγατέρες
619 1839 667 1922 τῷ
685 1838 850 1924 Φιλίππῳ
866 1836 1164 1924 προφητεύουσαιῖ
1188 1833 1269 1905 ὅταν
1335 1862 1355 1891 ν

246 1935 284 2002 δὲ
309 1933 575 2022 προφητεύωσιν,
600 1928 669 2001 ἀπὸ
691 1938 811 2019 μέρους
833 1934 1082 2022 προφητεύσασι
1089 1987 1098 2016 ,
1121 1941 1173 2004 καί
1197 1930 1267 2005 ἀπὸ

246 2038 370 2118 μέρους
402 2030 616 2117 γινώσκουσι,
650 2030 689 2096 τὸ
719 2032 754 2098 δὲ
783 2033 908 2099 τέλειον
937 2032 971 2099 έν
998 2042 1071 2111 τοῖς
1091 2034 1268 2117 μέλλουσιν
1281 2049 1314 2101 10

247 2131 370 2197 αἰῶσιν
392 2128 582 2211 ἐλπίζοντες
603 2131 846 2212 προσδοκῶσιν,
878 2126 978 2196 “ὅταν
996 2129 1034 2195 τὸ
1051 2130 1205 2217 φθαρτὸν
1221 2130 1268 2210 είς

248 2223 449 2316 ἀφθαρσίαν
476 2227 670 2314 μεταβληθῇ
698 2229 751 2292 καὶ
780 2226 819 2292 τὸ
845 2225 969 2310 θνητὸν
993 2227 1039 2304 εἰς
1067 2224 1266 2307 ἀθανασίαν,

222 2322 332 2392 θύτου
362 2324 438 2392 τότε
466 2323 651 2409 πρόσωπον
681 2322 767 2409 πρὸς
788 2324 998 2406 πρόσωπον”.
1044 2316 1120 2407 ἀρτι
1140 2323 1201 2408 γὰρ
1225 2318 1266 2390 δι’

249 2423 446 2509 αἰνίγματος
460 2421 502 2488 τὰ
518 2421 707 2506 πράγματα,
725 2420 791 2487 ἐκεῖ
808 2422 844 2487 δὲ
862 2418 1069 2504 ἑτοιμάζεται
1086 2419 1108 2497 ἃ
1135 2416 1270 2508 ὀφθαλ-

251 2519 318 2603 μὸς
339 2508 402 2587 ὦδε
424 2515 482 2586 ούκ
505 2514 599 2601 εἶδεν.
631 2517 697 2584 ἐκεῖ
720 2512 989 2585 ἀποκαλύπτεται
1012 2512 1223 2607 ἡτελειύτης,
1247 2517 1311 2588 άιδ

253 2606 313 2696 ούς
339 2617 483 2684 ἐνταῦθα
511 2612 569 2683 ούν.
590 2613 736 2702 ἤκουσεν.
782 2615 848 2683 ἐκεῖ
867 2614 907 2681 τὸ
928 2622 1011 2701 μέγα
1031 2614 1176 2702 χάρισμα
1196 2626 1270 2701 τοῖς

252 2710 377 2801 ἆγίοις,
407 2712 426 2780 ὃ
455 2714 511 2782 ἐπὶ
541 2714 677 2799 καρδίαν
703 2708 888 2796 ἀνθρώπου
911 2709 968 2782 ούκ
991 2709 1088 2801 ἀνέβη
1112 2714 1269 2782 ἐνταῦθα.

248 2817 304 2880 καλ
334 2808 415 2900 δρᾷς
443 2808 497 2879 ὅτι
525 2806 594 2895 ούχλ
617 2814 663 2896 τῷ
687 2811 788 2899 Μάνη
813 2811 1000 2896 έταμιεύετο
1022 2811 1061 2878 τὸ
1084 2812 1208 2879 εἰδέναι
1227 2811 1272 2879 τά

248 2909 403 2996 περιττά.
449 2912 522 2989 πῶς
548 2909 609 2998 γάρ
630 2906 704 2997 ᾔδει
726 2909 847 2997 Μάνης
868 2913 927 2976 τού
941 2913 1077 2976 σκοποῦ
1100 2913 1158 2976 τοῦ
1182 2909 1270 2976 ίδίου
1307 2916 1326 2993 j

250 3005 423 3090 ἒκπεσιύνς
446 3006 645 3092 ἐπεβάλλετο
666 3006 728 3092 γὰρ
750 3008 806 3074 ἵνα
828 3006 885 3073 τὸν
901 3007 1097 3092 Μάρκελλον
1110 3005 1313 3094 χειρούση·2ίλ

249 3132 317 3173 ται.
347 3102 465 3193 ἤρχετο
488 3104 573 3189 πρὸς
593 3103 652 3170 τὸν
664 3101 850 3188 Ἀρχέλαον,
873 3105 929 3171 ἵνα
945 3102 1044 3171 αύτόν
1060 3100 1192 3192 ἧττήσῃ,
1215 3105 1270 3171 καλ

252 3199 291 3270 ού
315 3201 500 3289 δεδύνηται.
541 3205 615 3281 πῶς
637 3192 694 3267 ούν
717 3197 844 3287 ἀγνοῶν
859 3201 898 3267 τὸ
913 3202 1110 3289 πρόσφατον
1134 3198 1272 3266 δύναται

220 3302 378 3373 υείδέναι
398 3302 478 3385 περὶ
499 3305 566 3365 τῶν
586 3299 763 3384 μειζόνως
787 3303 860 3379 πῶς
882 3301 917 3366 δὲ
940 3293 997 3365 ούκ
1013 3299 1116 3365 ἔλαθε
1130 3296 1191 3375 τὰς
1204 3305 1273 3378 χεῖ-

250 3424 315 3485 ρας
342 3401 402 3465 τοῦ
430 3398 595 3482 βασιλέως
621 3399 688 3464 τῶν
709 3400 866 3481 Περσῶν,
897 3392 942 3475 ῶς
970 3393 1026 3463 ὅσα
1048 3391 1149 3474 ἁλοὺς
1172 3394 1273 3461 έδωκο

251 3499 356 3584 δίκην,
380 3489 450 3562 ἀλλ’
467 3494 523 3562 ἵνα
543 3496 716 3581 καταφανῇ
737 3504 809 3572 τοῖς
824 3493 954 3562 σύνεσιν
969 3498 1177 3579 κεκτημένοις
1190 3488 1314 3556 aaran

251 3594 368 3662 πάντα
389 3591 603 3678 ψευδόμενος.

342 3697 393 3759 62.
423 3688 535 3757 Πάλιν
557 3687 768 3775 δὲιβούλεται
790 3693 903 3777 φέρειν
918 3693 1112 3773 μαρτυρίαν,
1135 3683 1193 3750 ἵνα
1207 3705 1275 3746 πα-

250 3788 403 3876 ραστήση
426 3786 486 3876 τὴν
507 3782 585 3872 παρ’
603 3781 692 3872 αύτῷ
715 3787 888 3873 λεγομένην
911 3784 1017 3852 δυάδα
1034 3784 1089 3848 καί
1105 3779 1196 3864 δείλη
1213 3772 1276 3842 ἀνὰ

249 3893 357 3973 μέσον
379 3889 447 3953 τῶν
468 3883 527 3952 δύο
550 3879 657 3970 ἀρχῶν
678 3886 788 3962 κενῶς,
811 3882 847 3949 ίν
867 3885 914 3969 τῷ
938 3881 1047 3948 είπείν
1068 3874 1128 3942 τὸν
1143 3872 1277 3957 σωτῆρα

251 3978 315 4052 “ού
339 3981 478 4052 δύναται
505 3982 639 4067 δένδρον
661 3976 791 4067 ἀγαθὸν
812 3977 960 4065 καρπούς
981 3971 1101 4050 κακούς
1123 3968 1317 4055 ποιῆσαηῠ

251 4077 335 4152 ούδλ
356 4081 492 4165 δένδρον
510 4077 640 4164 σαπρὸν
654 4077 802 4164 καρπούς
817 4071 968 4162 ἀγαθούς
983 4070 1144 4167 ποιῆσαι·
1166 4062 1200 4131 ίκ
1214 4062 1276 4153 γὰρ

252 4182 316 4249 τού
336 4181 469 4265 καρποῦ
489 4175 529 4244 τὸ
550 4176 684 4261 δένδρον
705 4173 931 4262 remansae.
976 4168 1031 4232 καί
1055 4159 1119 4249 δρα
1139 4181 1199 4247 μοι
1218 4186 1277 4253 την

202 4275 408 4366 στείλαφράν
435 4272 585 4343 διάνοιαν
616 4276 669 4342 καί
698 4271 800 4360 μηδὲν
828 4269 863 4337 έν
891 4265 997 4352 βάθει
1023 4258 1066 4327 τὰ
1097 4259 1156 4344 τῆς
1180 4262 1279 4345 θείας

1293 4551 1362 4662 Δ
