2867 5084
298 956 360 1019 ‘208
525 968 731 1018 ιιιιιιιιιιιον
748 968 843 1017 xm
861 967 1049 1018 κιοιιττιιιι
1066 969 1096 1016 ιι.

298 1116 476 1208 ἀναφέρειν
503 1119 561 1204 τὴν
590 1122 703 1185 πᾶσαν
730 1113 939 1204 άγαθότητα,
971 1114 1024 1184 ὅτι
1047 1112 1159 1195 οὐδεὶς
1180 1111 1318 1203 άγαθὸς,

297 1218 385 1305 πλὴν
419 1213 534 1294 αὐτοῦ,
577 1217 632 1282 ἵνα
663 1217 779 1303 μηδεὶς
812 1216 917 1300 σάρκα
952 1218 1065 1302 φορῶν
1103 1215 1213 1301 τῦφόν
1248 1240 1320 1282 τινα

297 1316 403 1400 ἐαυτῷ
427 1314 666 1400 ἐπισπάσηται.
697 1314 816 1379 τούτου
840 1314 946 1380 ἕνεκεν
970 1313 1058 1396 ἐλεγε
1082 1318 1137 1378 “tl
1158 1339 1202 1396 με
1219 1314 1319 1399 λέγεις

298 1407 445 1496 άγαθόν,·
475 1408 583 1490 οὐδεὶς
611 1409 741 1496 άγαθὸς
764 1411 793 1477 εἰ
814 1411 858 1496 μὴ
883 1406 930 1488 εἷς
953 1405 971 1474 ὁ
993 1408 1103 1488 θεός,”
1126 1410 1184 1476 ἵνα
1207 1405 1227 1475 ό
1251 1434 1317 1477 τοι·

272 1513 393 1588 δοῦπος
421 1513 473 1576 καὶ
503 1513 662 1587 τοσοῦτος
690 1509 747 1574 τόν
770 1511 921 1573 τοιοῦτον
944 1507 1040 1591 λόγον
1063 1506 1170 1573 εἰπὼν
1192 1509 1316 1594 καθέλη

296 1607 354 1693 τὴν
378 1607 411 1673 ἐν
433 1613 480 1693 τῷ
504 1608 634 1674 εἰπόντι
657 1612 822 1693 φυσλωσιν
847 1605 924 1689 περὶ
948 1604 1159 1691 δικαιοσύνης
1173 1605 1235 1693 τὴν
1251 1607 1336 1692 οἵη-Ι

298 1728 351 1770 σιν
373 1710 575 1790 κεκτημένου,
599 1707 652 1769 καὶ
676 1705 731 1769 ἵνα
748 1702 857 1789 ἐλέγξῃ
874 1698 974 1767 αὑτοῦ
990 1696 1049 1788 τήν
1064 1703 1214 1787 καρδίαν,
1242 1697 1317 1787 ἆγο-

297 1801 362 1865 θὸν
385 1803 444 1883 μὲν
468 1801 666 1866 διδάσκαλον
687 1803 828 1883 χείλεσιν
852 1794 951 1865 αότὸν
975 1802 1128 1883 λέγοντα,
1152 1799 1197 1886 μὴ
1224 1801 1317 1884 ἐμμέ·

298 1920 396 1963 νοντα
418 1899 453 1963 δὲ
477 1898 509 1964 ἐν
533 1902 571 1983 τῇ
595 1893 706 1983 άγαθῇ
731 1896 831 1963 αότσό
855 1899 1061 1985 διδασκαλίᾳ.
1106 1901 1162 1964 καὶ
1186 1894 1315 1982 ὅτιμὲν

262 1989 428 2077 Ιοάγαθὸς
456 1996 620 2079 τυγχάνει,
654 1991 752 2073 οὗτός
781 1995 929 2061 διδάσκει
958 1997 1059 2112 λέγων
1083 1995 1218 2060 ιιπολλὰ
1240 1993 1317 2061 καλό

299 2091 485 2174 ἐποίησα’
471 2119 504 2158 ιν
536 2089 625 2174 όμῖν,
657 2094 735 2175 περὶ
758 2101 858 2158 ποίου
882 2082 938 2157 οὖν
962 2088 1069 2157 αότῶν
1093 2093 1197 2216 ἐργων
1221 2091 1317 2159 λιθό·

299 2191 367 2270 ζετέ
390 2194 464 2273 με,·”
493 2197 558 2255 τίνι
584 2191 765 2274 γάρτοῦτο
790 2186 847 2255 οόκ
870 2191 941 2256 ἐστι
964 2192 1069 2276 σαφὲς
1091 2193 1146 2256 και
1171 2188 1316 2295 φανερῶ-

298 2311 407 2367 τατσν,
430 2287 576 2372 μάλιστα
599 2289 733 2353 πολλῶν
757 2285 895 2372 άγαθῶν
918 2292 983 2354 τῶν
1006 2282 1106 2354 αὐτοῦ
1129 2276 1314 2372 κτισμάτων

299 2381 403 2451 όντων
425 2388 478 2451 καλ
502 2387 643 2451 καλου
603 2411 718 2467 μενων,
744 2382 789 2464 ιός
812 2409 951 2472 φησιν
937 2412 954 2449 τ
978 2392 1058 2452 θεία
1080 2385 1202 2472 γραφη.
1251 2382 1315 2452 λδοδ

263 2482 359 2567 ιογάρ
387 2486 464 2567 περὶ
492 2485 626 2549 πολλῶν
649 2479 788 2567 άγαθῶν
811 2440 973 2568 διηγεῖτάι
995 2483 1033 2548 τὸ
1056 2491 1154 2548 θεῖον
1177 2482 1314 2568 γράμμα.

301 2570 358 2665 “ἧν
382 2576 525 2665 άγαθὸς”
549 2583 652 2745 φησὶὲ
655 2581 794 2657 “Σαοὺλ,
819 2581 890 2658 υἱὸς
913 2584 989 2658 Κλς,
1014 2581 1048 2646 ἐκ
1071 2581 1178 2668 φυλῆς
1199 2586 1333 2648 Bata-c

298 2677 364 2759 μὶν,
389 2675 652 2762 ὑψηλότεροςδὲ
675 2678 801 2755 παντὸς
823 2681 881 2742 τοῦ
905 2680 1001 2756 λαοῦ,
1028 2673 1110 2760 ὑπὲρ
1134 2673 1245 2762 ῶμλαν
1266 2679 1314 2744 καλ

299 2774 437 2839 ἐπάνω”.
483 2777 538 2840 καὶ
567 2779 604 2862 ἦν
633 2772 761 2859 άγαθός
783 2775 938 2861 Σαμουὴλ
966 2775 1049 2858 μετὰ
1075 2778 1134 2841 τοῦ
1158 2779 1245 2842 θεοῦ
1266 2776 1312 2841 καλ
1352 2780 1361 2821 ‘-

299 2866 522 2953 άνθρῶιιιαν’·
546 2876 598 2937 καὶ
625 2871 756 2958 “άγαθι“γ
781 2874 898 2958 ἐσχάτη
915 2869 1044 2957 λόγου(
1029 2874 1113 2956 υπὲρ
1128 2872 1189 2959 τὴν
1204 2868 1313 2960 άρχην

259 2968 354 3038 mal
376 2967 507 3047 άνοιξόν
531 2994 590 3036 σοι·
614 2971 671 3035 τόν
693 2968 864 3055 θησαυρόν
887 2969 943 3034 τὸν
967 2966 1111 3053 ἀγαθὸν,
1139 2970 1199 3037 τὸν
1222 2966 1315 3054 οὖρά·

299 3070 394 3133 νισν”.
426 3066 551 3133 τούτοιν
574 3069 610 3133 δὲ
632 3069 820 3149 κτισμάτων
844 3065 947 3131 ὄντων
969 3071 1023 3133 καὶ
1047 3063 1188 3151 άγαθιῦν
1204 3069 1315 3155 δηλσυ·

297 3172 413 3249 μένων,
439 3161 479 3231 δι’
505 3161 605 3230 αὐτοῦ
628 3173 738 3231 τεκαὶ
764 3160 817 3230 ὑπ’
837 3160 937 3229 αὐτοῦ
957 3166 1147 3249 γεγονότων,
1173 3161 1316 3246 πῶςοόκ

300 3259 536 3350 ἀναμφιβόλως
559 3263 647 3328 ἐστὶν
670 3257 801 3345 άγαθὸν
824 3257 909 3328 εἶναι
932 3258 1105 3348 ὁμολογεῖν
1127 3262 1187 3329 τόν
1202 3263 1315 3331 τσότοο

299 3361 524 3445 γενεσιάρχη;ν
551 3355 661 3425 άλλ’“
647 3385 700 3424 ινα
722 3359 765 3445 μη
788 3359 918 3446 μητιόνω
941 3360 1029 3425 τὸν
1021 3385 1096 3443 περι
1120 3361 1243 3429 τούτου
1268 3359 1318 3426 λό-

261 3472 356 3541 λογον
385 3457 504 3542 (πάντη
533 3457 594 3540 γὰρ
624 3456 679 3523 διὰ
708 3457 857 3534 πλάτους
879 3456 957 3539 περὶ
980 3456 1098 3522 τούτου
1122 3458 1316 3545 ελρηιισμενλ,
1359 3526 1360 3531 ,

300 3543 402 3675 αὖθις
424 3553 578 3619 πάλιν’
550 3579 596 3631 εις
618 3553 676 3630 τὰς
699 3554 772 3640 ἑξης
795 3554 1057 3638 παρελεύσομαι,
1084 3555 1143 3640 την
1167 3548 1360 3625 ἐπλλυσιννέ

301 3651 438 3734 ἑκάστης
461 3652 578 3729 λέξεως
601 3651 810 3733 ποιούμενος.

386 3754 435 3815 58.
464 3743 678 3835 Ἐπιφέρουσι
702 3750 737 3815 δὲ·
761 3749 863 3816 πάλιν
885 3749 959 3815 τινὰ
975 3749 1057 3834 ῥητά
1073 3749 1105 3814 ολ
1121 3750 1320 3838 πάντολμσι,

301 3845 540 3930 ἐλαττωμάτων
568 3845 730 3925 ὑπονοίας
758 3843 1020 3930 ὑποσπείροντος
1050 3846 1097 3924 εἰς
1118 3846 1180 3912 τὸν
1205 3845 1323 3930 αὐτοὺς
1353 3862 1355 3867 “

261 3940 524 4029 οοάγοράσαντα,
555 3944 649 4026 εἴπερ
675 3939 921 4030 ἠγοράσθησαν.
968 3945 1000 4010 ἐν
1023 3943 1084 4028 γὰρ
1106 3947 1154 4030 τῷ
1179 3949 1326 4032 προσιλ·

300 4051 376 4108 θεῖν
400 4044 457 4129 την
478 4047 603 4128 μητέρα
624 4046 690 4107 τῶν
714 4044 793 4108 υἱῶν
816 4042 997 4121 Ζεβεδαίου
1019 4043 1072 4106 καὶ
1090 4046 1327 4124 παρακαλέσαι

299 4140 356 4203 τὸν
379 4142 436 4206 ἕνα
458 4147 598 4207 καθίσαι
622 4140 692 4205 υἱὸν
716 4140 750 4204 ἐκ
773 4139 888 4214 δεξιῶν
911 4144 964 4203 καὶ
988 4137 1044 4203 τόν
1069 4138 1125 4204 ἕνα
1150 4139 1187 4218 ἐξ
1205 4137 1328 4211 εόωνά-

300 4258 380 4312 μων,
405 4234 483 4302 ὅταν
507 4239 590 4321 ἔλθη
610 4236 643 4302 ἐν
658 4239 697 4321 τῇ
713 4235 867 4319 βασιλείᾳ
883 4229 993 4313 αὐτοῦ,
1019 4233 1082 4321 ἐφη
1099 4235 1188 4321 πρὸς
1205 4236 1328 4324 αὐτοὺς
