2867 5084
282 951 346 1014 236
509 963 716 1012 εσιοιυιον
733 962 829 1012 τιτι
846 962 1034 1045 mmm
1050 964 1080 1011 ο.

280 1115 337 1202 ἵνα
365 1114 488 1190 πάντες
516 1116 639 1195 τιμῶσι
667 1113 726 1177 τόν
757 1113 828 1179 υἱὸν
857 1108 902 1191 ὥς
930 1116 1053 1195 τιμῶσι
1082 1112 1140 1177 τὸν
1165 1118 1304 1196 πατέρα.

280 1212 324 1297 μὴ
348 1210 485 1293 ἀτίμαζε
505 1216 615 1275 τοίνυν
638 1209 695 1274 τὸν
718 1209 799 1288 υἱὸν,
824 1208 946 1297 ἵναμὴ
970 1205 1135 1296 ἀτιμάσῃς
1156 1208 1216 1274 τόν
1239 1235 1304 1275 πα-

280 1314 375 1391 τέρα·
400 1308 429 1375 εί
449 1307 511 1391 γάρ
534 1333 565 1373 τι
583 1307 629 1384 είς
644 1307 701 1371 τὸν
718 1307 789 1371 υἱόν
806 1307 915 1393 λογίζῃ
932 1302 1147 1393 ἀποβεβηκὸς,
1174 1301 1194 1393 ἢ
1210 1306 1304 1374 έλάτ-

279 1429 376 1488 τωμα
399 1406 622 1484 διανοεῖσθαι,
647 1398 763 1468 σι’·κοῦν
787 1403 841 1470 καὶ
864 1403 919 1470 ἐπὶ
942 1403 1000 1468 τόν
1019 1408 1148 1486 πατέρα
1165 1398 1302 1487 ἀναβαί-

257 1514 331 1569 ῠνει
353 1526 414 1568 σου
436 1498 455 1590 ἡ
479 1500 620 1568 διάνοια.
665 1503 723 1585 τῆς
745 1501 805 1585 γὰρ
830 1498 929 1584 αότῆς
952 1524 1007 1565 σοι
1028 1502 1210 1583 τολμηρίας
1233 1500 1299 1567 ἐστὶ

280 1599 319 1667 τὸ
343 1601 390 1678 εἰς
411 1600 468 1665 τὸν
491 1599 562 1665 υἱόν
586 1601 815 1676 διανοεῖσθαι,
839 1599 891 1663 καὶ
915 1597 959 1683 μη
982 1600 1081 1681 τιμᾶν
1104 1593 1220 1677 αὐτόν,
1244 1612 1321 1663 νεα-δ

279 1697 395 1781 θόπερ
417 1700 516 1782 τιμᾷς
538 1695 595 1760 τὸν
618 1701 755 1778 πατέρα.
787 1694 843 1760 ἵνα
864 1694 925 1779 γὰρ
948 1698 1001 1760 καλ
1025 1696 1073 1780 δῷ
1096 1689 1186 1781 αὐτῷ
1204 1690 1221 1758 ό
1238 1719 1303 1761 πα-

279 1791 355 1879 τηρ,
387 1795 458 1876 λέγε
483 1817 558 1875 μοι,
588 1781 614 1856 ὦ
644 1791 799 1874 γεννάδα,
829 1797 863 1855 τί
890 1793 993 1876 λέγει,
1018 1792 1093 1857 “ῗνα
1116 1789 1153 1857 ὃν
1176 1786 1305 1878 my&

280 1890 353 1969 υἱὸς
376 1888 588 1975 ζωογονήση”.
620 1884 677 1953 οόκ
695 1883 787 1955 είπεν
804 1886 840 1952 ὃν
856 1889 1031 1956 κελεόεται.
1063 1891 1131 1955 ἔδει
1146 1891 1183 1955 δέ
1199 1893 1304 1956 ταῦτα

244 1997 273 2048 10
281 1988 393 2053 πάντα
405 1987 462 2052 τὸν
474 1986 546 2051 υἱὸν
559 1987 721 2065 δέξασθαι
735 1984 829 2068 παρὰ
840 1984 976 2069 πατρὸς,
991 1980 1059 2052 ἀλλ’
1074 1980 1131 2052 οὐκ
1144 1986 1305 2053 έλάττονσ

282 2079 367 2152 εἶναι
390 2083 483 2168 παρὰ
504 2083 562 2149 τὸν
584 2089 728 2165 πατέρα,
762 2083 907 2166 μάλιστα
935 2083 1018 2149 κατὰ
1051 2082 1110 2149 δόο
1138 2084 1303 2167 τρόπους·

280 2186 416 2265 πρῶτον
443 2183 503 2265 μὲν
532 2180 588 2247 διὰ
616 2181 654 2245 τό
684 2176 857 2265 ἀναγαγεῖν
886 2177 978 2268 ἡμῶν
1001 2180 1059 2266 την
1081 2179 1235 2247 διάνοιαν
1259 2181 1305 2260 είς

280 2285 360 2363 μίαν
384 2280 501 2345 ἕνωσιν
527 2280 694 2364 θεότητος,
720 2280 847 2362 πατρὸς
863 2282 914 2343 καὶ
933 2278 1005 2343 υἱοῦ
1021 2280 1073 2343 καὶ
1091 2275 1187 2362 ἁγίου
1204 2277 1305 2346 πνεό-

280 2400 400 2459 ματος,
429 2378 482 2442 καὶ
512 2375 556 2461 μὴ
591 2378 637 2454 εἷς
664 2376 845 2459 μερισμοός
873 2378 924 2441 καὶ
949 2376 1137 2440 πολυθεΐαν
1158 2400 1301 2460 καταγα·

243 2481 349 2560 15γεῒν
372 2473 429 2538 τὸν
452 2477 517 2538 τῶν
540 2470 732 2556 ἀνθρώπων
756 2473 921 2556 λογισμὸν,
958 2467 1026 2537 ἀλλ’
1052 2467 1231 2558 ἀναφέρειν
1254 2465 1350 2551 είςΕ

280 2577 361 2655 μίαν
390 2568 535 2655 ἑνότητα.
582 2571 733 2653 δεύτερον
763 2571 799 2635 δὲ
826 2573 878 2635 καὶ
910 2571 957 2647 εἷς
984 2569 1042 2655 τὴν
1064 2573 1121 2656 τῆς
1144 2569 1304 2653 ἐνσάρκον

281 2674 469 2752 παρουσίας
497 2667 681 2752 μεταβολὴν
714 2665 811 2752 δόξης
841 2670 894 2732 καὶ
920 2674 1098 2732 συνένωσιν
1120 2669 1178 2754 τῆς
1201 2663 1303 2732 αὑτοῦ

279 2765 452 2848 θεότητος.
499 2762 614 2847 ἐπειδὴ
644 2763 704 2846 γὰρ
734 2754 819 2846 ἦλθε
847 2764 925 2842 τοὺς
946 2765 1103 2849 μαθητὰς
1125 2757 1227 2830 αὐτοῦ
1252 2759 1304 2831 εό-

282 2864 408 2948 ιμρᾶναι
432 2858 488 2925 διδ
509 2864 566 2946 τῆς
590 2855 801 2942 ὑποσχέσεως
823 2851 861 2947 ἧς
884 2857 976 2928 εἶπεν
993 2857 1045 2926 ότι
1062 2861 1146 2927 ἐἶσί
1161 2865 1228 2926 τῶν
1245 2856 1304 2928 αό-

241 2962 339 3024 θοτοῦ
356 2957 517 3036 ἑστώτων,
543 2957 663 3035 οἵτινες
686 2953 724 3022 οό
741 2957 784 3044 μη
801 2958 983 3043 γεύσωνται
998 2958 1156 3038 θανάτου,
1182 2960 1246 3036 ἕως
1261 2954 1301 3025 ἀν

280 3057 380 3123 ἴδωσι
408 3055 465 3121 τόν
496 3054 568 3120 υἱόν
597 3059 654 3119 τοῦ
685 3050 870 3139 ἀνθρώπου
900 3056 1073 3140 ἐρχόμενον
1102 3055 1136 3122 έν
1157 3060 1198 3142 τῇ
1222 3055 1301 3143 δόξῃ

281 3150 407 3220 αότοῦ”.
453 3155 504 3219 καὶ
529 3157 568 3239 τῇ
593 3148 690 3238 όγδόη
715 3149 834 3241 ἡμέρη,
865 3149 911 3231 ὡς
933 3156 1018 3238 λέγει
1041 3153 1079 3218 τὸ
1102 3148 1301 3238 εὐαγγέλιον,

279 3245 301 3336 ἢ
324 3248 370 3329 ὡς
391 3251 429 3315 τὸ
453 3252 562 3333 ἕτερον
587 3252 686 3335 λέγει,
715 3251 800 3335 μετὰ
829 3254 865 3330 ἓξ
886 3247 1023 3336 ἡμέρας,
1056 3247 1183 3316 οὔτῶν
1208 3245 1303 3334 εὐαγ-

280 3349 440 3431 γελιστῶν
463 3349 558 3431 ἕτερα
587 3343 662 3413 ἀνθ’
689 3347 808 3431 ἑτέρων
831 3348 1006 3432 λεγόντων,
1038 3342 1121 3414 ἀλλά
1143 3351 1223 3431 μιᾶς
1245 3345 1303 3413 οὔ·

241 3452 340 3528 Ζῆσης
362 3448 419 3527 τῆς
442 3438 619 3527 ἀκριβείας,
644 3440 696 3510 ἀεί
718 3471 803 3511 ποτε
826 3446 860 3511 δὲ
884 3440 1157 3532 ἀσφαλιζομένης,
1182 3445 1239 3511 ἵνα
1254 3446 1299 3530 μὴ

280 3539 454 3626 πρόφασις
475 3547 606 3626 γένηται
633 3541 671 3606 τὸ
693 3544 770 3621 τοὺς
793 3538 995 3626 ἀνθρώπους
1017 3542 1244 3628 προσκόπτειν
1268 3542 1328 3620 ἕνη

280 3648 352 3714 τοῖς
382 3632 586 3722 ἀναγκαίοις,
617 3638 798 3724 ἐπειδήπερ
823 3640 962 3724 ἔγκειται
984 3636 1003 3726 ἡ
1028 3641 1139 3706 έννοιυ
1160 3644 1220 3705 τοῦ
1243 3634 1303 3705 ἀν-

279 3734 426 3820 θρώπου
443 3735 498 3801 ἐπὶ
515 3735 556 3799 τὰ
573 3735 703 3821 πονηρὰ
720 3737 752 3803 ἐκ
770 3736 921 3823 νεότητος
937 3738 1112 3820 ε’πιμελῶς.
1130 3737 1187 3802 διὰ
1202 3740 1303 3802 τοῦτο

281 3827 329 3911 εἷς
352 3827 579 3917 εάαγγελιστὴς
601 3859 639 3919 τη
664 3830 762 3920 ὀγδόη
785 3830 891 3920 ἡμέρη
913 3830 1014 3901 εἶπεν.
1058 3825 1095 3920 ἦν
1118 3833 1178 3919 γὰρ
1201 3841 1304 3918 μέρος

236 3939 313 3998 ωτι
335 3934 393 4016 τῆς
414 3924 537 4016 ἡμέρας
559 3927 841 4014 ὑπολειπόμενον,
867 3929 922 3998 ὅτε
942 3931 1000 3997 τόν
1023 3931 1119 4017 λόγον
1143 3933 1223 4018 έφη,
1246 3934 1303 3998 καὶ

280 4033 526 4112 συνηρίθμησεν
550 4022 606 4094 ἀπ’
625 4027 748 4114 ἐκείνης
769 4031 827 4114 τῆς
848 4024 971 4114 ἡμέρας
993 4031 1045 4093 καὶ
1069 4032 1126 4114 τῆς
1148 4023 1248 4110 ἀέρας,
1274 4029 1306 4096 εἰ

279 4114 319 4210 ἦν
341 4121 360 4209 ἡ
383 4120 488 4211 ἡμέρα
510 4127 675 4191 κεκλικυῒα
697 4127 776 4208 περὶ
799 4123 913 4210 ένάτην
930 4121 1019 4210 ὥραν
1034 4120 1055 4210 ἢ
1071 4122 1216 4209 δεκάτην.
1247 4131 1308 4192 καὶ

280 4219 383 4286 πάλιν
406 4220 439 4286 έν
462 4226 501 4309 τῇ
526 4219 623 4309 ὀγδόη
647 4219 752 4308 ἡμέρᾳ
774 4223 850 4304 περὶ
874 4222 932 4307 τὴν
955 4230 1067 4308 τρίτην
1100 4218 1121 4307 ἢ
1141 4220 1307 4306 τετάρτην
