2867 5084
577 961 656 1013 σνσι
673 965 852 1016 mmm.
1159 957 1216 1019 τοι

200 1114 241 1197 τῇ
270 1111 405 1229 καρδίᾳ,
435 1107 488 1177 ότι
515 1105 610 1178 αότοί
639 1114 696 1179 τὸν
724 1114 808 1182 θεὸν
837 1113 1008 1201 ὀψονται”.
1054 1118 1164 1204 φήσας
1186 1120 1222 1185 δὲ

185 1211 302 1275 Ιτοῦτο
335 1213 389 1276 καὶ
422 1210 629 1292 παραζεύξας
661 1211 744 1278 κατὰ
777 1213 835 1298 τὴν
869 1208 969 1280 αύτσῦ
1003 1213 1131 1282 ἔννοιαν
1164 1216 1223 1294 τὰς

198 1308 307 1422 λέξεις
334 1307 374 1373 εί
366 1330 428 1372 τοι
451 1301 490 1373 ἀν
515 1304 568 1373 ὅτι
590 1308 624 1375 ἐν
646 1312 693 1394 τῷ
716 1334 762 1394 νφ
786 1311 922 1389 ἕκαστος
952 1307 1013 1399 ὁρᾷ
1041 1311 1099 1378 τὸν
1129 1312 1221 1381 θεόν.

197 1397 239 1470 ού
268 1402 332 1519 γάρ
361 1399 570 1491 ὀφθαλμοῖς·
600 1403 797 1474 ἀντιπίπτει
819 1408 855 1474 δὲ
877 1407 983 1494 τούτῳ
1006 1405 1024 1474 3
1046 1415 1143 1488 θεῖος
1166 1410 1222 1475 λό-

197 1525 258 1586 γος
287 1500 423 1587 φάσκων
452 1500 509 1568 διά
533 1496 671 1569 Ἠσαίου
700 1507 759 1569 τοῦ
788 1505 964 1592 προφύτοο
996 1505 1163 1585 “τάλας’
1149 1509 1246 1592 εγά,5

199 1593 256 1665 ὅτι
279 1604 526 1684 κατανίνυγμαι,
550 1596 603 1666 ὅτι
626 1599 810 1684 ἀνθρωπος
832 1597 1014 1686 ἀκάθαρτα
1027 1605 1117 1689 χείλη
1142 1606 1222 1687 ἔχων

199 1694 236 1762 ἒν
266 1697 336 1779 λαῷ
364 1691 540 1781 ἀκάθαρτα
566 1700 656 1783 χείλη
687 1699 793 1780 ἔχοντι
817 1698 878 1782 ε’γο)
902 1704 1058 1778 κατοικῶ,
1089 1701 1222 1767 καὶτὸν

198 1791 314 1876 κύριον
335 1793 486 1876 Σαβαὼθ
514 1788 602 1861 εἶδον
631 1805 703 1873 τοῖς
731 1790 925 1882 ὀφθαλμοῖς
949 1801 1042 1879 μοο”.
1087 1803 1140 1865 καὶ
1164 1794 1222 1864 ούκ

199 1883 278 1957 εἶπε
299 1893 346 1974 τῷ
369 1894 425 1976 νῷ,
450 1886 526 1957 ούδὲ
549 1891 644 1958 ἐν
604 1918 643 1978 τη
667 1892 792 1978 ἐννοίᾳ,
816 1888 900 1960 ἀλλὰ
922 1904 994 1972 τοῖς
1016 1889 1220 1982 ὀφθαλμοῖς,

199 1985 244 2054 τά
274 1982 383 2074 ἀληθῆ
412 1987 467 2054 καὶ
496 1989 612 2073 στερεά
641 1993 698 2075 τῆς
727 1998 873 2068 πίστεως
898 1994 1143 2075 βεβαιούμενος.
1189 2001 1222 2059 τί
1234 2006 1261 2055 10

200 2072 260 2151 σύν
284 2085 446 2200 είπωμεν,
476 2089 535 2151 τοῦ
562 2081 750 2202 εὐαγγελίου
774 2088 925 2172 λέγοντος
946 2087 1028 2161 θεὸν
1051 2087 1094 2173 μή
1118 2090 1222 2201 ἑωρα-

185 2185 296 2249 ἰκέναι
317 2180 391 2248 τινὰ
415 2182 564 2262 πώποτε,
588 2188 654 2250 τῶν
678 2185 713 2250 δὲ
735 2188 918 2270 προφητῶν
940 2187 993 2250 καὶ
1023 2179 1222 2252 ἀποστόλων

202 2278 400 2365 φασκόντων
428 2283 482 2346 καί
513 2276 613 2347 αύτοῦ
641 2284 700 2346 τού
725 2287 857 2362 κυρίους
897 2271 962 2363 ἀρα
990 2276 1167 2348 ἀντίθετον
1189 2283 1222 2349 ἐν

200 2379 242 2463 τῇ
266 2381 346 2462 θείᾳ
367 2380 477 2464 γραφῇ
499 2378 586 2462 πρὸς
608 2378 726 2464 ἑαυτήν
747 2404 798 2458 τις
820 2377 864 2463 μὴ
887 2383 1025 2461 γένοιτο.
1071 2373 1155 2444 ἀλλὰ
1177 2374 1223 2446 εί-

202 2473 263 2539 δον
285 2478 459 2561 προφῆται
480 2479 533 2541 καὶ
558 2470 753 2554 ἀπόστολοι,
778 2477 831 2540 καὶ
855 2470 980 2560 ἀληθὲς
995 2469 1152 2558 ὑπάρχον.
1178 2470 1261 2542 εί-ιο

202 2570 262 2637 δον
291 2570 327 2636 δὲ
354 2571 443 2638 καθὸ
464 2567 624 2658 ἠδύναντο
648 2568 741 2641 αὐτοὶ
771 2575 825 2640 καὶ
853 2571 942 2639 καθὸ
975 2571 1139 2655 ἐνεχώρει,
1169 2576 1222 2639 καὶ

200 2665 308 2756 ὤφθη
340 2663 494 2748 αότοῖςύ
523 2670 605 2748 θεὸς
628 2667 673 2749 ιύς
693 2666 874 2757 ἠθέλησεν·
918 2668 1111 2754 πάνταγὰρ
1134 2664 1222 2756 αύτῷ

202 2765 337 2833 δυνατά.
369 2770 423 2832 καὶ
446 2763 499 2833 ὅτι
519 2770 580 2851 μὲν
603 2764 621 2833 3
644 2763 786 2852 ἀόρατος
807 2767 889 2846 θεὸς
911 2769 964 2833 καὶ
981 2762 1221 2851 ἀκατάληπτος,

201 2865 301 2929 τοῦτο
325 2864 460 2949 δῆλόν’
446 2888 518 2932 εστι
539 2867 592 2931 καί
616 2861 834 2951 ὡμολόγηται.
866 2864 950 2931 ἀλλά
966 2863 1068 2931 πάλιν
1084 2863 1223 2943 δυνατός

202 2959 276 3027 ἐστι
302 2972 415 3028 ποιεῖν
443 2960 460 3026 3
482 2962 646 3045 βούλεται.
693 2960 752 3028 “03
774 2989 835 3048 γαρ
857 2988 909 3041 τις
931 2957 1142 3076 ἀντιτίθησιν
1164 2956 1223 3028 αό-
1207 2973 1262 3023 -ῖο

204 3060 263 3123 τοῦ
291 3060 338 3143 τῷ
366 3059 575 3145 βουλήματίῖ
619 3055 762 3144 ἀόρατος
784 3063 841 3125 σύν
864 3059 935 3126 ἐστι
957 3058 1160 3175 τὴνφύσιν
1167 3058 1223 3126 καί

185 3149 491 3242 οάκατάληπτος
457 3182 516 3241 την
539 3156 647 3237 δόξαν.
688 3159 891 3242 βουλομένου
914 3157 950 3222 δὲ
970 3159 1017 3240 τιῦ
1041 3151 1095 3221 ὑπ’
1122 3151 1222 3222 αύτού

202 3251 352 3336 γεγονότι
381 3249 554 3340 ἀνθρώπῳ
584 3249 797 3321 ὀπτάνεσθαι
826 3249 920 3320 οὐδὲν
948 3217 1153 3318 ίνάντιοῦται
1175 3255 1222 3336 τῷ

203 3344 305 3416 αύτοῦ
334 3351 528 3438 βουλήματι.
573 3350 613 3417 ού
641 3351 702 3436 γάρ
730 3352 828 3436 πάθη
857 3355 1025 3431 συνέχεται
1052 3348 1091 3413 τὸ
1114 3355 1220 3428 θεῖον,

204 3447 258 3515 ἵνα
286 3445 305 3513 3
333 3449 489 3533 βούλεται
510 3448 554 3535 μὴ
577 3449 717 3535 πράττῃ,
745 3442 766 3534 ἢ
788 3448 917 3534 πράττη
942 3445 959 3511 3
982 3445 1025 3532 μη
1047 3446 1260 3530 βούλεται·ῖ5

204 3543 342 3623 δυνατὸς
369 3549 430 3631 γάρ
460 3545 531 3614 ἐστι
558 3550 667 3613 ποιῶν
697 3545 715 3611 3
742 3545 907 3630 βούλεται.
963 3537 1048 3610 ἀλλὰ
1081 3542 1222 3626 πράττει

203 3637 290 3728 άπερ
312 3640 414 3711 αύτού
436 3650 560 3730 πρέπει
582 3647 621 3729 τῇ
643 3643 792 3730 θεότητι,
815 3643 916 3729 μηδὲν
943 3637 1029 3718 ὅλως
1049 3642 1096 3724 τῷ
1119 3640 1222 3725 θελή·

203 3764 283 3823 ματι
304 3734 407 3807 αὐτού
429 3735 643 3820 ἀντιπῖπτον,
667 3737 754 3807 ὥστε
766 3740 819 3855 μὴ
843 3738 1011 3805 δύνασθαι
1028 3734 1221 3819 πράττεινὸ

203 3839 374 3921 βούλεται,
396 3837 595 3922 πρεπόντως
617 3841 656 3925 τῇ
679 3834 780 3905 αὐτοῦ
803 3836 952 3922 θεότητι.
982 3838 1036 3900 καί
1059 3828 1221 3899 ἀδύνατόν

203 3933 290 4003 ίστιν
313 3935 397 4003 ίδεῖν
419 3935 513 4015 θεὸν,
535 3936 681 4019 μάλιστα
703 3929 921 4051 ἀνθρωπίνην
945 3931 1062 4019 φύσιν,
1085 3930 1140 3995 καὶ
1162 3922 1261 3993 υόκῖθ

185 4028 338 4118 θίγχιυρεῖ
363 4032 403 4098 τὸ
431 4027 551 4116 ὁρατὸν
580 4028 661 4120 ὁρᾶν
690 4031 729 4098 τὸ
753 4027 904 4114 ἀόρατον,
943 4022 1011 4093 ἀλλ’
1037 4022 1055 4091 ύ
1078 4021 1220 4111 ἀόρατος

202 4128 280 4210 θεὸς
308 4129 344 4198 ἐν
372 4131 618 4218 φιλανθρωπίᾳ
646 4132 700 4196 καὶ
728 4127 865 4210 δυνάμει
887 4123 1059 4209 ίνισχύσας
1080 4121 1119 4188 τὸ
1141 4115 1221 4188 ἀδύ-

201 4250 296 4296 νατον
318 4229 562 4316 κατηξίωσε
523 4254 562 4314 τη
578 4227 697 4296 εαυτου
682 4218 897 4309 ’δυνάμειβ
885 4218 979 4299 όπιυς
995 4218 1097 4307 ἴδη
1064 4242 1103 4286 το
1118 4215 1220 4303 ἀόρα-
