2867 5084
487 960 606 1014 ιλιινι.
625 965 816 1017 ισοιιοιοι.
1098 960 1160 1022 437

137 1113 174 1192 ἐξ
207 1101 246 1199 ἧς
272 1111 410 1196 τριάδος
435 1123 509 1191 τοίς
540 1116 691 1199 γεγονόσι
722 1116 762 1180 τὸ
796 1116 1024 1198 διασώζεσθαι
1056 1122 1166 1207 πρόσ-

137 1234 239 1277 εστιν.

225 1307 286 1372 λα’.
321 1308 363 1373 Εἰ
386 1301 481 1373 οόδέν
503 1311 569 1374 τῶν
593 1304 745 1392 ἀοράτων
768 1305 849 1377 αὐτὸ
872 1313 990 1379 ἑαυτοῦ
1013 1339 1166 1400 σπερμα-

135 1408 237 1482 τικῶς
260 1404 479 1487 προϋπάρχοι,
511 1407 659 1488 διαμένει
688 1409 724 1472 δὲ
753 1408 786 1474 έν
809 1408 909 1496 φόσει
932 1406 1164 1499 ἀποκεκληρω-

107 1509 230 1587 υμένη,
265 1505 339 1580 πῶς
361 1498 379 1566 ό
402 1497 576 1588 όιγέννητος
598 1505 680 1582 θεὸς
702 1505 877 1590 έλεόέίερος
900 1502 1190 1594 όιποκληρῶσεωςσ

134 1596 297 1681 ὑπάρχων
328 1603 385 1665 νῦν
414 1603 474 1683 μὲν
496 1599 555 1685 τήν
578 1602 696 1667 ἑαυτοῦ
720 1600 836 1669 οόσίαν
860 1607 1013 1690 δευτέραν
1036 1608 1070 1673 έν
1091 1633 1164 1692 γεν«

135 1697 260 1782 νήματι
290 1693 367 1784 ὁρᾷ,
403 1702 460 1763 νῦν
484 1698 519 1763 δέ
542 1706 708 1782 προτέραν
737 1700 771 1766 έν
799 1696 962 1788 όγεννήτῳ
994 1706 1078 1771 κατὰ
1104 1706 1164 1793 τὴν

134 1799 197 1862 τοῦ
221 1794 357 1878 πρῶτον
379 1798 432 1860 καὶ
457 1795 609 1879 δευτέρου
631 1796 743 1884 τάξιν,·

221 1887 421 1976 Ἀνατροπή.
459 1889 546 1958 Ἔδει
575 1893 633 1958 τὸν
657 1888 788 1962 Ἀέτιον
815 1892 894 1982 ἡμῖν
922 1908 1163 1985 προσημαίνειν

133 1993 189 2057 καί
223 2000 344 2076 σαφεῖς
370 1989 430 2079 τὰς
458 1986 560 2055 αὑτοῦ
595 1991 731 2069 πεύσεις
761 1994 977 2078 προβάλλειν,
1016 1996 1163 2079 μάλιστα
1174 2016 1203 2065 1⁰

134 2088 259 2183 ταύτην
281 2084 385 2172 ἥνπερ
409 2089 496 2166 λέξιν
523 2087 731 2174 ἐπιλήψιμον
753 2095 806 2157 καί
827 2089 905 2178 μηδ’
925 2091 1010 2171 ὅλοις
1026 2095 1164 2175 ἔχουσαν

136 2191 327 2270 συγγένειαν
355 2188 421 2249 τῶν
450 2180 686 2267 όμοιωμάτων,
723 2183 799 2254 οόδὲ
832 2190 977 2274 έίότερον
1010 2195 1077 2256 τῶν
1105 2187 1160 2257 ὑπ’

110 2279 241 2351 θαύτοῦ
266 2278 508 2364 ὠνομασμένων
532 2289 665 2370 θατέρῳ
689 2287 950 2362 σονεξισοῦσέίαι
972 2287 1161 2369 δυνάμενον.

137 2381 276 2447 πολλῶν
296 2379 358 2464 γὰρ
381 2374 532 2463 ἀοράτων
554 2377 626 2466 ἥκει
648 2388 759 2468 φέρων
788 2379 866 2468 ἡμῖν
887 2383 948 2460 τὰς
971 2379 1161 2466 ὀνομασίας.
1301 2402 1325 2422 “

138 2475 294 2562 ἔστιγὰρ
316 2477 372 2542 καὶ
395 2475 521 2560 ἀόρατα
544 2479 612 2557 ζῶα
632 2479 673 2543 τὰ
696 2479 911 2562 πνευματικὰ,
937 2484 1022 2566 φημὶ
1045 2484 1202 2552 &He-15

138 2578 247 2661 ραφίμ
270 2576 323 2639 καὶ
346 2577 527 2658 Χερουβὶμ,
559 2571 644 2641 ἀλλὰ
673 2580 728 2642 καὶ
757 2574 898 2660 όίγγελοι,
932 2578 1105 2661 πνεύματά
1126 2606 1163 2646 τε

137 2676 190 2739 καὶ
215 2670 300 2738 άλλα
322 2673 406 2749 τινὰ,
431 2672 464 2738 έν
489 2667 539 2749 οἷς
562 2668 699 2759 άληθῶς
722 2675 907 2761 πληροῦται
934 2675 973 2739 τὸ
994 2675 1076 2762 μήτε
1100 2671 1164 2741 ὑπ-

140 2771 238 2854 άρχον
269 2770 302 2835 έν
331 2769 463 2848 ἑαυτοῖς
485 2775 718 2852 σπερματικῶς
741 2799 782 2838 τι.
831 2769 907 2838 σότε
934 2773 995 2858 γάρ
1026 2773 1165 2857 σώματα

140 2875 223 2954 φαίη
247 2864 287 2932 όίν
310 2893 361 2944 τις
382 2867 424 2932 τὰ
447 2862 582 2950 άόρατα.
627 2871 680 2934 καί
703 2869 764 2954 γὰρ
794 2868 870 2936 οὔτε
897 2874 1055 2954 γεννῶσιν
1089 2869 1165 2938 οὔτε

139 2969 333 3050 γεννῶνται·
357 2965 559 3050 έκτίσβησαν
582 2967 618 3032 δὲ
640 2967 723 3031 κατὰ
744 2966 894 3053 βούλημα
916 2973 974 3051 τῆς
996 2967 1096 3051 οόσης
1112 2964 1204 3038 άεὶῖο

141 3063 302 3148 θεότητος
326 3066 452 3148 σαφῶς,
484 3066 537 3126 καί
568 3063 715 3145 λέλογχεν
739 3065 875 3130 ἕκαστον
902 3068 968 3129 τῶν
996 3072 1165 3146 κεκτισμέ-

85 3170 205 3227 ῒθνων
229 3156 315 3243 ὅπερ
340 3156 357 3224 ό
381 3155 426 3226 ῶν
450 3154 538 3243 αότῴ
562 3161 723 3242 διένειμεν
747 3156 863 3244 άρετής
886 3161 919 3226 ἒν
942 3164 980 3246 τῇ
997 3157 1164 3245 ὑπερβολῇ

140 3261 195 3344 τῆς
224 3252 327 3323 αότοῦ
356 3253 513 3344 ἀφθόνου
542 3259 819 3342 φιλανθρωπίας,
854 3260 908 3323 καὶ
940 3252 1163 3341 όιπεκληριόθη

141 3354 276 3421 ἕκαστον
299 3351 383 3437 ὅπερ
398 3353 607 3440 κεκλήρωται,
632 3357 683 3419 καί
702 3355 736 3420 ἐν
750 3355 857 3440 τούτῳ
872 3360 980 3436 μένει·
1003 3357 1056 3419 καί
1074 3352 1164 3419 ἐλεό-

140 3452 241 3537 θσρός
262 3452 354 3518 ἐστιν
378 3447 395 3516 ό
418 3450 500 3529 θεός
522 3452 634 3538 πάσης
656 3452 780 3530 αἰτίας,
816 3452 849 3518 ἐν
879 3453 985 3537 ἑαυτῷ
1015 3451 1096 3532 έχων
1124 3451 1203 3517 τόιῡ

142 3553 217 3628 πᾶν,
229 3543 490 3633 οόμελλητικῶς,
503 3545 579 3615 οόδὲ
594 3551 908 3636 μεταμεμελημίνως
918 3549 975 3615 τόν
992 3548 1063 3614 υἱόν
1080 3549 1165 3631 μετὰ

141 3646 275 3730 χρόνους
297 3647 387 3729 έχων,
411 3641 432 3730 ἢ
453 3646 492 3711 τὸ
515 3641 609 3731 ἅγιον
632 3651 763 3730 πνεῦμα
779 3645 889 3726 αὐτοῦ,
914 3643 999 3713 ἀλλὰ
1015 3670 1166 3729 σομπρε·

144 3744 272 3822 πάντως
292 3743 331 3808 τό
355 3739 407 3810 ἀεὶ
430 3744 513 3825 ἔχειν
541 3744 613 3809 οίόν
634 3752 873 3831 γεγεννημένον,
903 3745 974 3810 υίόν
1005 3746 1086 3825 έχων
1109 3746 1163 3808 καί

144 3844 255 3907 τοῦτον
278 3844 448 3926 μονογενῆ,
480 3835 530 3907 όιεὶ
554 3842 634 3922 έχων
658 3849 787 3924 πατέρα
811 3843 844 3908 έν
867 3843 983 3926 ἑαυτῷ,
1015 3841 1081 3921 ἔχει
1108 3842 1163 3903 καί

145 3939 177 4003 τὸ
199 3935 295 4023 ἅγιον
319 3941 450 4022 πνεῦμα
473 3939 506 4005 ἐκ
528 3937 657 4021 πατρὸς
680 3934 717 4003 όν
740 3939 874 4003 καὶτοῦ
897 3939 971 4003 οἱοῦ
995 3935 1204 4021 λαμβάνονεο

146 4028 189 4103 όιὶ
214 4038 297 4118 ἐ’χον.

224 4141 253 4199 2.
295 4136 359 4199 Καί
382 4132 444 4218 γὰρ
467 4131 543 4200 οὔτε
566 4132 621 4199 έπί
646 4127 764 4218 ἀδοξία
795 4126 871 4195 οὔτε
900 4129 956 4195 ἐπί
986 4129 1163 4215 προσθήκῃ

105 4224 238 4318 Βδόξης
258 4227 481 4333 ήθπεριουσίοι
502 4235 560 4317 τῆς
582 4229 744 4316 θεότητος
759 4223 810 4296 άεὶ
827 4226 936 4314 οόσης.
966 4224 1107 4312 μηδενὸς
1128 4228 1165 4293 δὲ

1117 4542 1291 4650 Α
