2867 5084
294 925 342 1012 48'
521 956 1083 1011 ammomumfflzfflm.

294 1111 411 1198 ψυχάς.
441 1111 495 1177 καὶ
517 1109 639 1190 ταότας
661 1104 679 1175 5
699 1115 802 1197 μέγας
823 1111 960 1198 φωστὴρ
982 1122 1058 1190 ταῖς
1074 1104 1186 1180 όικτῖσι
1201 1109 1315 1198 λαβὼν

292 1209 470 1296 καθαρίζει
497 1210 551 1275 καί
572 1208 777 1292 μεταδίδωσι
798 1212 837 1296 τῇ
860 1209 993 1296 σελήνη,
1022 1211 1076 1276 καί
1098 1205 1206 1288 οὕτως
1227 1210 1314 1297 πλη-

292 1310 411 1392 ροῦται
431 1308 490 1392 τῆς
512 1303 647 1392 σελήνης
669 1302 687 1371 5
710 1307 821 1385 δίσκος
844 1300 955 1391 όπαρ’
973 1303 1051 1394 ἡμῖν
1067 1305 1315 1393 προσαγορευό-

295 1428 402 1488 μενος.
438 1404 544 1469 πλοῖα
565 1403 625 1489 γὰρ
647 1400 919 1489 ήτοιπορθμεῖα
940 1398 1026 1471 εἶναι
1047 1405 1134 1489 λέχει
1154 1404 1232 1483 τοὺς
1254 1404 1314 1471 δύο

268 1504 485 1590 ῖφωστήρας.
516 1495 587 1568 εἶτα
611 1500 666 1567 έὰν
688 1504 833 1588 γεμισθῇ
855 1495 1018 1589 ήσελήνη,
1041 1501 1315 1587 μεταπορθμεόει

297 1600 343 1680 είς
365 1595 567 1686 ἀπηλιώτην,
590 1601 642 1664 καί
666 1595 772 1677 οὕτως
793 1591 998 1682 ἇπόκρουσιν
1020 1611 1171 1667 ποιεῖται
1183 1603 1243 1666 τοῦ
1259 1600 1315 1686 χό-

294 1722 359 1782 μου
382 1697 638 1784 έλαφρυνομένη,
660 1698 714 1762 καὶ
739 1691 826 1761 οότω
844 1698 968 1781 πληροῖ
982 1696 1021 1763 τό
1036 1703 1236 1782 πορθμεῖον.
1260 1699 1313 1764 καλ

297 1794 399 1862 πάλιν
421 1789 591 1912 αἰπογομοῖ
612 1788 826 1877 ἄνιμωμένων
848 1790 916 1859 ὑπὸ
938 1798 1003 1860 τῶν
1025 1794 1133 1861 κάδων
1155 1798 1223 1861 τῶν
1249 1803 1353 1878 ψυσῖῖῖ

295 1896 377 1976 χῶν,
403 1889 495 1975 ἄχρις
518 1879 556 1956 οό
579 1889 618 1956 τό
640 1892 728 1957 ἰ’διον
750 1884 852 1956 αότοῦ
873 1897 973 1975 μέρος
994 1891 1098 1959 σώσει
1118 1895 1176 1978 τῆς
1200 1895 1314 1980 ψυχῆς.

258 2002 288 2053 ιο
297 2015 356 2077 της
383 1988 444 2074 γὰρ
471 1992 529 2054 τοῦ
557 1983 687 2074 ἀγαθοῦ
710 1988 839 2073 πατρὸς
860 1983 975 2067 οόσίας
997 1993 1110 2056 πᾶσαν
1126 1989 1241 2088 ψυχὴν
1263 1992 1316 2056 καί

298 2091 368 2154 πᾶν
395 2085 586 2170 κινεόμενον
609 2087 692 2167 Ιζῶον
712 2091 859 2170 μετέχειν
882 2087 977 2170 λέγει.
1021 2090 1080 2173 τῆς
1101 2089 1159 2153 οὖν
1181 2087 1318 2174 σελήνης

297 2182 538 2271 μεταδιδοόσης
567 2183 625 2250 τόν
657 2183 759 2268 χόμον
787 2185 854 2250 τῶν
883 2187 997 2267 ψυχῶν
1024 2196 1097 2263 τοῖς
1130 2184 1231 2252 αι’ῶσι
1258 2188 1317 2252 τοῦ

298 2281 436 2368 πατρὸς,
443 2288 707 2400 παραμένουσιν
730 2280 764 2347 έν
785 2307 832 2367 τῳ
817 2280 1023 2367 στόληι
985 2306 1043 2399 της
1065 2281 1213 2369 δόξης,
1201 2281 1239 2363 ός
1260 2309 1319 2351 κα·

298 2374 452 2448 λεῖται’
434 2380 495 2467 αήρ
525 2375 544 2445 5
571 2381 704 2458 τέλειος.
750 2375 768 2445 ὁ
796 2374 885 2445 δὲ’
866 2378 928 2465 αήρ
965 2367 1061 2457 οὗτος
1093 2379 1212 2459 στῦλός
1246 2380 1319 2448 ἐστι

260 2489 288 2539 1⁵
300 2503 422 2566 φωτος
445 2476 560 2563 ἐπειδὴ
582 2482 674 2594 χέμει
696 2480 811 2561 ψυχῶν
832 2480 898 2542 τῶν
920 2479 1200 2562 καθαριζομένων.
1237 2476 1318 2571 αὕτη

300 2571 428 2643 ἔστίν“
410 2601 429 2660 η
453 2574 544 2640 αίτία
567 2562 653 2639 δι’
632 2598 671 2689 ης
693 2575 728 2640 αῖ
753 2575 854 2657 ψυχαὶ
878 2573 1049 2690 σώζρνται

385 2679 436 2738 27.
463 2666 506 2737 ‘H
534 2672 570 2737 δὲ
596 2674 655 2736 τοῦ
684 2664 874 2737 ἀποθανεῖν
902 2670 979 2750 τοὺς
1011 2669 1216 2758 ἀνθρώπους
1249 2674 1322 2741 ἔστι

300 2769 404 2836 πάλιν
426 2764 524 2852 αὕτη·
546 2773 718 2852 παρθένος
738 2792 790 2846 τις
812 2762 919 2850 ῶραέα
933 2775 1163 2857 κεκοσμημένη,
1187 2770 1360 2859 πιθανὴν

302 2866 400 2945 πάνυ,
431 2865 532 2932 συλᾶν
561 2864 722 2948 ἐπιχειρεῖ
742 2863 819 2943 τοὺς
841 2861 1000 2947 ἄρχοντας
1021 2867 1099 2946 τοὺς
1121 2867 1154 2935 έν
1176 2871 1223 2955 τῷ
1247 2893 1323 2938 στι·

260 2963 447 3049 ιορεώματι
474 2958 541 3028 ὑπὸ
570 2966 628 3028 τοῦ
657 2962 779 3043 ζῶντος
801 2960 988 3045 πνεύματος
1010 2960 1245 3047 ἀνενεχθέντος
1266 2969 1342 3056 καλ,

302 3066 565 3145 σταυρωθέντας,
589 3066 771 3147 φαινομένη
795 3060 832 3126 δὲ
852 3070 925 3138 τοῖς
936 3058 1051 3146 ἄρρεσι
1065 3056 1187 3150 θήλεια
1203 3062 1324 3149 εὔμορ-

303 3183 376 3247 φος,
400 3169 474 3237 ταῖς
495 3159 533 3226 δέ
555 3159 708 3242 θηλείαις
730 3164 860 3236 νεανίας
881 3153 1008 3245 εὐειδής
1029 3161 1082 3227 καὶ
1101 3160 1322 3248 έπιθυμητός.

302 3261 356 3324 καὶ
386 3258 418 3324 οἱ
445 3258 505 3339 μέν
527 3254 681 3343 ἄρχοντες
703 3251 831 3322 ὁπόταν
854 3257 972 3323 ἰ’δωσιν
994 3251 1095 3373 αότην
1116 3259 1324 3327 κεκαλλωπι-

168 3433 173 3440 ,
304 3361 433 3442 σμένην,
457 3353 667 3438 οίστροῦνται
688 3355 734 3439 τῷ
758 3355 894 3440 φίλτρῳ,
922 3380 975 3420 και
994 3355 1054 3477 μή
1065 3355 1242 3439 δυνάμενοι
1264 3351 1324 3423 αό-

260 3452 361 3568 ιυτήν
388 3453 584 3536 καταλαβεῖν
613 3451 736 3529 δεινῶς
756 3453 935 3537 φλέγονται
962 3455 1009 3538 τῷ
1040 3452 1184 3568 ἐρωτικῷ
1207 3455 1323 3541 πόθῳ,

304 3551 362 3616 τὸν
384 3553 461 3616 νοῦν
483 3544 803 3634 έξαρπασθέντες.ί
790 3546 870 3616 όταν
893 3538 951 3616 οὖν
969 3550 1149 3636 τρεχόντων
1171 3577 1282 3619 αυτων
1302 3578 1323 3639 η

305 3646 512 3732 παρθένος’
498 3645 646 3734 α’φαντος
666 3651 809 3735 γένηται,
831 3645 907 3716 τότε
929 3642 947 3712 5
966 3645 1073 3733 ἄρχων
1089 3672 1108 3713 ο
1096 3644 1223 3735 ‘mag
1238 3673 1325 3734 προ-

304 3743 420 3831 βάλλει
446 3743 507 3824 τὰς
533 3745 672 3831 νεφέλας
698 3743 735 3824 ἐξ
759 3738 875 3824 αὐτοῦ,
907 3740 1001 3824 όπως
1023 3753 1157 3834 σκοτίοη
1180 3773 1219 3835 τη
1243 3741 1352 3834 ὀργῇς

306 3837 407 3910 αὐτοῦ
428 3841 486 3907 τόν
507 3842 640 3925 κόσμον.
684 3844 739 3909 καὶ
761 3838 868 3921 οὕτως
888 3841 945 3909 έὰν
966 3843 1070 3931 θλιβή
1092 3843 1192 3924 πάνυ,
1214 3844 1325 3913 καθά·

263 3958 369 4026 υοπερ
391 3936 576 4024 ἄνθρωπος
599 3939 698 4023 ἱδρῶν
720 3934 963 4007 δποκοποῦταα
1001 3936 1019 4007 5
1043 3943 1078 4009 δὲ
1101 3940 1201 4026 ἱδρώς
1222 3937 1325 4010 αὐτοῦ

307 4038 397 4105 έστιν
417 4033 437 4123 ἡ
459 4037 570 4124 βροχή.
603 4032 685 4120 όμοῦ
707 4040 761 4104 καί
785 4033 803 4103 5
820 4037 984 4121 θερισμός
998 4036 1106 4122 ἄρχων
1121 4038 1178 4105 ἐὰν
1193 4041 1326 4129 ουληθῇ

307 4131 374 4200 ὑπὸ
396 4139 454 4222 τῆς
476 4140 665 4220 παρθένου,
693 4141 844 4218 καταχέει
864 4132 981 4219 λοιμόν
1003 4131 1054 4224 ἔφ’
1079 4132 1159 4224 ὅλης
1177 4139 1237 4223 τῆς
1257 4140 1325 4223 γῆς,

308 4227 402 4310 ὅπως
422 4233 614 4302 θανατώσει
637 4231 713 4313 τοὺς
736 4228 948 4318 ἀνθρώπους,
977 4230 1017 4299 τό
1037 4233 1099 4320 γὰρ
1114 4237 1212 4319 σῶμα
1226 4238 1328 4305 τοῦτο
