2867 5084
502 989 596 1044 Lm
615 992 820 1044 mmmm.
1130 982 1172 1045 21

153 1165 286 1227 ταυρον,
310 1135 331 1229 ή
352 1139 481 1227 ὄρνεον,
503 1140 525 1230 ἤ
546 1167 580 1208 τι
599 1145 665 1210 τῶν
688 1144 858 1227 ἐδωδίμων
879 1143 1075 1228 κτισμάτων.
1117 1146 1173 1212 διο

154 1238 314 1321 ἐμψύχων
336 1232 374 1304 οὖ
396 1245 586 1323 μετέχουσιν
609 1229 711 1306 οὗτοι.
742 1246 795 1308 καί
818 1241 890 1319 ἐὰν,
915 1243 1013 1329 φησί,
1035 1244 1087 1320 τίς
1108 1266 1173 1329 φυ-

153 1333 254 1422 τεόση
277 1329 298 1423 ή
320 1339 427 1423 συκῆν,
451 1330 472 1424 ή
495 1336 616 1415 ἐλαίαν,
639 1330 661 1423 ή
682 1335 847 1420 άμπελον,
870 1333 891 1423 ή
913 1345 1126 1424 συκομορέαν,
1146 1331 1168 1405 ό

153 1438 310 1516 περσέαν,
332 1435 385 1499 καί
409 1427 507 1499 αὐτὸν
528 1433 765 1521 τελευτήσαντα
781 1425 883 1514 αὖθις
898 1435 1099 1519 δεσμείσθαι
1113 1430 1173 1503 αὖ·

152 1533 215 1595 τοῦ
244 1529 303 1616 τήν
327 1528 431 1616 ψυχήν
455 1530 488 1597 ἐν
508 1541 581 1608 τοῖς
602 1530 736 1610 κλάδοις
759 1528 811 1610 οἷς
832 1531 991 1619 ἐφύτευσε
1014 1535 1198 1620 δένδρεσι,ῡ

153 1631 209 1694 καί
230 1627 275 1714 μή
299 1627 466 1694 δύνασθαι
487 1623 705 1712 ὑπερβαίνειν.
739 1634 793 1695 καὶ
816 1629 849 1696 εί
867 1655 933 1708 τις,
958 1632 1058 1716 φησί,
1087 1631 1172 1718 γήμη

153 1736 309 1811 γυναῖκα,
343 1714 444 1803 αὖθις
475 1719 575 1792 αότὸν
607 1723 689 1807 μετά
716 1723 775 1812 τήν
804 1725 957 1794 ἐντεῦθεν
979 1722 1174 1816 ἀπαλλαγήν

106 1862 111 1873 ·
152 1826 503 1906 μετενσωματοόσθαι,
530 1824 584 1889 καί
605 1828 761 1907 γίνεσθαι
783 1819 882 1890 αὐτὸν
902 1834 1056 1909 γυναῖκα,
1080 1821 1176 1904 ὅπως

155 1922 210 1986 καί
234 1914 334 1998 αὐτὸς
354 1925 528 2006 γαμηθείη.
569 1922 623 1986 καλ
646 1920 678 1987 εί
697 1947 757 2001 τις,
782 1924 892 2009 φησίν,
917 1921 1093 2008 ἐφόνευσεν
1116 1920 1174 1989 άν-

129 2023 316 2104 Βθρωπσν,
345 2014 429 2101 μετά
456 2015 513 2104 τήν
543 2016 696 2101 σώματος
724 2013 918 2106 άπαλλαγήν
946 2007 1047 2099 ἆόθις
1074 2032 1214 2086 norw-1⁰

157 2119 367 2201 στρέφεσθαι
387 2113 445 2200 τήν
467 2111 568 2180 αὐτοῦ
591 2114 697 2201 ψυχήν
721 2117 768 2194 είς
789 2117 928 2203 κελεφσῦ
951 2120 1056 2200 σῶμα,
1083 2111 1104 2204 ή
1127 2117 1176 2196 είς

155 2215 231 2296 μῦν,
254 2205 274 2296 ἢ
296 2210 343 2291 είς
365 2207 454 2298 ὄφιν,
477 2209 498 2297 ή
520 2238 553 2277 τι
573 2216 726 2279 τοιοῦτον
744 2201 845 2292 αὖθις
861 2215 1010 2293 ἔσεσθαι,
1035 2209 1175 2293 ὁποίους

156 2311 212 2376 καί
240 2308 426 2396 ἐφόνευσεν.
471 2309 594 2396 ἔφασκε
617 2311 653 2375 δέ
675 2309 778 2376 πάλιν
802 2307 853 2377 ὅτι
876 2306 895 2396 ή
919 2306 1063 2397 σοφίαή
1087 2309 1175 2376 άνω·

157 2413 223 2473 θεν
250 2409 307 2473 τοῦ
336 2400 466 2490 όιγαθοῦ
494 2409 578 2472 θεοῦ
606 2408 825 2493 βουλευομένη
848 2405 907 2494 τήν
929 2406 1037 2493 ψυχήν
1058 2405 1116 2495 τήν
1140 2407 1175 2474 ἐν

160 2500 272 2570 ἅπασι
292 2504 507 2585 ὄιαχυθεῖσαν
530 2497 627 2579 (εἶναι
647 2502 709 2590 γάρ
733 2528 833 2591 φησιν
857 2499 956 2583 αότὸς
977 2507 1031 2570 καί
1054 2505 1086 2571 ολ
1114 2498 1171 2571 ἀπ’
1186 2516 1214 2567 1⁶

159 2595 264 2668 αότσό
284 2606 470 2683 Μανιχαῖοι
496 2599 554 2688 τήν
580 2601 685 2688 ψυχήν
706 2607 807 2687 μέρος
827 2606 927 2680 θεοῦ,
955 2602 1011 2668 καὶ
1033 2597 1090 2668 ἀπ’
1116 2598 1176 2668 αό-

157 2701 220 2764 τσῦ
252 2693 538 2765 ἀποσπασθεῖσαν
567 2697 601 2765 ἐν
623 2699 831 2787 αἰχμαλωσίᾳ
851 2695 1017 2783 ἀρχόντων
1039 2703 1097 2787 τής
1118 2696 1177 2767 άν-

156 2802 341 2883 τικειμένης
368 2789 468 2882 άρχής
494 2798 610 2888 τε,καί
639 2797 729 2882 ῥίζης
756 2791 1027 2889 καταβεβλήσθαι
1048 2797 1082 2864 ἐν
1104 2809 1176 2878 τοῖς

158 2893 305 2977 σιόμασι)
326 2891 409 2959 κατὰ
431 2895 547 2960 τοῦτον
568 2892 625 2959 τὸν
647 2894 789 2978 τρόπον,
814 2898 911 2982 φησί,
936 2895 1051 2962 διὰτὸ
1075 2891 1175 2983 αὐτὴν

131 2994 278 3077 Εβρῶμα
310 2985 468 3074 ὑπάρχειν
499 2993 565 3056 τῶν
597 2986 696 3078 αὐτὴν
725 2988 943 3075 άρπαξάντων
972 2989 1215 3076 άνθρώπωνβ)

158 3092 214 3155 καί
237 3087 348 3172 ίσχόος
369 3087 564 3172 παρεκτικήν
586 3100 657 3167 τοῖς
679 3085 808 3168 αὐτοῖς,
832 3092 884 3157 καί
908 3090 942 3157 ἐν
964 3090 1096 3174 σώμασι
1117 3117 1177 3158 κα·

157 3186 424 3272 ταμερισάνιων·
447 3185 564 3252 τσότοο
587 3186 688 3266 ἕνεκα,
712 3190 823 3274 φησὶν,
846 3184 1102 3274 ήπροειρημένη
1118 3211 1178 3255 σο·

159 3291 224 3373 φία
245 3283 323 3363 τοὺς
345 3285 521 3370 φωστήρας
542 3282 678 3363 τούτους
693 3291 854 3351 κατέθετο
871 3285 905 3351 ἐν
921 3280 1058 3372 οὐρανῷ,
1081 3283 1175 3372 ἥλιόν

158 3409 196 3450 τε
216 3385 272 3448 καί
296 3381 432 3468 σελήνην
454 3380 509 3447 καί
530 3377 644 3464 άστρα,
667 3382 811 3468 μηχανήν
828 3382 947 3470 ταύτην
974 3382 1175 3471 ἐργασαμένη

159 3480 218 3548 διὰ
244 3482 311 3544 τῶν
342 3477 468 3545 δώδεκα
495 3485 665 3561 στοιχείων
694 3470 739 3545 ὧν
769 3481 801 3546 οἱ
821 3477 971 3568 Ἕλληνες
999 3481 1215 3569 φάσκουσι.26

159 3580 215 3644 καί
246 3579 351 3643 ταῦτα
381 3575 423 3642 τὰ
456 3587 602 3657 στοιχεῖα
634 3577 867 3662 διισχυρίζεται
898 3574 1086 3663 άνιμᾶσθαι
1116 3580 1176 3659 τὰς

160 3673 271 3759 ψυχάς
298 3677 364 3739 τῶν
386 3673 610 3740 τελευτώντων
633 3669 824 3758 ἀνθρώπων
845 3703 882 3743 τε
903 3680 956 3743 καί
979 3680 1045 3742 τῶν
1066 3675 1176 3744 άλλων

161 3771 271 3854 ζιόων,
306 3769 444 3856 φαεινάς
476 3768 586 3849 οόσας.
632 3777 798 3857 φέρεσθαι
827 3774 862 3839 δὲ
891 3773 947 3840 ἐπί
975 3773 1014 3840 τὸ
1037 3772 1175 3860 σκάφος.

160 3871 268 3938 πλοῖα
294 3867 356 3955 γάρ
383 3868 480 3935 θέλει
506 3870 610 3954 λέγειν
636 3866 729 3955 ἥλιόν
750 3895 786 3936 τε
807 3872 860 3936 καλ
884 3868 1034 3958 σελήνην·
1061 3869 1177 3937 καὶτὸ

131 3970 222 4055 ομὲν
242 3968 361 4052 μικρὸν
382 3966 504 4032 πλοῖον
526 3970 739 4054 φορτοόσθαι
760 3967 822 4045 ἕως
843 3962 972 4054 ἡμερῶν
989 3971 1217 4049 δεκαπέντε»

160 4063 247 4134 κατὰ
273 4063 332 4150 τήν
353 4063 526 4152 πλήρωσιν
547 4068 606 4150 τῆς
627 4065 772 4152 σελήνης,
795 4067 850 4131 καί
871 4062 958 4132 οότω
980 4067 1119 4149 διαίρειν
1139 4090 1178 4134 τε

161 4165 217 4233 νἀλ
249 4156 485 4230 ἀποτίθεσθαι
516 4155 587 4228 άπὸ
618 4161 909 4248 πεντεκαιδεκάτης
942 4161 989 4241 είς
1018 4161 1059 4228 τὸ
1092 4169 1177 4250 μέγα

160 4263 295 4340 πλοῖον,
316 4264 468 4327 τουτέστι
488 4257 546 4327 τὸν
568 4255 670 4346 ἥλιον.
704 4259 762 4328 τὸν
784 4260 820 4328 δὲ
841 4255 935 4345 ήλισν
955 4258 1014 4350 τήν
1034 4260 1177 4348 μεγάλην

1162 4508 1304 4684 Ι
