2867 5084
489 1019 582 1074 ικνι.
608 1022 816 1075 mmm.
879 1050 883 1059 ·
915 1052 917 1057 -
1115 1013 1154 1075 19

135 1173 196 1258 τῆς
217 1164 435 1254 ἀνθρωπείας
457 1172 596 1260 φύσεως,
619 1174 658 1239 τὸ
680 1173 788 1241 δεινὸν
809 1174 979 1262 φρόνημα,
1002 1170 1047 1254 ιῦς
1068 1171 1153 1243 ύπο·

110 1278 227 1335 ῦνοείν
248 1266 344 1354 τὸμὴ
359 1261 396 1334 ὃν
413 1272 466 1336 καλ
488 1270 527 1335 τὸ
543 1265 580 1338 ὃν
601 1271 646 1359 μὴ
669 1271 906 1358 ἐπιγινώσκειν,
928 1272 986 1339 ἵνα
1006 1271 1153 1358 πόλεμόν

134 1391 213 1432 τινα
235 1365 268 1432 ἒν
290 1374 365 1443 ταῖς
382 1366 546 1446 διανοίαις
559 1371 626 1435 τῶν
640 1363 857 1456 ἠπατημένων
873 1368 1068 1457 ίνστησηται
1081 1380 1154 1450 τοῖς

134 1463 328 1547 νομίζουσιν
358 1457 442 1530 εἶναί
469 1490 503 1531 τι
528 1463 612 1549 μετὰ
638 1466 696 1532 τὸν
719 1464 814 1546 ὄντα,
846 1469 900 1535 καλ
923 1462 968 1545 ὥς
990 1467 1097 1534 ελπείν
1119 1465 1154 1534 ἐκ

136 1558 198 1626 δύο
222 1559 336 1645 ῥιζῶν,
365 1554 386 1647 ἢ
406 1560 467 1627 δύο
489 1556 597 1646 άρχοῦν
619 1563 829 1650 ἐνεργεῖσθαι
849 1565 891 1632 τά
912 1562 1039 1644 πάντα,
1069 1561 1176 1647 ὅπερυ

136 1656 211 1724 ἐστὶ
238 1655 374 1723 πάντων
403 1659 661 1745 δοσοεβέστατον
689 1663 744 1728 καὶ
765 1660 1026 1748 μοχθηρότατον.
1071 1655 1155 1729 ἀλλὰ

135 1756 215 1839 περὶ
239 1754 358 1820 τούτου
381 1745 482 1835 αὖθις
504 1757 577 1842 ίριῦ.
608 1757 642 1824 ἐν
662 1759 794 1837 τούτοις
807 1757 868 1845 γάρ
885 1754 1155 1844 ύπροειρημίνος

135 1852 327 1930 Σκυθιανὸς
348 1853 539 1941 τυφλωθεὶς
559 1854 618 1941 τὴν
642 1855 808 1936 διάνοιαν,
838 1855 948 1942 λαβὼν
969 1854 1063 1941 παρὰ
1084 1861 1156 1922 Πυ-

136 1949 288 2035 θαγόρου
310 1948 371 2027 τὰς
392 1949 596 2039 προφάσεις,
621 1948 725 2032 ούτως
747 1951 923 2042 ίφρύνησε,
946 1954 999 2020 καλ
1020 1954 1156 2040 βίβλους

135 2052 302 2131 τέσσαρας
324 2045 430 2133 ἑαυτῷ
452 2048 647 2129 πλάσσεται,
670 2054 710 2138 τῇ
731 2055 793 2138 μιᾷ
816 2049 921 2135 ὄνομα
939 2055 1081 2135 θέμενος
1093 2076 1153 2134 μυ·
1166 2064 1195 2116 10

136 2151 292 2230 στηρίων,
315 2146 354 2230 τῇ
375 2145 411 2210 δὲ
426 2145 560 2234 δευτέρη
574 2149 777 2234 κεφαλαίων,
796 2152 836 2235 τῇ
851 2155 942 2236 τρίτη
959 2145 1153 2234 εὐαγγέλιον,

106 2244 180 2328 οτῇ
201 2239 338 2327 τετάρτῃ
362 2247 557 2328 θησαυρῶν·
580 2243 615 2310 ἐν
637 2239 690 2324 αἶς
711 2244 753 2310 τὰ
776 2244 909 2330 ίσύζυγα
930 2247 983 2310 καί
1004 2242 1047 2311 τὰ
1065 2243 1156 2327 ἷσύρ-

135 2363 232 2424 ροπα
253 2337 312 2404 δύο
334 2333 442 2422 άρχιῦν
464 2339 620 2421 συζεύξας
641 2340 811 2425 πρόσωπα
825 2336 901 2407 καθ’
919 2339 1056 2427 ἑκάστην
1071 2336 1156 2406 ύπύ-

135 2443 250 2514 θεοιν,
273 2432 377 2513 ούτως
396 2432 577 2522 ὑπολαβών
600 2434 617 2503 ὁ
639 2437 749 2517 τάλας,
774 2440 829 2504 καὶ
843 2435 949 2516 ούτως
961 2436 1044 2503 κατὰ
1058 2439 1156 2503 τοῦτο

138 2533 181 2600 τὸ
203 2538 300 2617 μέρος
320 2532 535 2622 ίφαντάζετο,
566 2530 612 2614 ὥς
632 2560 666 2601 τι
686 2541 770 2622 μέγα
792 2531 895 2622 εύρὼν
915 2537 962 2621 τῷ
983 2541 1057 2621 βίῳ.
1101 2537 1156 2600 καί
1171 2543 1198 2593 15

138 2634 190 2717 τῷ
218 2627 288 2697 ὄντι
314 2636 399 2716 μίγα
419 2631 518 2699 κακὸν
539 2629 662 2720 ηύρατο
688 2636 737 2720 τῷ
769 2639 833 2720 βίφ
860 2627 936 2700 καθ’
961 2631 1079 2700 ἑαυτοῦ
1101 2632 1156 2700 καί

135 2733 205 2797 τῶν
227 2722 283 2795 ὕπ’
307 2722 409 2795 αῦτοῦ
432 2729 664 2815 πλανωμένων.

226 2833 256 2895 3.
282 2821 413 2913 Ἐπειδὴ
443 2828 480 2895 δὲ
508 2825 526 2894 ὁ
556 2822 636 2916 ἀνὴρ
665 2827 705 2908 ίν
728 2827 859 2906 τούτοις
884 2816 940 2916 ἦν,
969 2819 1100 2915 άκηκόει
1121 2825 1158 2893 δὲ

136 2928 215 3003 πῶς
242 2924 276 2990 ολ
303 2928 478 3011 προφῆται
504 2927 561 2992 καὶ
587 2921 605 2990 ὁ
629 2924 729 3010 νόμος
751 2923 978 3012 προεφήτευον
999 2925 1078 3010 περλ
1099 2925 1158 3010 τῆς

136 3025 198 3089 τοῦ
219 3021 347 3106 κόσμου
369 3022 559 3101 συστάσεως
580 3025 634 3089 καλ
656 3024 733 3109 περί
757 3024 816 3087 τοῦ
837 3021 910 3100 ἐνὸς
924 3023 980 3088 καλ
992 3018 1197 3106 μονάρχοοεθ

136 3122 198 3187 τοῦ
227 3114 281 3186 del
309 3116 419 3200 ὄντος,
448 3123 503 3187 καί
524 3146 568 3209 μη
592 3120 822 3198 διαλείποντος
843 3123 901 3185 τοῦ
924 3113 1010 3186 εἶναι
1030 3117 1158 3202 πατρὸς

85 3219 194 3285 maai
217 3219 278 3283 τοῦ
299 3209 400 3283 αύτού
422 3217 495 3283 ολοῦ
515 3219 569 3284 καὶ
592 3220 651 3283 τοῦ
675 3213 769 3303 ἁγίου
791 3216 986 3301 πνεύματος,
1013 3208 1159 3302 ἠθέλησε

136 3319 358 3401 περιττοτέρφ
384 3316 449 3381 τινί
478 3314 659 3402 φερόμενος
682 3310 891 3401 ἡδυπαθείᾳ,
919 3313 974 3379 καλ
996 3311 1079 3380 κατὰ
1099 3312 1157 3380 τὸν

137 3410 309 3480 ἰδιωτικὸν
331 3406 432 3477 αὐτοῦ
453 3415 530 3479 νοῦν
550 3411 781 3493 ἐπιτωθάζων,
804 3413 858 3477 καὶ
871 3418 986 3496 βαρεῖς
1001 3409 1158 3498 στρήνους

138 3509 174 3577 δν
197 3509 305 3595 ἐαυτῷ
328 3504 495 3594 άγύγιενος,
519 3510 718 3577 στέλλεσθαι
739 3508 799 3596 την
821 3515 959 3593 πορείαν
979 3507 1035 3574 ἐπὶ
1050 3507 1093 3574 τὰ
1104 3505 1197 3577 ‘Ie-25

139 3607 312 3694 ροούλυμα
334 3609 410 3692 περί
432 3606 510 3686 τούς
529 3605 667 3690 χρόνους
681 3609 748 3672 τιῦν
763 3600 971 3685 ἀποστόλων,
994 3600 1040 3685 ιῦς
1055 3606 1157 3694 δῆθεν

140 3702 250 3772 ἐκεῖσε
260 3703 461 3789 ποιούμενος
475 3704 533 3772 τὸν
555 3702 652 3789 λόγον
674 3706 751 3791 περὶ
774 3703 852 3783 τοὺς
872 3703 915 3770 τά
936 3705 1015 3789 περὶ
1035 3728 1158 3789 μοναρ-

137 3807 216 3886 χίας
240 3801 459 3889 κηρύττοντας
483 3800 539 3869 καὶ
565 3804 632 3868 τῶν
652 3804 712 3869 τού
734 3805 819 3869 θεοῦ
840 3801 1036 3885 κτισμάτων.
1081 3797 1159 3868 ὅδὲ

138 3898 246 3978 τάλας
272 3894 425 3968 άνελθών
453 3894 661 3986 άντιβάλλειν
688 3895 810 3986 ἤρξατο
837 3897 924 3984 πρὸς
950 3897 1029 3977 τούς
1054 3897 1159 3966 ἐκεῖσε

139 4002 395 4084 πρεσβυτέρους,
418 3995 496 4076 τούς
516 3996 600 4065 κατὰ
620 3996 679 4084 τὴν
701 4002 904 4080 νομοθεσίαν
926 3999 1011 4063 θεοῦ
1032 3993 1090 4083 τὴν
1111 3997 1197 4082 τῷεσ

140 4100 289 4162 Μωυσεῖ
309 4095 473 4162 δοθεῖσαν
488 4096 543 4162 καί
559 4096 749 4182 προφητινῇ
764 4092 903 4161 ἑκάστου
916 4090 1091 4179 προφήτου
1107 4093 1158 4160 δι-

141 4190 308 4281 δαοκαλίᾳ
315 4194 482 4279 βιοῦντας,
494 4187 548 4260 ὅτι
559 4195 634 4272 πῶς
645 4188 891 4280 φατείναθεὸν
901 4188 959 4255 τὸν
970 4186 1158 4275 ποιήσοντα

119 4290 244 4361 Ιτῦκτα
261 4312 301 4359 τε
318 4292 375 4359 ναὶ
392 4284 529 4376 -ἧμίραν,
553 4288 659 4376 σάρκα
678 4312 715 4356 τε
734 4289 789 4355 καί
804 4285 921 4374 ψυχὴν,
943 4285 1042 4375 ξηρόν
1055 4312 1092 4355 τε
1105 4289 1158 4354 καὶ

972 4393 989 4444 ²
1128 4526 1288 4668 a·
