2867 5084
488 974 607 1028 ωσινι.
626 969 818 1028 ιποοιοιοι.
841 955 845 965 ’
1097 966 1155 1028 42¹

135 1128 198 1213 τῆς
220 1125 337 1193 ἑαυτοῦ
361 1125 531 1214 ἐστέρηται
555 1122 670 1206 οὐσίας
692 1126 769 1196 οὔτε
790 1131 848 1215 τῆς
863 1127 982 1194 ἑαυτοῦ
1000 1124 1039 1193 τό
1054 1151 1163 1213 γεγεν-

136 1228 287 1308 νημένον,
311 1222 412 1306 μόνον
436 1223 469 1289 ἐκ
490 1224 603 1306 μόνου,
633 1228 686 1291 καὶ
716 1226 755 1291 τό
779 1223 872 1310 ἀγιον
895 1220 996 1291 αῦτοῦ
1019 1228 1161 1309 πνεῦμα,

135 1319 182 1405 μὴ
207 1320 322 1402 ἔχοντα
345 1319 430 1402 πρὸς
453 1319 495 1386 τά
518 1318 602 1387 ἀλλα
626 1322 762 1409 ἰσότητα
784 1317 804 1409 ἢ
827 1317 1024 1405 ἀξιώματος,
1054 1316 1076 1409 ἢ
1098 1320 1163 1409 φῦ-

137 1440 233 1496 σειος,
257 1412 278 1504 ἢ
301 1418 413 1500 ἑτέρας
435 1419 525 1496 τινὸς
548 1417 754 1499 ἀποθέσεως,
778 1415 837 1502 οὐχ
859 1420 956 1485 ἑαυτὸ
980 1419 1160 1506 ἐστέρησεν,

137 1513 215 1581 οὔτε
237 1515 320 1581 κατὰ
344 1517 409 1594 ἕξιν
432 1513 507 1582 οάτε
529 1516 612 1582 κατὰ
635 1512 750 1584 οῦσὶαν
772 1521 830 1604 τῆς
849 1511 1044 1601 ἀσογκρέτοο
1060 1510 1161 1582 αὐτοῦ
1169 1528 1186 1576 5

137 1611 310 1697 θεότητος,
336 1611 410 1679 οῦτε
432 1612 470 1677 τὸ
493 1612 528 1691 ἐξ
549 1609 659 1692 αῦτοῦ,
684 1612 729 1692 ὡς
752 1615 843 1701 ἔφην,
867 1620 1008 1699 γέννημα
1030 1613 1161 1698 ἐστέρη-

136 1733 194 1774 ται
227 1713 286 1794 της
313 1714 371 1774 τοῦ
401 1709 528 1793 πατρὸς
557 1706 651 1791 ἀξίας
683 1716 736 1778 καὶ
768 1711 936 1798 ἰσότητος,
967 1705 1162 1795 ἀσύγκριτον

139 1799 186 1884 όν,
210 1807 264 1871 καὶ
288 1806 326 1871 τὸ
349 1803 442 1891 ἀγιον
466 1802 566 1873 αῦτοῦ
590 1813 720 1893 πνεῦμα
744 1810 828 1893 πρὸς
846 1812 914 1874 πᾶν
931 1805 1052 1885 ὁτιοῦν,
1077 1803 1161 1893 ὅπερ

89 1901 207 1969 wat)
231 1903 325 1986 τριάς
347 1907 465 1982 τελεία,
488 1907 613 1985 τέλειος
636 1902 653 1971 ό
677 1906 797 1993 πατὴρ,
821 1908 947 1983 τέλειος
970 1900 1084 1983 όοῖὸς,
1108 1909 1161 1970 τέ-

136 2001 227 2066 λειον
250 2001 288 2065 τὸ
312 1998 406 2085 ἀγιον
428 2005 566 2085 πνεῦμα,
603 1999 640 2067 οὐ
670 2004 854 2091 συναλοιφή
883 2028 934 2080 τις
957 1992 1050 2080 σῦσα,
1086 1997 1162 2068 οῦδὲ
1173 2016 1203 2066 1⁰

135 2096 225 2180 πρὸς
259 2096 375 2184 ἑαυτὴν
404 2101 643 2185 διαφυρομένη,
682 2094 759 2166 οὐδέ
787 2127 820 2165 τι
848 2100 881 2165 ἐν
912 2099 1011 2185 ἑαυτῇ
1041 2099 1160 2180 ἔχουσα

135 2191 352 2281 ῦποβεβηκὸς,
377 2197 432 2262 ἵνα
454 2195 498 2282 μὴ
521 2196 561 2261 τὸ
584 2194 831 2281 διακρινόμενον
848 2190 990 2281 ἀφανέζη
1007 2195 1045 2260 τὸ
1062 2190 1163 2279 ἀσῦγ-

136 2316 249 2376 τριτον
275 2300 328 2358 καὶ
351 2292 389 2358 τό
412 2290 634 2378 ἠλλοιωμένον
658 2299 811 2379 στέρησιν
833 2296 891 2357 τοῦ
915 2287 1001 2358 εἶναι
1024 2290 1159 2377 ἐργάση·

135 2415 203 2468 ται,
229 2390 292 2469 ἕξει
315 2390 417 2473 μόνον
440 2391 622 2475 λεγόμενον,
646 2389 702 2454 καὶ
722 2385 779 2454 οῦκ
796 2384 948 2475 ἀληθείᾳ,
972 2382 1054 2474 ἢὼς
1070 2389 1161 2473 ψιλῷ

136 2486 225 2572 λόγῳ
249 2483 489 2571 ὀνομαζόμενον
512 2487 545 2553 ἐν
568 2485 723 2572 παρόδῳ,
761 2485 816 2552 καὶ
844 2485 887 2571 μη
922 2480 974 2564 όν,
1011 2479 1055 2562 ὡς
1078 2481 1095 2570 ἡ
1120 2481 1160 2571 σὴ
1172 2501 1201 2552 15

137 2584 275 2662 πόντιος
306 2597 511 2669 περινοεῒται
543 2583 690 2663 διάνοια,
726 2578 939 2662 ἀποξενῶσαι
972 2587 1160 2666 πειρωμένη

137 2684 197 2747 τοῦ
221 2684 279 2768 τῆς
301 2690 446 2761 πίστεως
479 2682 577 2767 λόγου
610 2679 662 2746 ὅτι
686 2680 877 2748 Ηπιστεύειν
901 2681 952 2746 δεῖ
974 2680 1031 2744 τὸν
1055 2701 1162 2762 προσ-

140 2777 313 2864 ερχόμενον
346 2783 418 2864 θεῷ
453 2776 505 2845 ότι
538 2782 609 2845 ἐστι
644 2778 699 2844 καὶ
731 2789 803 2856 τοῖς
837 2778 1025 2864 ἐκζητοῦσιν
1059 2771 1161 2842 αῦτὸν

138 2877 399 2961 μισθαποδότης
415 2883 540 2961 γίνεται
550 2881 575 2911 ·”
599 2873 682 2960 ὅπερ
706 2875 740 2942 έν
763 2879 867 2959 πατρὶ
888 2875 979 2960 μόνῳ
1003 2868 1040 2939 οῦ
1064 2873 1163 2941 δόνα-

85 2992 194 3047 mat
224 2975 453 3060 τελειωθῆναι.
500 2969 517 3038 ό
541 2973 602 3059 γὰρ
630 2973 674 3059 μη
705 2974 786 3054 έχων
814 2971 872 3036 τὸν
901 2970 972 3037 οἷόν
1002 2966 1077 3036 οὐδὲ
1104 2970 1202 3040 τὸνῖθ

139 3077 269 3154 πατέρα
292 3071 371 3153 ἔχει,
407 3073 458 3136 καὶ
483 3065 501 3134 ό
524 3070 580 3135 τόν
603 3068 675 3135 οἷὸν
705 3071 807 3155 λέγιον
837 3063 874 3134 οῦ
905 3068 1042 3134 δύναται
1071 3067 1163 3145 ἐκτός

140 3168 329 3252 πνεύματος
352 3164 456 3254 ἁγίου.

227 3272 255 3331 3.
278 3264 370 3330 Ἔστι
391 3265 452 3351 γὰρ
476 3260 520 3343 ὡς
543 3258 680 3350 ἀληθῶς
711 3259 729 3327 ό
753 3261 862 3349 πατὴρ
886 3255 1048 3346 ἀληθινὸς
1069 3258 1161 3339 θεὸς,

142 3359 186 3441 ὦς
206 3373 367 3446 μαρτυρεῖ
389 3358 407 3428 ό
430 3362 510 3440 υἱός,
546 3357 683 3437 όεέδιῦς
704 3357 762 3424 τὸν
791 3364 929 3442 πατέρα,
964 3360 1017 3423 καὶ
1041 3352 1163 3444 ἀληθι·

141 3459 196 3526 νόν
220 3462 294 3547 φῶς
316 3455 334 3525 ὁ
357 3458 438 3538 υἱὸς,
469 3456 487 3523 ό
509 3456 750 3543 γινωσκόμενος
772 3451 840 3520 άπὸ
862 3459 921 3520 τοῦ
953 3454 1080 3539 πατρὸς
1106 3456 1202 3527 καὶνε

140 3556 414 3641 μαρτυρούμενος,
449 3560 501 3621 καὶ
537 3559 666 3639 πνεῦμα
697 3548 860 3638 ἀληθείας
881 3549 920 3618 τό
943 3555 1089 3636 πνεῦμα,
1123 3553 1162 3618 τὸ

142 3651 198 3722 οῦκ
221 3652 395 3739 ἀλλότριον
419 3648 465 3731 όν,
489 3648 557 3717 ἀλλ’
583 3647 652 3717 ἀπὸ
675 3649 803 3733 πατρὸς
826 3648 1084 3734 ἐκπορευόμενον
1107 3651 1161 3715 καὶ

141 3755 200 3818 τοῦ
221 3753 295 3819 υἱοῦ
319 3751 494 3836 λαμβάνον.
537 3751 641 3814 ταῦτα
670 3748 706 3813 δέ
736 3742 930 3833 ἀφαιρεῖται
957 3746 1070 3812 πᾶσάν
1101 3769 1162 3811 σου

85 3858 122 3912 t:
143 3853 207 3917 τιῦν
230 3849 346 3934 λόγων,
366 3843 483 3925 Ἀέτιε,
506 3843 755 3931 σολλογιστικέγν
776 3845 994 3929 μυθολογίαν,
1027 3845 1080 3908 καὶ
1104 3838 1163 3908 οῦκ

142 3946 304 4030 ἐνδέχεται
326 3943 412 4033 ἡμᾶς
434 3949 698 4028 προτρέψασθαι
719 3939 877 4026 μαθητὰς
893 3945 1051 4023 γενέσθαι
1070 3934 1205 4023 ’Aet-w

141 4046 331 4123 στοτέλοος,
362 4046 422 4109 τοῦ
445 4045 505 4107 σοῦ
529 4039 727 4117 ἐπιστάτου,
758 4040 810 4103 καὶ
836 4036 933 4102 ἐᾶσαι
954 4035 1012 4101 τὸν
1039 4039 1104 4101 τιῦν
1128 4035 1162 4103 ἐν

139 4140 305 4223 πνεύματι
326 4143 410 4207 θεοῦ
433 4142 697 4225 πεφωτισμένων
721 4129 841 4200 ἀλιέων
863 4128 1084 4216 ἀγραμμάτων
1107 4130 1163 4201 όν-

140 4262 207 4304 των
227 4235 312 4304 κατδι
344 4236 521 4321 τὸνλόγον
548 4237 602 4302 καὶ
627 4234 786 4313 ἰδιωτῶν,
820 4229 966 4317 κηρύκων
995 4228 1031 4294 δέ
1059 4226 1166 4299 όντων

1081 4446 1288 4640 ἢ
