2867 5084
285 524 291 551 λ

513 960 633 1013 um.
651 963 840 1014 καοαοιοι.
1122 953 1185 1015 429

163 1111 392 1197 πεπόρισται,
427 1113 509 1179 κατὰ
536 1112 614 1191 τοὺς
643 1108 801 1179 ἀνωτάτω
834 1110 901 1180 ὑπὸ
929 1117 990 1180 σοῦ
1013 1115 1191 1198 λεχθέντας

163 1208 294 1294 λόγους,
325 1213 379 1276 καὶ
403 1205 502 1288 αότός
524 1210 609 1292 πρὸς
632 1212 669 1277 σὲ
692 1206 959 1294 ἀποτεινόμενος,
987 1218 1191 1297 συγχωροῦν-

163 1330 224 1385 τος
246 1312 304 1373 τοῦ
329 1311 421 1387 θεοῦ,
456 1307 499 1374 τὰ
529 1309 586 1373 ἴσα
608 1311 662 1373 σοί
694 1311 746 1372 καὶ
777 1304 875 1385 αὐτὸς
897 1312 1188 1395 προσφθέγξομαι,

164 1399 223 1470 ότι
250 1405 390 1491 μηδενός
416 1409 482 1471 τῶν
511 1407 665 1471 παλαιῶν
695 1406 727 1470 ἲν
756 1432 792 1470 τε
819 1409 857 1492 τῇ
886 1408 1016 1493 παλαιᾷ
1045 1408 1188 1495 διαθήκῃ

164 1500 223 1566 καὶ
247 1500 280 1567 ἒν
302 1507 342 1588 τῇ
363 1506 458 1588 καινῇ
488 1498 589 1587 ἆγίων
618 1501 815 1568 ἀποστόλων
846 1497 864 1588 ῆ
886 1508 1070 1590 προφητῶν
1092 1509 1213 1570 τσῦτσ5

165 1598 436 1684 πεφρονηκότων,
471 1594 628 1681 ἀμείνονα
651 1600 790 1667 σεαυτόν
812 1604 978 1687 καθιστᾷς
1011 1604 1065 1665 καί
1088 1596 1189 1666 αὐτοῦ

164 1698 227 1760 τοῦ
249 1699 334 1762 θεοῦ
356 1699 410 1762 καλ
434 1693 577 1782 ἀσφαλῆ.
628 1693 696 1762 ἀπὸ
718 1696 779 1782 γὰρ
804 1701 863 1763 σοῦ
887 1701 940 1788 νηί
965 1699 1060 1782 δεῦρο
1083 1721 1191 1782 προσ-

135 1792 266 1876 Βέλαβε
288 1792 326 1857 τό
350 1799 456 1871 θεῖον,
482 1789 526 1870 ιός
550 1792 632 1858 κατὰ
653 1794 710 1858 τόν
734 1794 793 1861 σὸν
816 1796 923 1879 λόγον,
948 1796 994 1874 εἰς
1015 1796 1073 1883 τῆν
1090 1793 1190 1862 αότσό

165 1895 285 1954 πίστιν
307 1888 365 1975 τὴν
389 1890 636 1977 συλλογιστικῆν
658 1891 778 1976 ταύτην
807 1917 868 1958 σου
890 1891 949 1979 τῆν
970 1897 1188 1979 τεχνολογίαν,

164 1985 207 2051 τὸ
229 1986 309 2069 περὶ
331 1981 505 2074 ἀγεννήτων
529 1989 633 2072 λέγειν
663 1989 846 2073 σιερῆσεως
876 1991 930 2056 καὶ
959 1991 998 2055 τὸ
1025 1995 1188 2079 γεννητοῦ,
1202 2007 1229 2057 10

163 2085 221 2150 καί
246 2085 417 2162 παντελῶς
440 2082 611 2171 ἀποβολῆς
633 2087 730 2164 ἕξεως
752 2089 805 2151 καὶ
824 2089 1018 2173 μεταβολῆς,
1042 2093 1189 2174 καὶπερὶ

163 2179 252 2247 θεὸν
274 2189 517 2266 κατονομασίας
539 2182 573 2248 ίν
595 2187 633 2268 τῆ
657 2185 739 2248 κατὰ
761 2183 818 2248 τόν
839 2183 922 2249 θεὸν
946 2182 1062 2262 οὐσίας
1083 2208 1191 2269 προσ-

165 2284 296 2364 ηγορίᾳ.
335 2275 409 2345 οότε
431 2279 492 2364 γὰρ
516 2280 572 2346 διὰ
594 2279 632 2344 τὸ
654 2280 710 2344 τὸν
734 2280 816 2345 θεὸν
846 2276 931 2346 εἶναι
959 2280 1094 2347 πάντων
1122 2289 1191 2348 κτί-
1267 2321 1277 2332 ·

163 2399 249 2461 στην
271 2379 338 2441 τῶν
358 2375 442 2460 μετὰ
464 2376 521 2442 τὸν
543 2380 702 2463 μονογενῆ
726 2372 825 2442 αι’-τοῦ
848 2382 900 2442 καὶ
924 2377 962 2442 τὸ
978 2375 1073 2463 ἅγιον
1089 2373 1191 2444 αότσό

163 2476 300 2557 πνεῦμα
323 2473 379 2540 διὰ
401 2478 459 2560 τῆς
480 2478 546 2539 τῶν
569 2480 784 2556 κεκτισμίνων
812 2474 1002 2553 συστάσεως
1022 2475 1059 2540 τό
1076 2501 1191 2563 στερη·
1203 2493 1229 2543 15

163 2570 260 2636 τικὸν
283 2571 451 2659 ἑφηνρίίίη
475 2576 541 2637 τῶν
565 2568 602 2637 ον’
624 2572 819 2656 προσόντων
836 2576 916 2658 θεῷ,
940 2568 1013 2659 ῆτό
1030 2570 1191 2661 ὁμολογη-

166 2667 261 2736 τικὸν
284 2672 349 2734 τῶν
372 2666 477 2736 όντων
500 2665 592 2755 αότηῖ
607 2671 861 2753 προσείληπται,
886 2672 941 2737 ἵνα
959 2672 997 2736 τό
1012 2679 1192 2755 μετέπειτα

136 2768 309 2841 οκτισθὲν
323 2767 362 2832 τό
378 2766 594 2852 ἀμεινονθεῷ
611 2773 785 2853 προσιγίρη
802 2768 856 2834 καὶ
869 2764 1046 2856 ἀκραιφνὲς
1063 2771 1119 2836 διὰ
1133 2773 1191 2836 τοῦ

166 2858 230 2931 ἀπ’
245 2863 366 2930 ἐκείνου
390 2865 475 2949 πρὸς
497 2870 601 2931 ταῦτα
623 2870 813 2950 στερητικοῦ
837 2892 871 2931 τε
894 2873 947 2932 καλ
964 2863 1191 2954 ἀμεταβλήτου

109 3038 112 3043 .
168 2962 360 3042 ἕπινσσῖτο,
398 2959 467 3029 ἀλλ’
493 2959 546 3028 ότι
569 2963 656 3029 ἐστὶν
685 2958 737 3029 ἀεὶ
760 2959 840 3028 αὐτὸ
863 2959 899 3028 όν
924 2961 1001 3029 όλον
1025 2965 1114 3044 δόξα,
1138 2968 1232 3032 καλλο

168 3054 251 3124 ὅλον
267 3054 494 3146 ἀπερίληπτον
509 3055 577 3125 ὑπὸ
600 3060 736 3126 πάντων
752 3065 817 3125 τῶν
833 3055 888 3126 ἀπ’
907 3057 1007 3127 αὐτοῦ
1023 3069 1192 3145 κεκτισμέ-

167 3181 248 3233 νων,
269 3157 352 3222 κατὰ
367 3157 405 3222 τὸ
420 3163 539 3240 μίτραν
555 3163 621 3222 τῶν
643 3157 729 3240 πρὸς
750 3157 807 3242 τῆν
830 3159 1022 3242 δοξολογίαν
1046 3159 1193 3224 ἐπεκτει-

167 3258 331 3336 νομίνων,
366 3254 642 3340 όοξολογούμενον
666 3248 743 3337 παρ’
769 3251 918 3338 ἀγγέλοις
944 3257 1004 3338 μὲν
1027 3254 1110 3320 κατὰ
1134 3255 1193 3342 τῆν

167 3345 316 3434 ἀγγέλων
338 3352 501 3435 γλῶσσαν,
525 3350 583 3439 τὴν
607 3351 699 3436 παρὰ
722 3355 768 3435 τῷ
792 3347 970 3437 ἀποστόλιμ
994 3358 1193 3437 προκριτέαν

166 3450 238 3514 τῶν
249 3442 439 3532 ἀνθρώπων
451 3451 757 3534 καταγγελλομένην,
768 3449 860 3532 παρὰ
876 3451 911 3515 δὲ
922 3453 987 3515 τῶν
1001 3446 1192 3533 ἀνθρώπων
1201 3465 1232 3515 25

165 3543 256 3612 κατὰ
282 3544 339 3632 τῆν
367 3549 433 3613 τῶν
462 3541 654 3630 ἀνθρώπων
680 3548 833 3630 γλῶσσαν
861 3546 920 3633 τὴν
948 3543 1192 3634 ὑποβεβηκυῖαν

129 3644 220 3728 ὓτῷ
240 3648 348 3728 μέτρῳ
370 3646 424 3709 καὶ
447 3645 530 3709 κατὰ
551 3643 609 3730 τῆν
625 3648 690 3710 τῶν
707 3644 756 3710 ἔτι
772 3639 1027 3731 ἀποβεβηκότων
1044 3646 1191 3729 δύναμιν,

165 3742 226 3808 καί
250 3735 286 3806 οό
310 3739 446 3819 πάντως
469 3737 521 3806 ὅτι
544 3741 577 3807 ἐν
601 3742 726 3827 ἑκάστην
748 3748 902 3826 κτίσματι
926 3740 1094 3826 ἀναλόγως
1111 3738 1194 3807 όπσ-

165 3842 306 3926 βέβηκεν
328 3834 548 3925 ῆόσξολσγία,
571 3833 866 3926 ἢμεταβίβληται·
890 3834 960 3905 ἀλλ’
986 3840 1056 3905 ἔστι
1077 3841 1136 3921 μὲν
1160 3837 1194 3903 ἒν

164 3934 270 4020 ἑαυτῇ
293 3928 529 4021 ἀμετάβλητος,
560 3942 793 4022 στερισκομένη
816 3936 928 4023 πάσης
950 3943 1086 4012 κτίσεως
1108 3934 1235 4019 πρὸςσσ

165 4031 209 4098 τό
231 4027 372 4117 ἀπειρον
395 4033 648 4100 ἐπεκτείνεσθαι
671 4033 704 4099 ἐν
723 4035 906 4119 ὀοξολογίᾳ,
931 4029 1195 4117 όπερβαινοόσης

164 4123 223 4198 ἀεὶ
245 4127 357 4196 πάντα
377 4133 456 4198 νοῦν
477 4133 535 4217 τῆς
558 4126 715 4198 ἀνωτάτω
740 4127 870 4209 οὐσίας,
901 4125 938 4195 οό
969 4130 1025 4196 διὰ
1052 4133 1118 4195 τῶν
1141 4131 1195 4198 λι-

161 4230 317 4315 γομίνων
338 4222 407 4295 όττό
430 4226 565 4295 πάντων
588 4229 710 4309 ἐξεῖναι
733 4223 823 4315 αὐτῇ,
847 4221 868 4314 ἢ
889 4228 1026 4315 τροπῆν,
1052 4221 1073 4313 ῆ
1095 4253 1196 4312 μετα·
