2867 5084
108 185 1298 461 u

376 490 380 497 ι

241 987 305 1050 214
467 998 674 1047 εσισισιον
689 998 786 1047 wa
803 997 990 1047 ιινιιειαν
1007 998 1038 1049 ε.

239 1151 335 1233 σῶμα
356 1150 410 1214 καὶ
434 1151 510 1214 νοῦν
534 1147 599 1215 ε’·πί·
613 1146 651 1213 τὸ
674 1141 755 1213 αὐτὸ
779 1152 1003 1234 πεφορημένοι
1026 1141 1109 1214 ὅθεν
1131 1141 1152 1234 ’ἦ
1176 1140 1262 1231 ἆγω-

238 1253 293 1313 νία
321 1252 484 1333 φαίνεται.
530 1249 582 1312 καὶ
613 1245 716 1311 πάλιν
746 1245 779 1311 ἕν
807 1247 854 1330 τῷ
886 1245 994 1311 είπεῐν
1018 1242 1082 1328 “μὴ
1112 1243 1153 1308 τὸ
1183 1242 1259 1326 ἐμὸν

238 1344 385 1427 θέλημα,
410 1337 494 1409 ἀλλὰ
516 1342 554 1408 τὸ
578 1341 654 1409 σὸν”
678 1342 799 1422 ἔδειξεν
823 1338 960 1429 άληθῶς
983 1343 1060 1407 νοῦν
1083 1334 1259 1425 άνθριάπι-

239 1464 311 1520 νον,
342 1435 410 1506 ἀλλ’
436 1435 673 1527 ἀναμάρτητον.
719 1435 738 1524 ἡ
761 1438 822 1524 γὰρ
846 1436 968 1524 θεότης
990 1434 1091 1504 αὐτοῦ
1115 1438 1259 1505 πάντοτε

213 1535 274 1605 δίν
301 1539 419 1622 πατρὶ,
450 1541 502 1604 καὶ
533 1535 550 1602 ὁ
580 1534 690 1623 πατηρ
721 1535 754 1603 ἒν
784 1537 859 1621 υἱῷ,
889 1538 941 1600 καὶ
972 1530 990 1600 ὁ
1019 1534 1091 1613 υἱὸς
1121 1534 1156 1601 ἐν
1179 1531 1258 1620 ἁγίῳ

238 1629 403 1718 πνεύματι
424 1634 466 1701 τὰ
488 1634 597 1700 πάντα
612 1635 871 1716 τετελειωμένως
887 1633 961 1714 ἔχει,
984 1632 1039 1698 καὶ
1055 1627 1152 1698 οὐδὲν
1169 1631 1259 1697 διαλ·

238 1730 350 1797 λάττει
373 1730 526 1817 φρόνημα
548 1731 621 1795 υἱοῦ
644 1729 730 1814 πρὸς
752 1735 895 1814 πατέρα,
924 1725 1000 1795 οὐδὲ
1025 1728 1154 1814 πατρὸς
1176 1727 1259 1812 πρὸς

238 1824 320 1906 υἱδν,
345 1822 501 1893 οὐδὲτοῦ
525 1823 619 1910 ἁγίου
642 1827 830 1911 πνεύματος
846 1826 931 1911 πρὸς
947 1832 1075 1908 πατέρα
1096 1831 1151 1891 καί
1180 1824 1257 1892 υἱόν.

242 1922 271 1988 εί
292 1925 352 2008 γάρ
376 1922 397 1989 ἃ
418 1921 462 2010 μη
488 1926 582 1989 θέλει
604 1923 725 2010 πατὴρ,
747 1924 904 2007 βούλεται
926 1923 1012 2002 υίὸς,
1037 1919 1102 2005 άροι
1125 1926 1179 1990 καὶ
1204 1916 1259 1991 αὗ-

201 2034 229 2085 10
240 2018 297 2098 τὸς
327 2021 419 2087 ἔσται
449 2015 524 2087 καθ’
549 2016 635 2107 Ιἡμᾶς
665 2020 765 2100 ψιλὸς
793 2019 977 2106 ἅνθρωπος
1004 2019 1172 2108 θελήματι
1195 2042 1298 2096 παι

239 2116 317 2201 πρὸς
346 2117 428 2184 κατὰ
457 2117 646 2183 ε’λάττωσιν.
694 2113 763 2184 ἀλλ’
794 2114 852 2201 οἰχ
881 2115 987 2197 οίτως
1016 2117 1102 2195 ἐστὶ,
1136 2119 1181 2206 μὴ
1209 2123 1259 2203 γέ-

239 2239 340 2281 νοιτο.
386 2218 432 2301 τῷ
462 2216 497 2281 δὲ
527 2209 792 2302 άνθρωποπαθη
822 2217 1014 2303 διηγεῖσθαι
1035 2213 1075 2280 τὸ
1097 2211 1257 2303 ἀληθινὸν

238 2314 296 2399 τῆς
319 2312 474 2396 ἐνσάρκοο
499 2307 599 2378 αὐτοῦ
622 2320 819 2396 παρουσίας,
842 2315 897 2378 καὶ
920 2311 958 2377 τὸ
980 2313 1105 2379 τέλειον
1127 2306 1258 2398 11}ng-

238 2412 297 2474 τοῦ
327 2409 613 2497 ἒνανθρωπήσεως
647 2410 825 2487 δείκνυσιν,
859 2410 915 2475 ἵνα
949 2409 995 2486 εἰς
1028 2408 1140 2475 πάντα
1169 2406 1257 2498 ἡμῶν

201 2523 228 2572 15
241 2513 387 2591 σωτηρία
414 2513 560 2593 γίνηται,
590 2507 636 2583 εἰς
664 2506 703 2571 τὸ
731 2506 774 2592 μὴ
799 2506 893 2591 ἕτερα
916 2501 991 2572 ἀνθ’
1017 2506 1138 2591 ἑτέρων
1161 2518 1256 2585 νοεῖν,

237 2603 290 2668 καὶ
315 2601 488 2670 ἐκπίπτειν
510 2606 567 2690 τῆς
590 2597 761 2689 ἀληθείας.

324 2706 375 2766 62.
405 2699 491 2783 Περὶ
522 2701 556 2766 δὲ·
578 2703 636 2766 τοῦ
659 2696 727 2765 ὑπὸ
751 2695 895 2784 άγγέλων
917 2695 1017 2766 αὐτὸν
1042 2705 1258 2788 θεωρηθῆναι

239 2793 482 2878 ἕνισχυδμενον,
513 2796 566 2862 καὶ
589 2803 622 2863 τί
643 2797 762 2862 τούτου
785 2796 982 2882 κυριώτερον
990 2827 1001 2878 ,·
1027 2803 1061 2863 τί
1084 2798 1119 2864 δὲ
1142 2799 1258 2865 τούτου

240 2887 491 2977 ἀναγκαιότερον
498 2923 508 2975 ,·
533 2893 605 2959 ἰδοὺ
628 2894 689 2978 γάρ
711 2890 889 2980 εὑρήκαμεν
905 2893 1134 2981 πληρούμενον
1149 2895 1189 2960 τὸ
1204 2896 1259 2982 ῥη-

196 2986 297 3052 ιοεὸν
319 2991 376 3077 τῆς
397 2990 538 3076 μεγάλης
560 2986 648 3077 ᾠδῆς
669 2994 728 3076 τῆς
750 2989 843 3075 παρά
862 2997 1006 3058 Μωυσεῖ
1026 2999 1257 3079 γεγραμμένης,

239 3080 326 3152 ὅπου
360 3087 445 3172 λέγει
474 3087 744 3172 “προσδοκάσθω
780 3084 824 3165 ὡς
858 3084 952 3166 ὑετὸς
981 3088 1019 3154 τὸ
1050 3084 1298 3176 άπὸφθεγμάΰΐ

236 3187 330 3266 μου”.
368 3186 420 3249 καὶ
443 3181 511 3268 μετ’
537 3181 574 3249 οὐ
598 3184 708 3250 πολλὰ
732 3183 836 3251 εἰπὼν
860 3185 962 3251 πάλιν
986 3188 1067 3272 φησὶ
1093 3201 1257 3271 ’προσκο-

239 3280 432 3366 νησάτωσαν
462 3277 550 3368 αὐτῷ
580 3280 703 3359 πάντες
732 3282 796 3346 υἱοὶ
826 3285 925 3358 θεοῦ,
955 3288 1007 3347 καὶ
1040 3282 1260 3366 ε’νισχυσάτω·

240 3398 300 3442 σαν
329 3374 417 3463 αὐτῷ
447 3379 569 3456 πάντες
590 3376 723 3462 άγγελοι
747 3382 859 3456 θεοῦ,”
882 3372 940 3461 οάχ
962 3380 1018 3445 ἵνα
1041 3383 1144 3446 δῶσιν
1169 3378 1260 3468 αὐτῷ

196 3471 331 3555 Maxim
361 3475 392 3539 οἱ
422 3473 568 3561 άγγελοι·
603 3469 640 3540 οὗ
668 3473 730 3560 γάρ
759 3475 913 3543 ἒπεδίετο
942 3479 1000 3562 τῆς
1027 3480 1093 3542 τῶν
1116 3472 1262 3564 άγγέλιοι

239 3567 449 3652 ἐνιοχάσεως·
473 3567 541 3639 ἀλλ’
560 3572 774 3654 ίνισχάσωσιν
797 3567 895 3658 αὐτῷ,
919 3579 1088 3640 τουτέστιν
1112 3569 1263 3644 ἇποδὸν·

238 3691 292 3744 τες
322 3661 411 3754 αι’·τῷ
439 3670 478 3735 τὸ
507 3671 595 3736 ἰ’διον
622 3672 680 3755 τῆς
714 3669 825 3752 ίσχάος
856 3665 957 3736 αὐτοῦ
988 3666 1264 3759 ὁμολογήσαντες.

238 3767 291 3830 καὶ
315 3764 375 3851 γὰρ
398 3769 451 3833 καὶ
474 3762 569 3852 ἡμεῖς
591 3759 748 3846 ἀσθενεῖς
771 3764 862 3846 ὄντες
884 3766 1046 3845 πολλάκις
1064 3767 1147 3835 θεὸν
1164 3764 1267 3853 ηὐλο-

238 3861 399 3949 γησαμεν,
432 3864 592 3941 πολλάκις
624 3863 706 3930 θεὸν
739 3864 969 3947 ἕνισχάσαμεν,
1004 3861 1062 3947 οὐχ
1096 3861 1148 3930 ὅτι
1180 3867 1268 3948 θεὸς

198 3959 409 4026 σοίπιδέεται
430 3963 487 4048 τῆς
509 3956 601 4046 ἡμῶν
625 3955 782 4047 εὐλογίας,
807 3956 875 4026 ἀλλ’
902 3958 1140 4046 δμολογοῐντες
1158 3958 1268 4033 αὐτοῦ

221 4055 279 4121 τὸ
306 4082 364 4140 της
395 4051 503 4143 εὗλογί
505 4083 544 4134 ας
566 4056 698 4141 κράτος,
727 4061 780 4123 καί
805 4057 861 4123 διὰ
883 4059 1100 4144 λεπτολογίας
1122 4059 1297 4145 ἐροῦμεν»

242 4152 302 4238 “σή
327 4151 456 4219 ἐστιν(
438 4183 456 4241 η
481 4152 626 4238 δάναμις,
651 4153 709 4220 σὸν
732 4152 770 4219 τὸ
793 4153 925 4236 κράτος,
950 4156 990 4242 οη
1014 4151 1144 4223 ἐστιν’
1126 4182 1145 4274 η
1171 4160 1267 4248 τιμὴ,

241 4246 281 4331 σή
306 4247 434 4316 ἐστιν’
417 4277 435 4336 η
459 4250 549 4330 δόξα,
573 4250 613 4337 σή
637 4245 767 4318 ἔστινι
749 4276 768 4336 η
792 4245 932 4338 εὐλογία,
956 4275 996 4341 οη
987 4249 1140 4321 ’(ἒστιν
1121 4278 1142 4340 η
1158 4254 1268 4344 ἰσχὺς,
