2867 5084
233 921 298 983 388
464 932 670 983 ασιακμισν
685 932 781 982 xm
799 931 987 982 κιναειιομ
1003 933 1031 980 r.

234 1087 289 1151 καὶ
315 1083 447 1151 ἰδιῶται
469 1087 522 1150 καὶ
546 1078 583 1150 οῦ
606 1084 753 1166 μείζους,
789 1077 873 1149 ἀλλὰ
901 1082 1096 1167 βραχύτεροι
1126 1081 1265 1147 πολλῶν

235 1186 301 1248 τῶν
332 1182 366 1248 ἐν
394 1187 433 1269 τή
463 1178 541 1269 ἁγίᾳ
570 1185 628 1247 τοῦ
658 1184 743 1247 θεοῦ
772 1180 924 1266 ἐκκλησίᾳ
946 1180 1181 1267 ποιησόμεθα,
1219 1174 1264 1256 ὥς

236 1289 418 1361 προεῖπον,
453 1278 511 1365 τήν
541 1274 732 1364 ἀνατροπὴν
760 1281 818 1363 τής
841 1272 1028 1344 ἀσυστάτου
1058 1277 1180 1360 ταύτης
1209 1274 1290 1341 καὶΰ

237 1377 370 1462 σφόδρα
393 1372 542 1455 εὐτελοῦς
564 1379 738 1462 φλυαρίας.

211 1486 227 1535 5
323 1481 351 1541 3.
382 1474 450 1540 Καὶ
472 1475 534 1552 ἕως
557 1463 621 1541 ιῦδε
645 1474 743 1556 ἐχέτω
767 1496 827 1538 σου
850 1468 867 1558 ἡ
891 1472 975 1538 κατὰ
996 1474 1055 1536 τοῦ
1080 1478 1262 1554 προοιμίου

238 1568 410 1650 ἀντίθεσις
433 1576 490 1658 τής
512 1569 604 1654 ἡμῶν
626 1571 838 1657 βραχύτητος.
877 1563 975 1657 ἀρχήν
1006 1571 1042 1634 δὲ
1072 1558 1176 1647 αῦθις
1199 1572 1262 1634 τιῦν

236 1663 304 1734 ῦπὸ
328 1674 388 1735 σοῦ
410 1670 600 1754 κεφαλαίων
628 1670 772 1755 καθεξής
799 1667 984 1746 κατατάξας
1014 1664 1167 1750 ἀντινρυς
1190 1665 1262 1733 ἑκά·

237 1789 316 1851 στης
345 1768 462 1845 λέξειας
489 1769 543 1831 καὶ
575 1769 757 1852 κεφαλαίου
788 1760 1111 1850 ἀντιπαραθήσομαι
1141 1763 1201 1842 τάς
1231 1763 1261 1829 ίκ
1310 1834 1312 1841 ,

236 1867 302 1928 τῶν
325 1870 430 1929 θείων
453 1866 590 1948 γραφιῦν
612 1866 666 1929 καὶ
690 1864 725 1942 ἐξ
747 1860 853 1945 ὀρθοῦ
878 1864 1036 1946 λογισμοῦ
1055 1857 1262 1948 ἀντιρρήσεις

201 1972 274 2027 love
294 1963 349 2025 καὶ
373 1960 564 2047 ζητημάτων
587 1959 680 2045 παρὰ
703 1964 756 2027 σοὶ
781 1962 919 2044 λογικῶν
940 1956 1144 2042 ἀνατροπὰς,
1170 1955 1261 2036 ὅπως

239 2057 272 2123 σί
301 2061 385 2124 θεοῦ
415 2060 530 2124 δοῦλοι
557 2057 611 2123 καὶ
639 2054 779 2175 ἀληθεῖς
814 2055 958 2143 ἀθληταί
994 2055 1185 2139 ἐντυχόντες
1210 2057 1260 2121 καί

236 2154 497 2242 κατανοήσαντες
525 2181 583 2242 την
612 2157 725 2222 πᾶσάν
752 2180 812 2220 σου
835 2149 979 2221 ἀτοπίαν
1001 2154 1274 2239 καταγελάσωσι,

237 2250 447 2337 λίμοντες”
420 2249 646 2371 ἠῦπερηφαν
649 2262 683 2319 ία
710 2257 768 2338 τῆς
796 2254 931 2335 καρδίας
961 2276 1020 2317 σου
1044 2252 1185 2339 ἐποίησέ
1207 2268 1278 2316 σοιο

151 2402 157 2413 ,
236 2354 350 2417 ταῦτα.
397 2351 437 2417 σὺ
459 2351 520 2465 γὰρ
544 2359 642 2429 εἶπας
664 2354 768 2416 ταῦτα
791 2351 824 2416 ἐν
847 2353 886 2436 τή
911 2353 1042 2436 διανοίᾳ
1066 2373 1138 2415 σου.
1184 2344 1259 2415 άνα·

201 2436 435 2533 15βήσομαι
407 2475 453 2527 εις
475 2448 532 2515 τὸν
556 2446 705 2531 οὐρανὸν,
729 2456 784 2514 καί
807 2378 920 2513 ἐπάνω
943 2451 1009 2512 τῶν
1032 2443 1182 2532 ἀστέρων
1205 2448 1259 2511 τοῦ

239 2542 379 2630 οὐρανοῦ
402 2545 554 2632 θήσομαι
576 2544 633 2610 τάν
656 2544 781 2629 θρόνον
803 2566 883 2628 μου·
907 2547 1019 2610 καθιιῦ
1037 2544 1070 2610 ἒν
1088 2540 1194 2627 ὄρει(
1176 2557 1261 2628 υψη·

237 2641 295 2727 ληῦ.
334 2641 391 2709 ἐπὶ
414 2641 455 2708 τὰ
479 2642 537 2726 ὅρη
561 2644 602 2707 τά
624 2639 738 2729 ὑψηλὰ
766 2642 809 2708 τά
831 2642 916 2728 πρὸς
942 2646 1066 2726 βορρᾶν
1097 2636 1261 2729 ἀναβήσο·

236 2764 298 2823 μαι
322 2739 434 2805 ἐπάνω
457 2743 523 2804 τιῦν
545 2742 691 2827 νεφελῶν
714 2743 767 2805 καὶ
785 2741 904 2822 ίσομαι
920 2735 1036 2822 ὅμοιος
1054 2742 1101 2825 τῷ
1117 2738 1259 2823 ὑψίστῳ.

238 2835 310 2901 νυνὶ
333 2837 369 2902 δὲ
392 2836 438 2913 είς
453 2833 572 2902 (Ἅιδου
602 2836 781 2923 καταβήσῃ,
812 2837 858 2915 εἷς
880 2837 922 2902 τὰ
944 2838 1087 2919 θεμέλια
1109 2840 1169 2922 τῆς
1190 2839 1260 2922 φής’

184 2931 294 3001 Ι2θκαί
315 2932 357 2998 τὰ
380 2933 462 3020 ἔξής.

307 3237 379 3310 Καὶ
407 3238 507 3311 ἔστιν
533 3236 555 3333 ἡ
584 3236 678 3332 ἀρχὴ
706 3244 783 3308 τῶν
804 3236 945 3309 Ἀετίυυ
979 3234 1198 3332 κεφαλαίων
1276 3242 1322 3297 5

702 3349 808 3444 αῦτη.

323 3515 364 3582 α’.
404 3517 447 3583 Εἰ
469 3517 607 3584 δυνατόν
631 3518 702 3584 ἔστι
730 3521 777 3604 τῷ
801 3512 963 3604 ἀμεννήτῳ
987 3520 1059 3602 θεῷ
1089 3515 1129 3583 τὸ
1152 3543 1260 3602 γεννη-

236 3614 294 3681 τὸν
317 3609 491 3701 ἀγέννητον
514 3619 665 3701 ποιήσαι.

197 3727 228 3779 25
318 3706 517 3829 Ἀνατροπή.
562 3715 703 3797 Πρῶτον
726 3714 785 3795 μὲν
808 3712 847 3776 τὸ
871 3711 917 3790 είς
950 3709 1031 3777 θεὸν
1055 3711 1261 3796 λογίσασθαι

236 3805 397 3877 ἀδύνατον
420 3805 537 3893 ἀσεβὲς
555 3812 602 3896 ήν.
633 3811 735 3893 μόνον
757 3810 795 3874 τὸ
819 3805 969 3893 ἀπρεπὲς
991 3811 1030 3894 τῦ,
1054 3803 1157 3874 αὐτοῦ
1183 3806 1262 3876 θιά-

234 3934 317 3994 τητι,
341 3911 395 3973 καὶ
418 3902 499 3972 αὐτὸ
522 3900 580 3972 οῦκ
603 3902 809 3974 ἀδυνάτσυ”
791 3931 886 3985 οντυς
909 3901 1009 3971 αῦτσῦ
1040 3916 1166 3985 ποιεῖν,
1192 3899 1258 3973 ἀλλ’

236 3999 410 4091 ἀπρεποῦς
433 4001 533 4090 σῦσης
554 4007 612 4090 τής
636 4004 844 4093 φαυλότητος
865 4007 988 4088 θεφ,
972 4030 998 4067 ω
985 3993 1120 4070 οῦδὲν
1141 4000 1262 4070 ἀθάνα-

234 4126 309 4182 τον,
341 4096 425 4168 ἀλλὰ
448 4101 505 4167 διὰ
526 4102 565 4166 τὸ
587 4101 626 4168 τὸ
649 4104 778 4190 φαῦλον
801 4097 963 4169 ἀδύνατον
986 4095 1072 4167 εἶναι
1094 4126 1135 4188 τῃ
1119 4101 1262 4188 ἒνθέφ

196 4193 339 4265 3οαῦτοῦ
362 4201 482 4286 δυνατῇ
506 4195 693 4288 άγαθότητι
713 4202 768 4266 καὶ
792 4194 880 4285 αῦτῷ
905 4192 1023 4283 άμαθηῦ
1049 4193 1133 4263 ἀντι.
