2867 5084
1168 526 1175 534 s

465 962 556 1016 Lm
575 965 845 1015 ΑΡΕΙΟΜΑΝΙΤΑΙ.
1102 957 1163 1018 159

235 1121 283 1182 17.
308 1109 394 1181 Rha
408 1113 511 1180 πόλιν
526 1116 666 1200 λέγουσι,
684 1118 757 1192 πῶς
773 1115 968 1202 ἐνεδημησεν
983 1117 1031 1194 είς
1047 1117 1162 1201 σάρκα,

141 1213 171 1279 εἰ
202 1201 240 1297 ἦν
271 1211 304 1279 ἐκ
331 1215 390 1298 της
410 1215 470 1278 τοῦ
491 1213 619 1295 πατρὸς
642 1208 775 1294 obolas-3
805 1214 929 1279 εἴπωσι
949 1221 1061 1279 τοίνυν
1084 1212 1161 1299 ἡμῖν

139 1312 218 1388 πῶς
246 1308 377 1394 ἄγγελοι
407 1309 511 1394 οάρκα
539 1305 596 1375 οῦκ
622 1310 757 1393 ἔλαβον,
788 1307 879 1387 ὄντες
901 1311 1017 1376 δοῦλοι
1038 1305 1161 1392 αῦτοῦ,·

109 1410 218 1484 Βπῶς
248 1401 457 1492 ἀρχάγγελοις
486 1409 560 1484 πῶς
583 1413 755 1488 οτρατιαί,·
784 1409 858 1484 πῶς
879 1406 921 1472 τὰ
943 1406 1027 1472 ἄλλα
1049 1409 1160 1474 πάντα

136 1503 181 1570 τὰ
204 1503 429 1586 πνευματικός
453 1498 613 1569 ἀλλὰκαὶ
636 1499 874 1585 δποδεέστερόν
897 1526 1001 1588 φασιν
1025 1499 1109 1571 ελναι
1128 1506 1187 1571 02⁵

135 1603 289 1666 τοιοῦτοι
309 1600 349 1666 τὸ
371 1603 516 1683 πνεῦμα,
547 1603 600 1666 καί
623 1607 744 1683 κτίσμα
766 1608 960 1682 κτίσματος,
991 1596 1036 1678 ιῦς
1057 1596 1159 1668 αῦτοῦ

136 1701 199 1764 τοῦ
222 1696 330 1782 λόγου.
368 1701 443 1775 πῶς
465 1686 522 1763 οῦν
544 1698 583 1763 τὸ
605 1701 735 1782 πνεῦμα
759 1693 816 1763 οόκ
839 1697 935 1780 ἔλαβε
958 1696 1078 1780 σάρκα,
1104 1700 1160 1764 δυ-

136 1795 279 1878 νάμενον
308 1795 390 1876 ἐχειν
419 1793 604 1878 πρόσωπον
629 1794 772 1879 τρεπτὸν
795 1789 878 1879 ὑπὲρ
900 1793 959 1861 τὸν
982 1794 1054 1860 νίὸν
1076 1795 1159 1863 κατὰ

134 1892 195 1959 τὸν
225 1887 326 1957 αὐτοῦ
355 1891 471 1976 λόγον,·
501 1886 569 1957 ἀλλ’
595 1891 709 1976 ἐπειδὴ
740 1899 844 1978 σοφία
875 1881 912 1978 ἦν
935 1895 993 1957 τοῦ
1016 1890 1154 1977 πατρὸς,

135 1985 299 2077 ηόδόκησε
322 1986 362 2055 δι’
381 1989 499 2056 ἑαυτοῦ
514 1992 572 2075 της
586 1989 800 2074 τελειότητος,
824 1988 862 2053 τὸ
878 1985 1034 2076 ἡμέτερον
1051 1986 1156 2056 ἀσθε-
1169 2001 1200 2051 Ιο

136 2090 191 2166 νές
213 2083 400 2171 ἀναλαβεῖν,
424 2087 480 2152 ἳνα
503 2080 543 2152 δι’
562 2086 679 2153 ἑαυτοῦ
702 2089 797 2152 πᾶσα
820 2094 966 2172 σωτηρία
981 2089 1027 2172 τῷ
1044 2086 1156 2174 κόσμῳ

134 2193 278 2271 γίνηται.
322 2185 364 2251 τὰ
387 2186 423 2251 δέ
445 2179 561 2268 ἀγαθὰ
583 2184 630 2261 είς
651 2182 734 2249 κακὰ
756 2190 1021 2265 μετατρέττοντος
1043 2178 1157 2265 ἀχαρι-

136 2286 290 2361 στοῦσιν,
321 2275 494 2367 ἀχάριστοι
519 2283 572 2347 καί
596 2276 782 2365 ἀγνώμονες
803 2282 858 2346 καί
881 2279 1046 2345 δεσπότου
1070 2280 1157 2346 ἰδίου

110 2376 292 2464 εόβρισταί
321 2382 374 2445 καί
396 2379 605 2465 βλάσφημοι.
643 2377 685 2443 τὰ
708 2379 745 2443 δέ
768 2375 852 2442 ἄλλα
875 2375 995 2441 λοιπὸν
1019 2372 1082 2441 ὅσα
1104 2377 1157 2441 λέ-

132 2501 247 2564 μοντες
275 2470 511 2560 ἠλαττωμένιος
533 2478 705 2561 φρονοῦσι.
750 2477 825 2552 πῶς
847 2474 883 2538 δὲ
906 2472 1095 2551 ἐπείνασεν,
1126 2473 1197 2540 εἴτε

132 2565 172 2663 ἦν
195 2577 255 2661 τῆς
276 2576 335 2639 τοῦ
357 2572 484 2658 πατρὸς
506 2567 640 2653 οὖσίας,·
668 2570 746 2655 περί
768 2570 829 2656 γὰρ
851 2573 910 2636 τοῦ
934 2573 1017 2636 θεοῦ
1039 2575 1155 2655 γέγρα-

134 2697 220 2739 πται
243 2667 302 2737 “οό
325 2669 486 2749 πεινόοει,
510 2665 586 2738 οῦδὲ
610 2668 756 2754 διψήσει,
782 2667 857 2735 οότε
881 2668 969 2734 ἐστιν
993 2667 1155 2751 ἐξαίρεσις

133 2772 193 2856 τῆς
216 2766 408 2856 φρονήσεως
423 2764 551 2834 αὐτοῦ’.
582 2756 679 2844 οῦτος
702 2767 737 2832 δὲ
760 2771 814 2832 καὶ
836 2765 990 2833 ἐπείνασε
1011 2768 1063 2831 καί
1088 2765 1155 2831 ἐδί-

131 2880 232 2950 ψησε.
276 2868 351 2943 πῶς
379 2871 531 2950 κέκμηκεν
559 2863 593 2930 ἐκ
620 2867 678 2949 τῆς
707 2860 904 2946 ὁδοιπορίας
932 2866 986 2929 καί
1016 2862 1154 2929 ἐκάθισε

130 2967 186 3031 καί
211 2958 265 3030 ’ότι
286 2957 304 3028 δ
326 2962 408 3041 θεὸς
431 2957 469 3027 οὐ
492 2961 658 3028 κοπιάσει.
704 2963 778 3038 πῶς
801 2960 845 3037 δὲ,
871 2962 981 3045 φησίν,
1007 2955 1109 3038 εἶπεν,
1135 2954 1195 3024 δίο

131 3057 336 3138 ἀποστείλας
356 3085 398 3144 με
420 3058 530 3144 πατήρ
552 3084 616 3141 μου
631 3058 751 3143 μείζων
766 3081 830 3140 μου
847 3056 953 3137 ἐστίν,·
977 3054 1077 3133 ἄλλος
1091 3055 1153 3141 γὰρ

132 3154 153 3225 ό
177 3152 400 3237 ἀποστέλλων,
424 3155 524 3234 ἀλλος
546 3157 583 3222 δὲ
606 3151 623 3221 ὁ
648 3151 943 3238 ἀποστελλόμενος.
976 3156 1029 3219 καί
1054 3154 1153 3239 δῆλον

130 3252 188 3323 δτι
211 3249 230 3320 δ
250 3254 360 3340 πατὴρ
384 3249 442 3320 οῦκ
465 3253 554 3320 ἐστιν
578 3250 596 3317 ό
618 3252 704 3330 υίὸς,
729 3255 780 3318 καὶ
806 3247 823 3317 δ
847 3247 917 3328 υίὸς
940 3245 998 3315 οέκ
1020 3249 1109 3315 ἐστιν
1134 3245 1152 3313 ὁ

98 3351 254 3439 οπατήρ.
284 3346 322 3418 οδ
344 3350 405 3437 γὰρ
427 3349 510 3417 κατὰ
531 3350 588 3416 τὸν
610 3351 789 3434 Σαβέλλιον
812 3346 906 3434 ἡμεῖς
928 3349 1072 3432 λέγομεν,
1095 3346 1153 3413 τὸν

129 3451 270 3536 λέγοντα
298 3448 485 3531 οίοπότσρα
513 3441 607 3516 εἶναι.
654 3446 683 3514 εί
710 3445 753 3533 μη
776 3446 838 3532 γὰρ
862 3440 954 3513 εἶπεν
978 3442 1031 3512 ὅτι
1053 3442 1152 3523 ἀλλος
1174 3461 1208 3512 25

129 3548 223 3616 ἐστίν
246 3541 264 3612 ὅ
287 3539 490 3624 ἀποστείλας
509 3571 566 3628 με,
597 3548 650 3611 καί
674 3539 860 3628 ἀπέρχομαι
882 3542 968 3628 πρὸς
990 3541 1152 3610 τὸνθεόν

126 3669 197 3730 μου
217 3648 272 3711 καί
294 3643 377 3711 θεὸν
399 3639 501 3728 ὑμῶν,
524 3642 609 3728 πρὸς
631 3641 689 3708 τὸν
710 3647 840 3726 πατέρα
860 3663 925 3723 μου
948 3643 1000 3706 καί
1023 3645 1152 3725 πατέρα

126 3738 223 3829 δμῶν
245 3735 337 3821 είπε,
365 3743 419 3808 καί
442 3735 501 3807 οῦκ
523 3740 558 3808 ἐκ
579 3743 636 3827 τῆς
658 3743 716 3806 τοῦ
740 3741 824 3806 θεοῦ
847 3733 963 3816 οὐσίας
985 3737 1016 3803 οί
1038 3743 1152 3822 μαθη-

123 3843 184 3909 ταί
213 3838 422 3927 κατὰφύσιν
445 3837 676 3925 ἐγεννήθησαν.
720 3839 774 3902 καί
798 3836 903 3920 ἔλεγεν
927 3829 1056 3912 αὐτοῖς,
1086 3858 1151 3899 πα-

122 3944 209 4024 τέρα
231 3932 335 4020 ὑμῶν.
1159 3939 1194 3988 3ο

213 4031 331 4121 Πολλὴ
354 4035 388 4101 δὲ
412 4033 653 4122 φρενοβλάβεια
675 4033 741 4096 τῶν
764 4029 805 4096 τὰ
826 4032 964 4096 τοιαῦτα
980 4025 1149 4111 λεγόντων.

121 4133 154 4203 τί
174 4130 241 4220 γὰρ
266 4125 405 4214 ὀνόματι
426 4130 529 4214 μόνον
550 4132 709 4206 καλεῖται,
734 4129 787 4193 καί
811 4121 869 4192 σῦκ
891 4126 963 4193 ἐστι
985 4121 1068 4189 κατὰ
1087 4121 1151 4209 φό-

119 4254 190 4312 σιν,
216 4224 314 4296 οὐδὲν
335 4229 489 4317 διαφέρει
510 4231 576 4295 τῶν
594 4223 704 4295 ’ἄλλων
720 4223 855 4291 πάντων
870 4219 1067 4305 κτισμάτων,
1091 4216 1151 4287 κάν

961 4518 1165 4654 Α
