2867 5084
554 980 637 1028 ιιιισι
654 980 824 1030 mmm.
1131 971 1189 1033 571

173 1142 283 1213 ψαιμι
315 1127 373 1213 τήν
412 1129 538 1196 τούτων
571 1129 773 1213 κατάληψιν,
811 1130 993 1222 ξπειδήπερ
1031 1132 1198 1214 “νεάνιδις

140 1216 222 1301 υῶν
244 1222 302 1293 οὐκ
325 1227 414 1293 εστιν
437 1220 599 1342 ἀριθμός”
622 1227 759 1312 εἴρηται.
806 1227 849 1293 τά
870 1229 961 1295 τείν
984 1229 1062 1308 Σάῑ,
1095 1230 1138 1297 τά
1160 1256 1197 1300 τι

177 1325 212 1392 ἐν
226 1326 379 1442 Πηλουοί
380 1350 415 1409 ῳ,
439 1324 481 1390 τά
502 1349 539 1390 τε
557 1324 799 1408 ένΒουμαστῷ,
823 1324 865 1390 τά
887 1350 923 1392 τε
945 1326 978 1392 ἐν
990 1321 1130 1416 Ἀβύδῳ,
1153 1329 1197 1396 τά

170 1447 209 1489 τε
230 1425 290 1487 τοῦ
308 1417 481 1486 Ἀντινόου
502 1427 628 1506 τεμένη,
663 1419 718 1486 καὶ
746 1420 788 1486 τά
816 1420 921 1488 έκεῖσε
946 1425 1119 1511 μυστήρια,
1153 1426 1197 1494 τά

173 1518 208 1586 ἓν
233 1517 408 1604 Φαρβήτῳ,
439 1517 481 1584 τά
502 1516 586 1584 κατά
608 1518 665 1582 τὸν
688 1517 807 1601 τράγον
829 1521 888 1583 τοῦ
903 1521 1108 1606 Μενδησίου,
1132 1520 1219 1591 ὅσοι

168 1641 209 1683 τε
224 1615 258 1682 έν
271 1622 420 1700 Βουσίρι
445 1615 536 1682 πόσα
557 1641 593 1682 τε
609 1616 642 1681 έν
658 1615 854 1734 Σεβεννήτῳ,
878 1616 1022 1684 πόσατε
1042 1617 1075 1684 ίν
1090 1626 1197 1687 Διοσ-

173 1713 288 1792 πόλει,
327 1709 372 1791 ῶς
395 1717 442 1799 πή
464 1715 524 1796 μὲν
546 1716 593 1798 τῶ
617 1710 682 1798 όνῳ
706 1711 796 1790 είς”
777 1737 882 1797 ονομα
903 1718 962 1780 τοῦ
981 1715 1067 1802 Σήθ,
1092 1719 1195 1803 δῆθεν

170 1813 232 1876 τοῦ
258 1813 428 1897 Τυφῶνος,
458 1810 590 1888 τελετάς
619 1810 819 1894 ἐργάζονται,
857 1811 953 1878 ἀλλοι
982 1815 1018 1879 δὲ
1032 1815 1104 1913 τήν
1135 1823 1196 1883 Τι-

172 1908 333 1991 θραμβῶ,
359 1903 494 1993 Ἑκάτην
522 1909 795 1994 έρμηνευομένην,
833 1909 939 1992 ἕτεροι
966 1914 1054 1997 τῇ
1028 1917 1193 1999 Σενέφθυ,

172 2002 271 2070 ἄλλοι
293 2005 329 2071 δὲ
350 2009 390 2091 τῇ
416 2005 589 2088 Θερμοόθι
611 2007 681 2071 τελί
668 2012 826 2084 ίσκονται,
857 2004 952 2073 ἄλλοι
975 2010 1011 2074 δὲ
1032 2013 1072 2095 τῇ
1088 2007 1193 2079 ίσιδι.
1207 2026 1234 2076 ιιι

172 2127 228 2168 και
251 2101 344 2168 πόσα
366 2103 438 2168 έστι
459 2106 597 2168 τοιαῦτα
620 2105 734 2186 λέγειν,
760 2092 805 2167 ῶν
826 2103 865 2168 τὸ
888 2130 947 2169 κατ
945 2100 1064 2184 ἐἶδος
1086 2109 1195 2176 εἰπεῖν

95 2222 163 2274 1094
173 2197 281 2277 πολυς
300 2199 417 2284 χρόνος
439 2195 703 2284 ἀναλωθήσεται.
752 2199 805 2264 διὸ
833 2201 1057 2286 περιλήψεται
1085 2205 1193 2290 πάντη

174 2293 314 2382 όλόγος
335 2297 570 2381 πληρούμενος,
595 2297 651 2361 διὰ
672 2299 731 2361 τοῦ
761 2288 983 2374 “νεάνιδες
956 2324 1001 2363 ων
1024 2294 1082 2364 οάκ
1105 2300 1194 2367 ἔστιν

173 2388 347 2478 ἀριθμός.”
382 2396 499 2478 ἑτέρων
524 2396 559 2460 δὲ
582 2393 718 2477 πάλινγ
703 2400 848 2513 μυστηρί
850 2420 895 2460 ων
917 2396 1051 2461 πολλῶν
1072 2422 1124 2461 και
1116 2398 1195 2464 αί-

171 2495 355 2577 ρεσιαρχῶν
383 2494 436 2557 καὶ
465 2496 747 2575 σχισματοποιῶν,
784 2482 828 2557 ῶν
856 2495 915 2575 μὲν
945 2487 1079 2578 ἀρχηγοὶ
1101 2520 1195 2578 παρα
1206 2509 1233 2560 15

172 2592 323 2673 Πέρσαις
345 2595 577 2674 Μαγουσαῖοι,
608 2588 701 2673 παρὰ
729 2591 765 2654 δέ
787 2589 993 2673 Αἰγυπτίοις
1021 2596 1195 2677 προφῆται

170 2687 379 2771 καλούμενοι,
391 2690 457 2752 τῶν
470 2682 598 2752 ἀδύτων
609 2689 710 2754 τεκαὶ
725 2688 820 2771 ἱερῶν
833 2682 964 2772 ἀρχηγοὶ
978 2691 1042 2769 [καὶ
1057 2690 1193 2773 μάγων],

173 2785 397 2869 Βαβυλωνίων
420 2786 456 2849 δὲ
479 2785 515 2849 οἵ
534 2811 570 2851 τε
591 2783 788 2865 καλούμενοι
810 2791 840 2848 Γ
838 2786 1002 2871 αζαρηνοί,
1034 2795 1137 2874 σοφοί
1158 2813 1195 2856 τε

169 2885 228 2949 καί
262 2880 432 2958 έπαοιδοὶ,
475 2877 582 2947 Ἰνδῶν
617 2884 652 2947 δὲ
681 2882 714 2946 οί
743 2878 875 2947 Ειίίλεοι
904 2883 1100 2967 καλούμενοι
1139 2889 1195 2952 καί

140 2982 377 3066 Βραχμᾶνες,
402 2975 560 3065 Ἑλλήνιον
583 2981 619 3045 δέ
643 2979 838 3065 ἱεροφάνται
865 3005 901 3045 τε
929 2980 984 3045 καὶ
1013 2982 1235 3066 νεωκόρων,τθ

172 3080 312 3144 κυνικῶν
348 3078 483 3163 πλῆθος
522 3078 577 3143 καί
614 3075 724 3142 ἀλλων
765 3072 947 3162 ἀμυθήτων
995 3081 1194 3168 φιλοσόφων

139 3169 318 3262 υᾶικοιοί

262 3279 309 3339 13.
343 3278 472 3349 Τοίνυν,
497 3266 542 3348 ῶς
563 3282 740 3354 προεῖπον,
750 3269 861 3433 ὲπαρά
882 3276 1031 3355 Πέρσαις
1053 3258 1196 3358 Mayov-

172 3380 267 3437 σαῖσι
287 3368 492 3452 καλούμενοι,
525 3368 556 3432 οἱ
580 3368 763 3434 εἴὲδωλα
723 3393 747 3450 μ
766 3394 783 3432 ν
804 3365 1067 3453 βδελυττόμενοι,
1098 3372 1195 3437 είδῶ-

171 3468 246 3545 λοις
268 3467 305 3532 δὲ
326 3468 595 3551 προσκυνοῦντες,
619 3468 699 3548 πυρί
722 3469 775 3529 καὶ
799 3465 916 3552 σελήνη
938 3492 991 3533 και
983 3465 1101 3554 ήλίῳ.
1135 3468 1235 3536 ἀλλ-25

170 3567 228 3630 λοι
248 3589 284 3630 τε
306 3562 408 3630 πάλιν
437 3563 471 3630 έν
492 3566 531 3649 τῇ
551 3559 679 3628 Ἑλλάδι
702 3566 818 3628 Μυσοὶ
852 3564 1047 3648 καλούμενοι
1067 3563 1193 3651 ’Ἀμιοη

170 3663 309 3748 γάλακτι
330 3662 448 3728 ἳππων
474 3660 653 3744 χρεόμενοι,
686 3663 740 3725 καί
773 3661 812 3725 τό
844 3665 913 3729 πᾶν
941 3657 1057 3748 ἀγρίαν
1084 3665 1194 3747 χώραν

171 3761 408 3837 κατοικοῦντες.
445 3761 499 3823 καὶ
522 3757 614 3823 πόσα
637 3757 813 3841 δυνήσεται
835 3753 853 3823 6
874 3762 950 3837 νοῦς
971 3763 1037 3825 τῶν
1060 3758 1195 3843 ἀνθρώ-

172 3883 248 3924 πων
271 3858 438 3941 συλλέγειν
459 3859 525 3920 τῶν
548 3855 716 3920 τοσσάτιον
744 3860 799 3921 καὶ
819 3857 970 3940 μεγάλων
993 3852 1195 3941 ὀνομαζομέ-

141 3972 240 4021 ανων
272 3956 325 4020 καὶ
355 3953 389 4020 ἐν
417 3963 491 4031 ταῖς
520 3951 789 4035 ἐπαινουμέναις,
824 3949 902 4017 ὅσαι
935 3953 1001 4019 είσί
1034 3956 1234 4040 διαφοραίω

173 4052 332 4118 νεανίδων
361 4040 406 4117 ῶν
430 4045 487 4116 οάκ
509 4050 599 4116 ἔστιν
622 4045 778 4133 ἀριθμός,
811 4053 877 4115 τῶν
905 4051 965 4132 μὲν
988 4049 1074 4133 πρὸς
1096 4051 1194 4118 ἔπαι·

172 4172 241 4227 νον,
265 4145 373 4215 ἄλλων
396 4147 489 4234 δὲμὴ
507 4147 764 4230 ἐπαινουμένων,
787 4150 854 4212 τῶν
867 4148 928 4231 μὲν
942 4141 1000 4214 ἀπ’
1015 4147 1102 4213 ἰδίου
1118 4147 1195 4228 νοὸς

172 4244 217 4310 τά
244 4241 331 4330 πρός
357 4246 530 4322 πολιτείας
552 4242 690 4330 ἀσκησιν
721 4246 777 4310 καὶ
802 4243 934 4328 θεσμόν
962 4245 1094 4324 ἑαυτοῖς
1115 4246 1196 4312 συλ-

1190 4354 1304 4658 Ι
