2867 5084
588 960 706 1015 ιιυιιτ
725 963 916 1016 ιυοιιοιοι.
1197 951 1263 1027 369

238 1112 425 1202 σφάλλεται
446 1138 501 1180 και
494 1109 780 1200 σφάλλονται.“
768 1110 847 1180 άταν
868 1115 929 1201 γάρ
952 1110 1067 1195 αὐτοῖς
1088 1115 1261 1200 περιτύχω

184 1231 290 1291 ειιτις
312 1236 367 1278 και
359 1210 467 1294 περὶ
491 1206 671 1277 ἐντολῶν
656 1211 867 1298 υπομνησειε,
890 1217 988 1279 τοῦτο
1007 1214 1192 1300 φάσκουσιν
1215 1239 1262 1296 ως

236 1310 310 1426 ἔφη.
324 1308 364 1375 τὸ
386 1303 528 1393 ῥητόνί
509 1333 561 1373 οτι
584 1302 721 1374 οὖδὲν”
703 1309 813 1392 ιτερόν
840 1309 962 1376 {aust
946 1334 964 1375 ο
980 1311 1068 1391 ζητεῖ
1082 1309 1165 1388 θεὸς
1179 1336 1250 1395 παρ

235 1401 330 1492 ἡμῶν
354 1401 457 1472 άλλ’”
443 1431 496 1472 ινα
517 1405 728 1489 γινῶσκωμεν
751 1401 850 1472 αδτόν
869 1407 981 1490 μόνον,
1006 1404 1050 1485 ὡς
1071 1413 1125 1474 καί
1142 1403 1261 1492 όΧρι·

236 1502 318 1581 στὸς
339 1504 413 1588 ε’φη,
438 1505 549 1624 φησίν,
574 1502 607 1569 ἰν
626 1529 672 1614 την
696 1506 801 1588 λέγειν
824 1499 923 1570 αὐτόν
947 1503 1025 1584 “δός
1046 1499 1170 1585 αὐτοῖς,
1192 1504 1259 1571 πά·
1266 1527 1334 1600 ι

235 1626 304 1685 τερ,
335 1601 418 1682 ἔχειν
441 1599 475 1667 ἒν
498 1600 630 1677 ἑαυτοῖς
650 1601 743 1697 ζωήν.
783 1600 863 1688 αάτη
888 1601 960 1669 δέ’
946 1626 1035 1669 εστιν
1056 1629 1076 1688 τ
1065 1597 1213 1688 ζωη
1171 1652 1179 1681 ,
1205 1603 1260 1669 ίνα

235 1698 424 1784 γινώσκωοί
445 1721 484 1764 σε
505 1697 563 1763 τὸν
584 1696 687 1781 μόνον
715 1694 877 1782 άληθινὸν
911 1699 995 1767 θεὸν
1027 1633 1147 1767 καλόν
1175 1694 1261 1766 άπέ-

236 1797 371 1874 στειλας
394 1789 516 1880 Ἰησοῦν
546 1795 722 1878 Χριστόν.”
773 1793 954 1882 άκηκόαμεν
982 1795 1043 1910 γὰρ
1071 1803 1128 1864 καί
1159 1824 1260 1865 τινων

235 1888 458 1978 leydrtwv‘
434 1918 479 1971 ως
501 1886 579 1977 παρ’
604 1889 705 1958 αὐτοῦ
735 1893 877 1980 ἐναργῶς
906 1891 1082 1977 ἀκηκόασιν
1106 1891 1151 1974 ῶς
1171 1897 1258 1974 τινὲς

236 1993 478 2075 κατηγοροῦντο
523 1984 639 2057 ἐπὶ
621 1990 812 2077 ατοπηματι
846 1994 999 2077 γυναικὸς
1035 1989 1169 2073 ἁλόντες
1204 2017 1260 2058 και
1271 2013 1300 2074 ιφ

235 2087 514 2172 κατεγινώσκοντο
543 2082 603 2153 ὑπ’
634 2082 752 2155 αὐτῶν.
803 2087 821 2155 ό
850 2093 885 2157 δὲ
914 2086 989 2157 οὐδὲ
1022 2095 1099 2173 περί
1133 2089 1260 2156 τούτων

234 2185 431 2269 χαλεπῶς’
415 2210 539 2272 εφερεν,
564 2180 648 2252 άλλά
667 2186 722 2252 καὶ
737 2187 842 2273 μάτην
858 2188 1015 2269 ἐχλεύαζε,
1039 2187 1175 2274 φάσκων
1197 2212 1262 2272 μη·

210 2285 292 2352 Βδὲν
258 2277 456 2351 λελναι
424 2307 463 2348 το
485 2286 646 2349 τοιοῦτον.
679 2306 741 2366 σωγ
728 2310 847 2370 ματικη
863 2285 924 2369 γάρ
941 2280 1070 2350 ίστιν<
1052 2311 1071 2369 η
1091 2290 1184 2367 χρεία
1205 2285 1259 2351 καλ

235 2409 255 2468 η
279 2376 462 2466 ὑπηρεσία
487 2377 601 2463 ῶσπερ
622 2379 694 2464 γὰρ,
719 2385 811 2466 φησί,
835 2386 912 2465 περὶ
937 2381 975 2447 τό
992 2370 1048 2460 οὖς
1063 2368 1260 2465 κνηθόμεθό

236 2483 304 2557 (καλ
318 2475 418 2557 αὐτὸς
428 2480 488 2561 μὲν
502 2479 660 2560 αἰδοῦμαι
672 2474 812 2562 λέγειν”
793 2503 920 2562 οοαπερ
936 2479 1058 2557 ἐκεῖνος
1076 2502 1094 2543 ο
1082 2474 1260 2562 (άκάθαρ
1272 2501 1300 2553 ιε

236 2602 294 2656 τος
318 2576 520 2662 διηγήσατο),
555 2575 711 2659 λαβόντες
735 2577 779 2655 δὲ,
814 2580 906 2663 φησὶ,
941 2575 1063 2660 πτερόν
1091 2569 1259 2662 ἢκάρφος

236 2674 276 2741 τό
299 2663 357 2752 σός
379 2672 577 2760 κνηθόμεθα
606 2673 660 2738 καὶ
692 2669 779 2739 οάτω
808 2675 990 2757 παυόμεθα
1022 2677 1079 2758 τῆς
1101 2675 1178 2756 περὶ
1201 2671 1259 2758 την

237 2767 338 2858 άκοὴν
372 2774 569 2857 κνησμονης,
608 2766 695 2836 οότω
723 2771 777 2836 καὶ
805 2776 919 2850 τοῦτο,
950 2774 1048 2858 φησί,
1087 2777 1262 2854 συμβαίνει

237 2868 322 2936 κατὰ
345 2868 457 2954 φάσιν,
479 2869 536 2934 καὶ
559 2869 591 2935 εἴ
610 2893 661 2945 τις
684 2869 914 2947 ἐπιτελέσειεν,
938 2864 995 2952 οδχ
1017 2865 1207 2953 ἁμαρτάνει.

325 2973 355 3032 5.
386 2971 453 3031 Καὶ
477 2961 541 3031 ὅσα
568 2969 706 3031 τοιαῦτα
736 2962 753 3030 ό
783 2962 863 3052 άνηρ
893 2966 1105 3052 διηγούμενος
1131 2962 1302 3049 όδαρῶςω

237 3063 279 3130 τό
301 3065 413 3130 πάντα
435 3072 490 3129 καί
513 3068 619 3141 κακῶς
641 3063 819 3143 ἐδίδασκεν,
855 3067 909 3130 ἵνα
933 3065 968 3143 ἐξ
989 3060 1097 3130 αότῶν
1119 3067 1185 3130 τῶν
1209 3063 1260 3145 ἐ’ρ-

238 3186 304 3247 γων
328 3154 434 3247 ὀφθῇ,
458 3168 492 3227 τί
513 3163 572 3242 μὲν
595 3150 692 3239 οὗτός
715 3160 814 3241 ἐστιν,
846 3163 878 3227 οἱ
901 3164 936 3228 δὲ
959 3165 1016 3226 τοῦ
1040 3168 1151 3243 κυρίου
1167 3161 1262 3243 λόγοι

211 3261 359 3345 σσαφῶς
380 3253 459 3344 ἡμῖν
481 3258 742 3342 καταυγάσωσιν,
773 3254 818 3336 ῶς
847 3260 934 3343 ἔλεγε
964 3264 1162 3341 “προσε’χετε
1190 3252 1261 3322 άπὸ

239 3359 304 3422 τῶν
341 3357 649 3440 ψευδοπροφητῶν,
684 3357 805 3434 οἵτινες
834 3357 984 3440 ἔρχονται
1011 3350 1204 3439 πρόςόμᾶς
1225 3355 1259 3422 ἐν

240 3451 399 3536 ἐνδύμασι
426 3454 621 3537 προβάτων,
660 3455 789 3520 ἔσωθεν
824 3455 860 3519 δέ
888 3454 954 3520 εἶσι
982 3453 1075 3520 λάκοι
1103 3449 1301 3538 άρπαγες.εε

241 3544 309 3617 άπὸ
331 3553 398 3617 τῶν
421 3554 557 3635 καρπῶν
587 3545 695 3616 αὐτῶν
724 3550 954 3636 ἐπιγνώσεσθε
982 3547 1109 3630 αὐτούς.
1154 3552 1198 3636 μή
1227 3576 1262 3617 τι

240 3649 453 3732 συλλέγουσιν
476 3643 546 3716 άπὸ
569 3642 725 3715 άκανθῶν
749 3649 929 3736 σταφυλὰς,
963 3644 984 3736 ἢ
1006 3645 1075 3716 άπὸ
1098 3648 1260 3733 τριβόλων

240 3749 356 3827 σῦκα,”
394 3741 481 3812 οὕτω
510 3745 564 3813 καί
591 3741 611 3832 ἡ
633 3746 752 3811 τούτου
774 3747 857 3813 κατὰ
884 3746 995 3814 πάντα
1024 3751 1082 3832 τῆς
1104 3741 1262 3829 άνοησίας

239 3843 346 3926 τόλμα
368 3841 522 3910 ἐντεῦθεν
545 3847 596 3909 καὶ
621 3844 750 3910 ἐκεῖθεν
774 3846 980 3930 διελέγχεται.
1030 3841 1075 3922 ῶς
1096 3844 1156 3926 μὲν
1178 3840 1261 3906 κατὰ

240 3944 296 4007 τοῦ
320 3938 489 4007 δεσπότου
512 3935 612 4007 αὐτοῦ
635 3937 779 4008 ἀνέτεινε
801 3943 840 4006 τὸ
863 3940 970 4024 στόμα
986 3936 1303 4025 άθυρογλωττῶί,ω;

242 4037 286 4117 εἷς
318 4037 377 4104 τὸν
406 4037 524 4105 ἑαυτοῦ
556 4038 667 4121 κόριον
696 4040 907 4125 βλασφημεῖν
941 4037 986 4123 μὴ
1018 4036 1260 4119 αἰσχυνόμενος,

242 4133 372 4203 λιαιιαί
396 4136 518 4202 ἐκτῶν
540 4140 676 4219 καρπῶν
699 4139 757 4223 τῆς
780 4133 880 4200 αὐτοῦ
903 4130 1083 4213 άκολασίας
1104 4136 1157 4199 καὶ
1184 4128 1263 4199 §da-

190 4230 381 4319 Ιὶράτητος
409 4233 442 4301 ολ
471 4233 602 4301 συνετοὶ
631 4232 868 4317 δοκιμάσαντες
902 4232 947 4318 μὴ
980 4234 1163 4317 δρέψονται
1196 4234 1265 4311 τῶν

291 4333 438 4387 Ευίρὴιοίυι,
458 4334 496 4378 111.
1078 4337 1111 4388 24
