2867 5084
699 511 706 527 Ι

241 964 306 1026 516
463 975 670 1024 mmmm(
687 974 782 1023 xm
800 974 988 1023 Αινεεειια
1004 976 1034 1023 τ.

237 1122 316 1214 ῆμῖν
341 1123 402 1205 ὅτι,
438 1124 493 1192 ἐὰν
515 1125 558 1214 μῆ
582 1126 812 1209 πιστεύσωμεν
842 1121 895 1192 ὅτι
925 1126 1082 1213 συνῆφθη
1108 1126 1214 1194 πάλιν
1239 1122 1258 1211 ῆ

237 1230 367 1308 Μαρία,
392 1218 449 1289 οῦκ
472 1225 585 1306 ἔχομεν
608 1224 691 1310 ζωῆν
714 1224 859 1299 αἰώνιον,
884 1219 967 1289 ἀλλὰ
989 1225 1036 1302 εἰς
1050 1230 1154 1308 κρίμα
1170 1223 1258 1307 ε’ρχό·

237 1332 338 1407 μεθα,
364 1323 471 1410 δῆλον.
516 1321 639 1408 ἒγράφη
664 1323 699 1388 δὲ
720 1328 753 1389 τί
775 1321 867 1400 καλὰ,
899 1316 982 1388 ἀλλὰ
1010 1330 1044 1387 τί
1073 1323 1198 1399 δίκαια,
1227 1327 1258 1386 τί

239 1419 360 1505 σεμνάς
396 1420 452 1486 ἵνα
475 1419 580 1502 δῶμεν
607 1420 703 1503 χάριν
731 1423 784 1485 καὶ
814 1431 885 1497 τοῖς
908 1414 1095 1485 ἀκούουσιν.
1142 1420 1256 1486 εἴασαν

214 1516 275 1583 υδὲ
298 1517 330 1583 οἱ
358 1515 539 1599 ἄνθρωποι
568 1516 609 1582 τὰ
637 1511 797 1601 ἀναγκαῖα
827 1516 868 1582 τὰ
896 1521 975 1600 περὶ
1002 1524 1151 1594 πίστεως
1181 1511 1255 1602 ἀλη-

238 1621 345 1694 θείας,
368 1615 410 1680 τὰ
432 1614 465 1680 ἐν
489 1615 662 1701 δοξολογίφ
684 1618 778 1693 θεοῦ,
812 1619 865 1680 καὶ
889 1612 970 1681 ὅθεν
994 1609 1026 1679 δ’
1052 1607 1093 1679 ἂν
1117 1609 1275 1696 εῦρωσινο

238 1711 369 1789 ἑαυτοῖς
391 1712 675 1796 προσπορίζονται
698 1713 783 1795 πρὸς
804 1712 938 1798 βλάβην,
962 1715 1024 1798 φεῦ
1040 1717 1093 1777 καὶ
1112 1712 1253 1779 διανοεῖ-

238 1815 333 1886 σθαι,
356 1808 501 1891 μάλιστα
522 1812 580 1894 τῆς
601 1813 729 1896 γραφῆς
750 1809 793 1894 μῆ
819 1809 982 1899 λεγούσης.

328 1912 375 1972 16.
406 1905 447 1971 Εἰ
467 1907 526 1990 μὲν
548 1906 609 1991 γαρ
633 1907 738 1992 ἔλεγεν
766 1903 784 1994 ἡ
807 1907 927 1995 γραφὴ,
961 1904 1190 1988 ἀπειλιδόαμεν
1218 1900 1253 1972 ἂν

200 2002 296 2088 νοτῆν
319 1996 555 2086 ἀλήθειανκαὶ
579 1998 673 2069 οὐδὲν
696 2005 926 2088 διενοούμεθα.
959 2003 1003 2089 μῆ
1026 2005 1086 2088 γὰρ
1112 1999 1130 2069 ὁ
1153 2002 1255 2088 γάμος

239 2097 397 2183 ἄσεμνος,·
434 2101 477 2187 μῆ
500 2103 639 2187 βέβηλος
660 2097 678 2186 ῆ
702 2110 815 2188 κοίτη,·
849 2103 893 2188 μῆ
918 2097 974 2167 οῦκ
1003 2103 1093 2168 ἔστιν
1122 2096 1140 2187 ῆ
1166 2109 1253 2187 κοίτη

239 2192 415 2281 ἇμίαντος;
443 2198 486 2286 μῆ
510 2200 804 2283 παραχαράσσεται
818 2199 939 2284 γάμος,·
970 2195 1039 2265 ἀπὸ
1063 2201 1099 2265 δὲ
1122 2225 1255 2287 προφη-

238 2299 303 2361 τῶν
326 2300 379 2361 καί
409 2290 583 2381 ἀρχιερέων
612 2297 764 2380 ἐπίχεται
795 2297 850 2362 διὰ
876 2297 934 2382 τῆν
962 2298 1048 2379 προς
1074 2295 1113 2362 τὸ
1142 2299 1254 2380 μεῖζον
1265 2309 1307 2363 1ολῖ

237 2389 429 2479 ὑπηρεσίαν.
475 2393 558 2477 μετὰ
579 2393 640 2479 γὰρ
663 2394 701 2459 τὸ
724 2399 956 2481 προφητεῦσαι
972 2399 1123 2481 Μωυσῆν
1148 2392 1256 2461 οῦκέτι

201 2506 229 2556 15
237 2497 363 2576 γυναικὶ
387 2494 561 2577 συνῆπται,
586 2489 694 2558 οὐκέτι
716 2499 813 2558 τέκνα
828 2496 962 2570 κυῖσκει,
986 2486 1095 2558 οῦκέτι
1117 2496 1217 2579 γεννᾷ
1239 2487 1255 2556 ὃ

237 2592 397 2666 τοιοῦτος.
457 2590 667 2674 σχολαίτερον
695 2588 757 2675 γὰρ
786 2590 843 2655 τὸν
871 2597 944 2673 βίον
978 2590 1050 2672 ἔσχε
1083 2589 1172 2675 πρὸς
1200 2589 1256 2656 τὸν

238 2686 412 2770 δεσπότην.
461 2689 535 2763 πῶς
561 2686 621 2770 γὰρ
651 2684 793 2773 ῆδῦνατο
822 2687 855 2753 ἐν
885 2685 955 2772 ὄρει
982 2693 1064 2774 Σινᾷ
1092 2685 1258 2771 τεσσαρά·

237 2806 336 2848 κοντα
356 2783 471 2860 νύκτας
493 2786 546 2849 καὶ
566 2783 811 2867 τεσσαράκοντα
833 2780 955 2870 ἡμέρας
976 2785 1138 2852 διατελεῖν
1162 2784 1257 2872 γάμῳ

238 2886 468 2961 προσανίχων,·
507 2875 526 2965 ῆ
547 2884 621 2959 πῶς
643 2876 784 2968 ῆδῦνατο
807 2882 1050 2967 τεσσαράκοντα
1081 2883 1136 2970 ἔτη
1163 2882 1258 2970 λιτῇ

199 2975 347 3063 ῖθίρῆμφ
369 2976 455 3059 πρὸς
477 2978 665 3063 οἰκονομίαν
688 2983 772 3046 θεοῦ
796 2980 927 3064 ἕτοιμος
942 2974 1035 3057 εἶναι,
1059 2979 1147 3062 πρὸς
1164 2982 1260 3065 ἱερου·

239 3074 337 3162 σι’·νην
359 3100 395 3141 τε
417 3076 585 3158 σχολάζειν
593 3106 603 3157 ,·
637 3080 689 3143 καί
714 3080 788 3154 πιῦς
809 3077 851 3143 τὰ
871 3077 1035 3163 μυστήρια
1052 3078 1258 3164 διηγεῖσθαι,

236 3172 351 3238 καὶτὸ
374 3175 561 3256 συνομιλεῖν
584 3178 655 3260 θεῷ
678 3178 725 3261 τῷ
740 3174 834 3260 γάμφ
857 3180 1058 3260 συνημμένος
1073 3175 1259 3259 διατελεῖνς

238 3271 267 3337 εί
288 3270 348 3355 γὰρ
371 3274 448 3356 περλ
470 3267 563 3360 ῆμῶν
586 3272 706 3358 φάσκει
740 3268 757 3336 ὃ
781 3268 873 3356 ἅγιος
902 3267 1091 3349 ἀπόστολος
1121 3273 1283 3361 &mpori-n

238 3367 296 3448 δην
318 3371 372 3433 καλ
395 3369 479 3453 λέγει
513 3369 618 3454 “πρὸς
640 3366 762 3454 καιρὸν,
797 3371 853 3436 ἵνα
875 3370 1064 3452 σχολάσωσι
1085 3372 1125 3456 τῇ
1150 3395 1260 3457 προσ·

197 3466 339 3548 ίυευχῆ,”
372 3463 468 3552 πόσῳ
496 3491 532 3552 γε
559 3468 685 3551 μᾶλλον
714 3469 793 3551 περὶ
821 3471 1003 3555 προφητῶν
1036 3467 1131 3533 ἔσται
1161 3459 1261 3550 οὗτος

237 3554 374 3645 ἀληθῶς
396 3555 413 3626 ὁ
437 3562 551 3648 λόγος,·
583 3569 752 3651 προφῆτις
766 3569 944 3631 τοίνυνκαὶ
960 3560 979 3650 ῆ
995 3571 1126 3648 Μαρία.
1169 3569 1261 3636 “είσ·

236 3659 322 3742 ῆλθε
342 3657 421 3743 γὰρ’
451 3664 532 3748 φησὶ
561 3660 668 3743 ’πρὸς
701 3661 758 3746 τῆν
780 3665 957 3749 προφῆτιν,
992 3665 1045 3728 καὶ
1074 3660 1110 3728 ἐν
1139 3669 1262 3751 γαστρὶ

236 3755 333 3839 ἔλαβε
354 3755 409 3821 καὶ
431 3757 536 3825 ἔτεκεν
558 3757 639 3824 υἱόν.
677 3761 729 3825 καὶ
754 3753 827 3825 εἶπε
849 3758 960 3843 κύριος
982 3758 1067 3843 πρός
1083 3785 1137 3843 με,
1162 3763 1261 3832 κάλε-

236 3876 295 3919 σον
317 3852 355 3919 τὸ
379 3850 484 3938 ὄνομα
506 3849 616 3934 αὐτοῦ,
639 3863 763 3939 ταχέως
786 3856 971 3936 σκύλευσον,
1006 3851 1108 3936 ὀξέως
1133 3861 1264 3945 προνό-

198 3954 372 4034 3ομευσον”
401 3956 455 4019 καὶ
484 3953 526 4020 τὰ
554 3953 636 4040 ἑξῆς.
686 3959 840 4040 σημαίνει
869 3955 904 4021 δὲ
933 3954 1080 4021 ἐνταῦθα
1110 3956 1172 4046 τῆν
1202 3965 1263 4028 τοῦ

235 4050 382 4136 Γαβριὴλ
405 4051 536 4117 εἴσοδον
559 4049 644 4136 πρὸς
664 4051 698 4117 τῦ
706 4079 723 4118 ν
746 4048 894 4136 Μαρίαν,
919 4048 974 4118 ὅτε
996 4051 1140 4140 ἐξῆλθεν
1164 4051 1264 4146 εὐαγ-

234 4149 435 4231 γελίσασθαι
457 4143 539 4236 αὐτῆ
572 4144 626 4216 ὅτι
645 4150 758 4231 μέλλει
779 4152 894 4234 γεννᾶν
917 4148 988 4217 υλὸν
1010 4153 1096 4218 θεοῦ
1121 4160 1288 4247 σωτῆρας

235 4247 282 4328 τῷ
304 4243 426 4331 κόσμῳ,
451 4240 508 4312 οῦκ
530 4239 600 4313 ἀπὸ
623 4252 813 4330 σπέρματος
