2867 5084
245 962 292 1026 38
478 972 682 1024 ammoy
697 970 794 1022 xm
811 972 1000 1023 ιινσειειειι
1016 976 1046 1023 τ.

240 1129 301 1195 καὶ
325 1125 447 1213 ἑβδόμη
469 1123 722 1203 καταπαύσεως,
752 1124 808 1191 ἵνα
833 1123 891 1211 τὴν
913 1125 1005 1210 ῥίζαν
1026 1124 1085 1212 τὴν
1107 1128 1184 1210 περὶ
1207 1129 1267 1192 τοῦ

246 1229 346 1293 κακοῦ
369 1220 493 1291 ἀνελών
514 1229 629 1310 μηκέτι
651 1218 742 1307 εῦροι
763 1221 936 1309 πρόφασίν
958 1247 1009 1297 τις
1030 1226 1129 1289 τοῦτο
1144 1226 1267 1311 τολμῆ-

248 1347 315 1403 σαι,
340 1318 608 1402 ἀίδιάζσυσαν
574 1346 633 1408 την
647 1327 772 1387 κακίαν
770 1322 1000 1387 Ἴδιανσείσθαι
1031 1316 1190 1438 ἀνῄρηται
1203 1321 1293 1437 γάρΒ

248 1418 266 1486 ό
289 1415 390 1500 αὐτὸς
411 1421 489 1504 περί
511 1419 631 1500 ταύτης
652 1418 758 1504 λόγος.
789 1414 935 1501 οὐδαμοῦ
958 1416 1019 1535 γὰρ
1041 1407 1080 1504 ἢν
1102 1417 1140 1483 τὸ
1158 1421 1266 1498 κακὸν,

216 1519 383 1585 τπάντων
404 1513 555 1584 καλών”
535 1540 639 1582 οντων
662 1517 736 1582 λίαν
758 1521 814 1582 καί
801 1515 869 1582 ίέκ
893 1519 976 1583 θεοῦ
993 1510 1123 1601 ἀγαθοῦ
1138 1541 1268 1601 γεγενη-

246 1623 353 1702 μένων
375 1615 430 1682 καὶ
451 1621 756 1700 μεμαρτυρημένων.

334 1720 382 1781 19.
406 1710 504 1799 Ὕλης
531 1713 567 1780 δὲ
597 1712 688 1798 διττὴ
710 1708 730 1798 ἦ
755 1707 927 1795 ὀνομασία.
972 1709 1010 1776 τό
1033 1712 1092 1794 μέν
1114 1712 1191 1797 γὰρ,
1222 1708 1267 1792 ώς

246 1811 339 1899 ἔφην,
362 1811 446 1878 κατὰ
466 1810 523 1876 τὸν
545 1813 621 1876 ναῦν
642 1812 702 1875 τοῦ
725 1803 895 1894 ἀλιτηρίου
917 1809 1006 1876 ἐστίν
1029 1808 1191 1894 ἐνεργείας
1211 1815 1264 1877 καί

247 1912 383 1996 φθοράς
410 1905 613 1994 ἀναλωτικῗης
641 1904 756 1991 ὄνομα.
801 1903 880 1993 ῦλην
908 1907 945 1972 δὲ
970 1907 1138 1989 εἰώθαμεν
1160 1909 1266 1991 λέγειν

205 2006 305 2094 λυκέην
326 2006 487 2092 κόσμησιν
510 2006 648 2072 ἑκάστου
672 2004 866 2090 πράγματος
882 2015 954 2083 ταῖς
969 2003 1028 2083 τὰς
1042 2011 1156 2087 τέχνας
1171 2005 1266 2091 ἐργα-

247 2103 411 2186 ζομένσις,
441 2099 487 2183 ώς
513 2103 621 2170 εἰπεῖν
643 2099 703 2188 ῦλη
727 2102 831 2182 ξύλων
839 2153 847 2182 ,
877 2099 936 2187 ῦλη
959 2103 1175 2187 πηλουργίας,
1205 2100 1265 2189 ῦλη

242 2205 382 2285 χρυσοῦ,
411 2198 471 2289 ῦλη
495 2195 645 2287 ἀργύρου.
690 2203 819 2286 λέγεται
841 2200 877 2267 δέ
898 2196 957 2287 ῦλη
981 2226 1031 2280 τις
1053 2200 1207 2285 ἐργασίας
1230 2201 1294 2268 ἐνῦ

245 2310 317 2378 τοῖς
339 2300 490 2383 σώμασιν
512 2296 532 2387 ἡ
551 2294 620 2366 ἀπὸ
637 2300 848 2386 φθαρμάτων
863 2298 1037 2377 κακώσεως
1052 2305 1264 2386 συναγομένη.

246 2399 365 2483 λεγέτω
392 2404 503 2464 τοίνυν
533 2393 551 2463 ό
580 2398 778 2484 πρόσφατος
805 2393 891 2485 ἥκων
919 2397 1037 2480 μάντις
1057 2400 1110 2463 καὶ
1133 2397 1175 2463 τὰ
1196 2396 1265 2480 πρὸ

208 2494 375 2564 ιῠαίώνων
398 2494 686 2580 ἐπαγγελλόμενος.
732 2493 891 2578 ἐτόλμησε
911 2495 973 2579 γαρ
997 2490 1015 2559 ό
1037 2498 1189 2573 τοιοῦτος
1210 2498 1265 2562 καλ

244 2595 375 2675 πνεῦμα
398 2591 607 2678 παράκλητον
629 2591 747 2658 ἑαυτὸν
769 2593 888 2675 λέγειν·
917 2590 1035 2658 άλλστε
1057 2592 1093 2658 δέ
1116 2587 1265 2659 ἀπόστο-

245 2691 303 2755 λον
323 2686 426 2774 Ἰησοῦ
447 2692 596 2772 Χριστοῦ
620 2689 747 2766 ἑαυτὸν,
771 2684 817 2766 ώς
838 2689 930 2774 ἐφην,
954 2688 1165 2776 έπιφημίζει,
1189 2689 1266 2759 σῦτε

245 2781 334 2865 εἶδος
355 2789 553 2870 περιστεράς
574 2808 658 2851 ποτε
679 2779 907 2868 ’ἐνδυσάμενος
931 2785 1007 2854 οῦτε
1028 2786 1066 2852 τὸ
1090 2782 1146 2853 ἀπ’
1165 2783 1265 2872 οάρα-

244 2887 302 2950 νοῦ
336 2884 384 2962 είς
417 2883 540 2966 ἔνδυμα
568 2877 765 2969 ἀφθαρσίας
793 2883 930 2967 δύναμιν
958 2895 1031 2963 ταῖς
1059 2880 1265 2965 ἀποστόλοις

204 2984 404 3068 τυπεμφθέν
427 2984 557 3065 πνεῦμα
578 2979 804 3066 παράκλητον,
835 2979 854 3046 ό
877 2982 1092 3069 έπηγγείλατσ
1116 2989 1265 3065 πέμπειν

244 3074 263 3145 ό
284 3078 475 3166 μονογενὴς,
499 3074 537 3144 οῦ
561 3078 643 3160 μετὰ
665 3078 793 3157 πολλὰς
814 3074 937 3165 ἡμέρας
959 3080 1083 3158 ἐκείνας
1105 3076 1264 3165 ὁρισάμε-

243 3201 308 3258 νος,
332 3173 417 3244 ἀλλά
438 3172 540 3254 εὐθὺς
562 3171 662 3242 αὐτοῦ
686 3172 895 3256 ἀνελθόντος,
920 3172 965 3256 ώς
982 3178 1088 3263 ἔλεγεν
1105 3177 1182 3245 *(ἐάν
1197 3178 1291 3265 ἐγώσ

242 3271 396 3354 ἀπέλθω,
419 3276 542 3354 ἐκεῖνος
564 3269 760 3341 ἐλεόσεται”.
794 3275 849 3341 καὶ
871 3270 974 3354 εὐθὺς
995 3276 1028 3342 ἐν
1050 3279 1097 3362 τῷ
1120 3273 1263 3363 ὑπερῴῳ

243 3373 462 3460 ἐπλήσθησαν
483 3373 671 3455 πνεύματος
692 3369 797 3456 ἁγίου,
821 3373 915 3458 ἐντῷ
931 3369 1128 3458 ἀνακάμψαι
1143 3368 1264 3453 αὐτοὺς

203 3466 312 3540 ὅάπὸ
334 3474 394 3536 τοῦ
417 3469 516 3555 όρους
535 3474 601 3537 τών
624 3470 754 3548 ἐλαιῶν,
776 3470 920 3536 κατὰτὸ
943 3479 1164 3557 γεγραμμένον
1187 3476 1262 3537 ’καὶ

242 3567 410 3656 ὤφθησαν
432 3563 546 3647 αὐτοῖς
567 3569 716 3654 γλῶσσαι
738 3567 845 3651 πυρὸς
866 3569 1142 3654 διαμεριζόμεναι,
1165 3571 1221 3635 καί
1244 3565 1262 3634 ό

242 3661 332 3746 οἶκος
358 3666 549 3754 ἐνεπλήσθη
578 3661 693 3750 ὥσπερ
715 3668 822 3751 πνοῆς
842 3672 970 3751 βιαίας,
1000 3670 1055 3734 καί
1078 3665 1263 3735 ἐπεκάθισε

241 3764 280 3830 τὸ
307 3766 439 3847 πνεῦμα
469 3758 519 3851 ἐφ’
545 3764 681 3831 ἕκαστον
704 3757 828 3842 αῦτιῦν,
859 3768 912 3831 καί
936 3765 1072 3832 ἐλάλουν
1094 3763 1263 3851 γλώσσαις

241 3861 283 3928 τά
311 3861 488 3946 θαυμάσια
514 3865 572 3927 τοῦ
600 3865 700 3941 θεοῦ,
731 3887 785 3928 και
813 3860 998 3942 ἕκαστος”
975 3887 1096 3981 ηκουσα
1122 3864 1162 3948 τῇ
1192 3861 1263 3949 ἰδίᾳ

202 3960 383 4047 σσγλώσση.
413 3947 497 4046 ἦσαν
519 3954 595 4025 δέ’
577 3959 646 4025 απὸ
669 3959 796 4037 παντὸς
817 3966 930 4045 γένους
950 3965 1009 4047 τῆς
1029 3956 1098 4027 ῦπὸ
1119 3962 1186 4026 τῶν
1205 3954 1263 4027 οδ-

240 4060 364 4140 ρανιῦν,
392 4057 486 4123 καὶ(
476 4058 611 4134 ἕκαστος
632 4056 690 4123 διά
709 4061 769 4123 τοῦ
791 4058 979 4141 πνεύματος
1000 4058 1257 4141 παρακαλοῦντα,

241 4154 278 4219 οἵ
301 4181 337 4221 τε
365 4151 551 4222 ἀπόστολοι
575 4154 691 4219 διὰ”
651 4179 710 4241 της
732 4155 873 4238 δωρεάς,
902 4158 955 4222 καί
977 4156 1089 4222 πάντα
1109 4157 1153 4222 τὰ
1174 4158 1310 4244 ε’θνησισ

240 4250 298 4318 διὰ
312 4255 369 4337 τῆς
384 4252 563 4340 ένηχησεως
578 4255 635 4339 τῆς
649 4255 708 4318 τοῦ
723 4256 807 4319 θεοῦ
822 4257 1019 4339 θαυμαστῆς
1034 4253 1258 4333 διδασκαλίας.
