2867 5084
196 935 261 1000 368
431 946 635 997 ειτιψκκτοα
652 945 747 995 xm
765 944 953 995 κινεῑεαετ
968 946 997 995 ε.

194 1100 343 1185 λέγουσι,
381 1095 624 1180 κρυπτάζονται
662 1097 698 1162 δὲ
731 1096 790 1160 τοῦ
829 1094 905 1162 τότε
935 1095 1117 1179 βασιλέως,
1166 1088 1225 1161 ούκ

194 1196 353 1272 έναντίως
382 1194 513 1275 έχοντσς
541 1192 627 1277 πρὸς
655 1194 712 1278 τὴν
738 1189 910 1278 Ἀρειανην
945 1194 1223 1276 δραματουργίαν,

195 1289 282 1361 ἀλλὰ
312 1293 415 1379 δῆθεν
444 1287 590 1375 εὐσεβεῖν
618 1291 817 1373 νομίζοντος.
867 1289 906 1354 τὸ
932 1288 1077 1375 μὲνγὰρ
1101 1298 1223 1372 κτίσμα

197 1386 371 1476 ὁμολογεῖν
406 1387 463 1453 τὸν
497 1388 568 1454 υἱὸν
597 1391 655 1453 τού
684 1391 767 1454 θεοῦ
801 1387 1067 1471 παραιτούμενος
1102 1381 1222 1474 ἠγανά·

171 1505 266 1557 ϋκτει
293 1490 345 1554 καὶ
377 1486 424 1564 είς
459 1481 682 1571 ύπερορισμὸν
710 1487 899 1563 κατέταξεν,
931 1481 977 1562 ῶς
1006 1483 1075 1551 ἰίνω
1100 1485 1246 1567 neoth-B

198 1585 353 1674 δηλωται.

283 1691 312 1748 4.
341 1677 509 1748 Ἐντεῦθεν
533 1675 612 1766 ἀρχὴ
635 1681 693 1766 τῆς
716 1679 874 1761 αἱρέσεως
891 1685 1060 1766 γεγένηται
1082 1682 1137 1746 καὶ
1153 1672 1221 1746 άπὸ

197 1784 255 1867 τῆς
276 1782 356 1862 μιᾶς
378 1773 576 1856 ὑποθέσεως
605 1776 651 1854 εἷς
674 1777 801 1863 πολλὴν
830 1780 936 1843 κακῶν
966 1776 1075 1864 φορὰν
1105 1772 1221 1861 ἀρθείς

199 1871 320 1963 ύάυηρ
352 1873 410 1961 τὴν
438 1875 604 1952 διάνοιαν,
640 1875 757 1952 δεινῶς
785 1880 986 1958 κατέτρωσεν
1015 1875 1135 1940 ἑαυτοῦ
1166 1873 1220 1960 τὴν

158 1992 190 2042 ῖθ
201 1973 307 2060 ψυχὴν
329 1975 383 2038 καί
406 1975 472 2039 τῶν
495 1967 583 2058 αύτῷ
605 1976 826 2038 πεισθέντων.
881 1971 1139 2059 ε’φαντασιάσθη
1162 1972 1220 2057 γάρ

199 2061 297 2149 οὗτος
319 2066 454 2153 ὕστερον
478 2069 585 2136 εἰπεῖν
608 2064 707 2147 αὐτός
730 2071 840 2135 τεκαὶ
865 2069 896 2133 οἱ
919 2064 974 2134 ὑπ’
993 2064 1095 2134 αὐτοῦ
1117 2094 1221 2154 μεμα-

199 2173 399 2255 θητευμέυοι
431 2163 484 2233 ὅτι
507 2163 620 2246 οὕτως,
646 2171 738 2253 φησί,
773 2165 830 2232 τὸν
853 2166 936 2233 θεὸν
958 2167 1146 2251 ἐπίσταμαι
1168 2192 1220 2252 τη-

198 2269 417 2351 λαυγέστατα,
452 2264 507 2331 καὶ
539 2268 698 2329 τοσοῦτον
728 2258 827 2329 αύτὸν
851 2264 1036 2347 ἐπίσταμαι
1069 2263 1125 2330 καὶ
1147 2259 1220 2330 οἶδα

199 2360 285 2431 ὥστε
306 2361 350 2448 μη
374 2363 497 2430 είύέναι
519 2359 660 2445 έμαυτὸν
683 2356 729 2439 ῶς
749 2360 829 2427 θεὸν
852 2362 999 2443 [μᾶλλον]
1025 2362 1216 2445 ἐπίσταμαι.

157 2459 283 2537 τεάλλα
306 2462 341 2526 δὲ
365 2456 428 2524 ὅσα
450 2461 527 2542 περὶ
550 2459 668 2524 τούτου
697 2453 889 2544 ἀκηκόαμεν,
918 2457 1034 2537 καθώς
1062 2460 1181 2538 δεινῶς
1201 2453 1237 2524 o‘ss

199 2557 356 2643 διάβολος
384 2553 451 2622 κατ’
483 2551 583 2621 αύτοῦ
613 2554 854 2641 ἐμηχανήσατο,
892 2555 998 2638 ψυχάς
1027 2551 1218 2643 ἀνθρώπιον

199 2658 446 2723 δελεασθέντων
478 2647 654 2718 ἀπολέσαι.
697 2655 751 2717 καῖ
780 2651 842 2737 γὰρ
871 2649 928 2720 οὐκ
959 2651 1074 2738 ἄγεται
1108 2648 1220 2732 αὐτοῖς

198 2751 278 2835 περὶ
298 2756 374 2835 βίου
397 2748 604 2832 σεμνότητος,
635 2746 673 2813 ού
703 2753 782 2834 περὶ
804 2754 972 2836 νηστειῶν,
1006 2745 1045 2816 ού
1069 2754 1150 2837 περὶ
1173 2750 1221 2818 έν·

197 2848 373 2931 ταλμάτων
401 2849 501 2923 θεοῦ,
535 2844 574 2912 οὐ
603 2853 682 2931 περί
710 2872 800 2926 τινος
829 2848 941 2932 έ-τέρου
971 2852 1037 2913 τῶν
1066 2848 1115 2927 είς
1139 2847 1220 2935 ζωην

155 2943 398 3029 οοάνθριύποις
421 2943 454 3008 έκ
477 2947 559 3009 θεοῦ
582 2950 887 3028 προστεταγμένων,
917 2940 938 3030 ἢ
959 2944 1063 3028 μόνον
1088 2945 1223 3029 πράγει·

199 3067 256 3128 ρος
279 3038 393 3118 αὐτοῖς
417 3036 434 3105 ὁ
458 3039 554 3124 λόγος
577 3039 617 3107 δι’
636 3041 709 3120 ἑνὸς
731 3042 876 3127 ῥήματος
898 3043 937 3107 τὸ
953 3045 1031 3121 πᾶν,
1066 3039 1113 3121 ὡς
1129 3045 1162 3110 εί
1176 3066 1223 3121 τις

199 3136 269 3208 άπὸ
297 3139 374 3227 νηὸς
402 3138 507 3223 ῥίψας
535 3145 589 3204 καὶ
616 3139 675 3225 την
704 3144 817 3205 πᾶσαν
845 3140 981 3226 ίκβολην
1010 3143 1069 3205 τοῦ
1099 3136 1223 3217 παντὸς

199 3238 326 3324 φόρτου
355 3236 515 3322 ποιήσας,
540 3236 694 3323 κατάσχῃ
724 3238 760 3302 δὲ
788 3237 822 3302 έν
844 3263 877 3302 τι
900 3240 965 3303 τῶν
988 3235 1022 3303 έν
1044 3240 1092 3323 τῷ
1116 3239 1222 3322 πλοίῳ

200 3336 464 3419 ἐμβεβλημένον,
498 3334 641 3417 κεράμου
669 3340 705 3399 τέ
728 3358 829 3420 φημι,
865 3332 995 3420 ἤτινος
1019 3333 1151 3420 ἑτέρου,
1180 3329 1223 3412 ὦς

154 3434 368 3508 γεύύνασθαι
403 3432 434 3496 δι
474 3431 547 3509 ἑνὸς
575 3431 708 3509 σκεύους
737 3430 794 3496 τὸν
827 3431 939 3497 πάντα
961 3430 1087 3498 πόντον
1111 3431 1221 3516 δισνη·

200 3531 327 3608 ξασθαι
349 3531 402 3594 καί
426 3535 590 3613 σωτηρίαν
616 3528 722 3613 ἑαυτῷ
740 3534 1053 3612 προσπορίσασθαι,
1080 3533 1222 3619 σφαλέν·

199 3650 256 3705 τος
279 3628 314 3692 δὲ
336 3630 393 3693 τοῦ
416 3626 569 3693 τοιούτου
591 3629 644 3691 καὶ
668 3620 726 3707 σύχ
749 3620 794 3703 ῶς
816 3621 1029 3711 ὑπελάμβανε
1059 3627 1140 3714 περὶ
1166 3628 1221 3694 τού

198 3724 282 3807 μετὰ
302 3734 397 3807 χεῖρα
419 3722 552 3800 σκεύους
579 3722 618 3787 τὸ
641 3728 746 3806 πέρας
768 3718 936 3807 εύρόντος,
976 3720 1114 3809 ὕστερον
1138 3720 1221 3791 ὑπο·

198 3827 332 3906 βρυχίου
355 3819 534 3904 γεγονότος,
559 3819 709 3887 ἐκπεσεῖν
730 3823 786 3906 τῆς
802 3820 913 3907 πάσης
935 3829 1167 3906 πραγματείας
1189 3846 1221 3889 τε

154 3921 251 3989 συκαῖ
281 3923 460 4003 σωτηρίας·
494 3913 580 3983 ούτω
615 3922 669 3984 καὶ
704 3906 800 3994 οὗτος
828 3913 846 3983 ὁ
873 3912 1001 3997 Ἀέτιος
1034 3923 1090 3986 καὶ
1128 3921 1161 3987 οἱ
1190 3919 1223 3999 έξ

200 4011 301 4081 αὐτοῦ
321 4009 493 4098 Ἀνόμοιοι
527 4015 574 4092 είς
594 4020 696 4098 μέσον
719 4021 876 4100 φέροντες
908 4015 947 4081 τὸ
969 4016 1070 4104 ῥητὸν
1093 4015 1133 4083 τὸ
1156 4014 1221 4085 ὑπὸ

198 4115 258 4178 τοῦ
280 4118 392 4194 κυρίου
415 4112 448 4179 ἒν
471 4115 517 4197 τῷ
547 4107 722 4196 εὐαγγελίῳ
757 4112 925 4199 εἰρημένον
957 4115 1016 4201 τὴν
1044 4115 1107 4199 μὲν
1136 4117 1222 4196 λέξιν

198 4205 410 4296 ύιμηγούνται,
433 4210 490 4296 την
507 4212 543 4277 δὲ
559 4204 659 4296 αὐτῆς
674 4208 813 4292 δύναμιν
829 4205 887 4276 οὐκ
903 4205 1017 4294 ὀρθῶς
1033 4218 1223 4298 κατέχοντες
