<?xml version="1.0" encoding="UTF-8"?>
<!DOCTYPE html PUBLIC "-//W3C//DTD XHTML 1.0 Transitional//EN"
    "http://www.w3.org/TR/xhtml1/DTD/xhtml1-transitional.dtd">
<html xmlns="http://www.w3.org/1999/xhtml" xml:lang="en" lang="en">
 <head>
  <title>
</title>
<meta http-equiv="Content-Type" content="text/html;charset=utf-8" />
  <meta name='ocr-system' content='tesseract 3.04.00' />
  <meta name='ocr-capabilities' content='ocr_page ocr_carea ocr_par ocr_line ocrx_word'/>
</head>
<body>
  <div class='ocr_page' id='page_1' title='image "./opera01dindgoog_0212.png"; bbox 0 0 2867 5084; ppageno 0'>
   <div class='ocr_carea' id='block_1_1' title="bbox 283 985 1077 1049">
    <p class='ocr_par' dir='ltr' id='par_1_1' title="bbox 283 985 1077 1049">
     <span class='ocr_line' id='line_1_1' title="bbox 283 985 1077 1049; baseline 0.003 -3"><span class='ocrx_word' id='word_1_1' title='bbox 283 985 345 1046; x_wconf 84' lang='lat'><em>190</em></span> <span class='ocrx_word' id='word_1_2' title='bbox 511 997 711 1046; x_wconf 72' lang='grc' dir='ltr'><em>Επιινκνιον</em></span> <span class='ocrx_word' id='word_1_3' title='bbox 728 997 1028 1048; x_wconf 68' lang='lat' dir='ltr'><strong><em>mmmmm</em></strong></span> <span class='ocrx_word' id='word_1_4' title='bbox 1045 1001 1077 1049; x_wconf 82' lang='lat' dir='ltr'><em>B.</em></span> 
     </span>
    </p>
   </div>
   <div class='ocr_carea' id='block_1_2' title="bbox 244 1143 1347 4348">
    <p class='ocr_par' dir='ltr' id='par_1_2' title="bbox 244 1143 1347 4348">
     <span class='ocr_line' id='line_1_2' title="bbox 281 1143 1303 1236; baseline 0.001 -22"><span class='ocrx_word' id='word_1_5' title='bbox 281 1147 435 1236; x_wconf 80' lang='grc' dir='ltr'><em>θνήσκει,</em></span> <span class='ocrx_word' id='word_1_6' title='bbox 466 1153 563 1236; x_wconf 80' lang='grc' dir='ltr'><em>φησὶ,</em></span> <span class='ocrx_word' id='word_1_7' title='bbox 593 1148 741 1226; x_wconf 87' lang='grc' dir='ltr'><em>θάνατος</em></span> <span class='ocrx_word' id='word_1_8' title='bbox 769 1145 870 1215; x_wconf 88' lang='grc' dir='ltr'><em>αῦτοῦ</em></span> <span class='ocrx_word' id='word_1_9' title='bbox 901 1143 1009 1214; x_wconf 82' lang='grc' dir='ltr'><em>οῦκίτι</em></span> <span class='ocrx_word' id='word_1_10' title='bbox 1034 1150 1187 1232; x_wconf 77' lang='grc' dir='ltr'><strong><em>κυριεύει.</em></strong></span> <span class='ocrx_word' id='word_1_11' title='bbox 1234 1152 1303 1217; x_wconf 76' lang='grc' dir='ltr'><em>ἔστι</em></span> 
     </span>
     <span class='ocr_line' id='line_1_3' title="bbox 282 1242 1347 1335; baseline 0 -23"><span class='ocrx_word' id='word_1_12' title='bbox 282 1247 342 1332; x_wconf 86' lang='grc' dir='ltr'><em>γάρ</em></span> <span class='ocrx_word' id='word_1_13' title='bbox 367 1243 414 1325; x_wconf 75' lang='grc' dir='ltr'><em>εἷς</em></span> <span class='ocrx_word' id='word_1_14' title='bbox 436 1247 555 1330; x_wconf 78' lang='grc' dir='ltr'><em>κύριος,</em></span> <span class='ocrx_word' id='word_1_15' title='bbox 581 1242 627 1324; x_wconf 82' lang='grc' dir='ltr'><em>εἷς</em></span> <span class='ocrx_word' id='word_1_16' title='bbox 642 1248 800 1329; x_wconf 81' lang='grc' dir='ltr'><em>Χριστὸς,</em></span> <span class='ocrx_word' id='word_1_17' title='bbox 825 1242 873 1323; x_wconf 75' lang='grc' dir='ltr'><em>εἷς</em></span> <span class='ocrx_word' id='word_1_18' title='bbox 887 1245 1053 1329; x_wconf 80' lang='grc' dir='ltr'><em>βασιλεὺς,</em></span> <span class='ocrx_word' id='word_1_19' title='bbox 1078 1247 1113 1313; x_wconf 83' lang='grc' dir='ltr'><em>ίν</em></span> <span class='ocrx_word' id='word_1_20' title='bbox 1129 1249 1223 1335; x_wconf 80' lang='grc' dir='ltr'><em>δεξιᾷ</em></span> <span class='ocrx_word' id='word_1_21' title='bbox 1240 1250 1347 1313; x_wconf 70' lang='lat' dir='ltr'><em>fta-³05</em></span> 
     </span>
     <span class='ocr_line' id='line_1_4' title="bbox 282 1343 1307 1430; baseline 0.002 -22"><span class='ocrx_word' id='word_1_22' title='bbox 282 1344 360 1425; x_wconf 87' lang='grc' dir='ltr'><em>τρὸς</em></span> <span class='ocrx_word' id='word_1_23' title='bbox 382 1344 583 1429; x_wconf 89' lang='grc' dir='ltr'><em>καθήμενος,</em></span> <span class='ocrx_word' id='word_1_24' title='bbox 611 1343 650 1408; x_wconf 87' lang='grc' dir='ltr'><em>τὸ</em></span> <span class='ocrx_word' id='word_1_25' title='bbox 673 1343 878 1427; x_wconf 86' lang='grc' dir='ltr'><em>σωματικὸν,</em></span> <span class='ocrx_word' id='word_1_26' title='bbox 901 1348 954 1408; x_wconf 86' lang='grc' dir='ltr'><em>καὶ</em></span> <span class='ocrx_word' id='word_1_27' title='bbox 978 1344 1218 1426; x_wconf 80' lang='grc' dir='ltr'><em>πνευματικόν,</em></span> <span class='ocrx_word' id='word_1_28' title='bbox 1248 1353 1307 1430; x_wconf 86' lang='grc' dir='ltr'><em>μία</em></span> 
     </span>
     <span class='ocr_line' id='line_1_5' title="bbox 285 1439 1306 1529; baseline 0 -21"><span class='ocrx_word' id='word_1_29' title='bbox 285 1443 410 1520; x_wconf 72' lang='grc' dir='ltr'><em>ἕνωσις,</em></span> <span class='ocrx_word' id='word_1_30' title='bbox 433 1451 494 1525; x_wconf 90' lang='grc' dir='ltr'><em>μία</em></span> <span class='ocrx_word' id='word_1_31' title='bbox 517 1443 639 1528; x_wconf 75' lang='grc' dir='ltr'><em>θεόν-ης</em></span> <span class='ocrx_word' id='word_1_32' title='bbox 661 1441 875 1526; x_wconf 87' lang='grc' dir='ltr'><em>πνευματική,</em></span> <span class='ocrx_word' id='word_1_33' title='bbox 899 1440 941 1506; x_wconf 88' lang='grc' dir='ltr'><em>τά</em></span> <span class='ocrx_word' id='word_1_34' title='bbox 958 1439 1132 1527; x_wconf 81' lang='grc' dir='ltr'><em>ἀμφότερα</em></span> <span class='ocrx_word' id='word_1_35' title='bbox 1148 1443 1306 1529; x_wconf 76' lang='grc' dir='ltr'><em>φωτεινὰ,</em></span> 
     </span>
     <span class='ocr_line' id='line_1_6' title="bbox 259 1535 1310 1623; baseline 0.005 -21"><span class='ocrx_word' id='word_1_36' title='bbox 259 1541 337 1604; x_wconf 69' lang='grc' dir='ltr'><em>5καὶ</em></span> <span class='ocrx_word' id='word_1_37' title='bbox 367 1541 491 1618; x_wconf 73' lang='grc' dir='ltr'><em>ἔνδοξα.</em></span> <span class='ocrx_word' id='word_1_38' title='bbox 538 1540 587 1606; x_wconf 79' lang='grc' dir='ltr'><em>’ἐτι</em></span> <span class='ocrx_word' id='word_1_39' title='bbox 616 1541 651 1605; x_wconf 81' lang='grc' dir='ltr'><em>δὲ</em></span> <span class='ocrx_word' id='word_1_40' title='bbox 677 1535 905 1621; x_wconf 74' lang='grc' dir='ltr'><em>ὑπερβήσομαι</em></span> <span class='ocrx_word' id='word_1_41' title='bbox 926 1537 966 1602; x_wconf 83' lang='grc' dir='ltr'><em>τὸ</em></span> <span class='ocrx_word' id='word_1_42' title='bbox 989 1538 1087 1623; x_wconf 88' lang='grc' dir='ltr'><em>ῥητὸν</em></span> <span class='ocrx_word' id='word_1_43' title='bbox 1112 1540 1235 1617; x_wconf 70' lang='grc' dir='ltr'><em>ἱκανῶς</em></span> <span class='ocrx_word' id='word_1_44' title='bbox 1258 1540 1310 1623; x_wconf 78' lang='grc' dir='ltr'><em>ἕρ·</em></span> 
     </span>
     <span class='ocr_line' id='line_1_7' title="bbox 282 1632 1312 1723; baseline 0.001 -22"><span class='ocrx_word' id='word_1_45' title='bbox 282 1637 503 1723; x_wconf 86' lang='grc' dir='ltr'><em>μηνευόμενσν</em></span> <span class='ocrx_word' id='word_1_46' title='bbox 527 1637 682 1719; x_wconf 75' lang='grc' dir='ltr'><em>νομίζων,</em></span> <span class='ocrx_word' id='word_1_47' title='bbox 710 1638 764 1701; x_wconf 81' lang='grc' dir='ltr'><em>καί</em></span> <span class='ocrx_word' id='word_1_48' title='bbox 788 1635 843 1701; x_wconf 78' lang='grc' dir='ltr'><em>ἐπὶ</em></span> <span class='ocrx_word' id='word_1_49' title='bbox 867 1635 909 1700; x_wconf 88' lang='grc' dir='ltr'><em>τὰ</em></span> <span class='ocrx_word' id='word_1_50' title='bbox 932 1636 1025 1718; x_wconf 74' lang='grc' dir='ltr'><em>ἕτερα</em></span> <span class='ocrx_word' id='word_1_51' title='bbox 1047 1639 1105 1721; x_wconf 86' lang='grc' dir='ltr'><em>τής</em></span> <span class='ocrx_word' id='word_1_52' title='bbox 1128 1632 1242 1703; x_wconf 78' lang='grc' dir='ltr'><em>αὐτῶν</em></span> <span class='ocrx_word' id='word_1_53' title='bbox 1266 1639 1312 1716; x_wconf 87' lang='grc' dir='ltr'><em>είς</em></span> 
     </span>
     <span class='ocr_line' id='line_1_8' title="bbox 283 1730 1314 1819; baseline 0.003 -20"><span class='ocrx_word' id='word_1_54' title='bbox 283 1733 474 1819; x_wconf 82' lang='grc' dir='ltr'><em>ἀιατροπήν</em></span> <span class='ocrx_word' id='word_1_55' title='bbox 497 1738 562 1798; x_wconf 86' lang='grc' dir='ltr'><em>τῶν</em></span> <span class='ocrx_word' id='word_1_56' title='bbox 581 1730 767 1799; x_wconf 78' lang='grc' dir='ltr'><em>ἀκουόντων</em></span> <span class='ocrx_word' id='word_1_57' title='bbox 785 1733 1021 1818; x_wconf 74' lang='grc' dir='ltr'><em>ἐπινενοημένα</em></span> <span class='ocrx_word' id='word_1_58' title='bbox 1035 1736 1093 1798; x_wconf 91' lang='grc' dir='ltr'><em>τοῦ</em></span> <span class='ocrx_word' id='word_1_59' title='bbox 1111 1734 1220 1818; x_wconf 79' lang='grc' dir='ltr'><em>λέγειν</em></span> <span class='ocrx_word' id='word_1_60' title='bbox 1237 1734 1314 1802; x_wconf 76' lang='grc' dir='ltr'><em>ἐπι·</em></span> 
     </span>
     <span class='ocr_line' id='line_1_9' title="bbox 284 1831 430 1914; baseline -0.007 -19"><span class='ocrx_word' id='word_1_61' title='bbox 284 1831 430 1914; x_wconf 69' lang='grc' dir='ltr'><em>λάβοιμι.</em></span> 
     </span>
     <span class='ocr_line' id='line_1_10' title="bbox 371 1921 1316 2014; baseline 0.003 -21"><span class='ocrx_word' id='word_1_62' title='bbox 371 1934 421 1993; x_wconf 76' lang='grc'><em>43.</em></span> <span class='ocrx_word' id='word_1_63' title='bbox 455 1929 544 1991; x_wconf 75' lang='grc' dir='ltr'><em>Φασὶ</em></span> <span class='ocrx_word' id='word_1_64' title='bbox 567 1926 628 2010; x_wconf 88' lang='grc' dir='ltr'><em>γάρ</em></span> <span class='ocrx_word' id='word_1_65' title='bbox 657 1927 777 2006; x_wconf 82' lang='grc' dir='ltr'><em>πάλιν,</em></span> <span class='ocrx_word' id='word_1_66' title='bbox 807 1927 837 1993; x_wconf 87' lang='grc' dir='ltr'><em>εἷ</em></span> <span class='ocrx_word' id='word_1_67' title='bbox 861 1928 951 1994; x_wconf 72' lang='grc' dir='ltr'><em>ἔστιν</em></span> <span class='ocrx_word' id='word_1_68' title='bbox 973 1927 1008 1995; x_wconf 72' lang='grc' dir='ltr'><em>ἐκ</em></span> <span class='ocrx_word' id='word_1_69' title='bbox 1028 1931 1087 2014; x_wconf 87' lang='grc' dir='ltr'><em>τής</em></span> <span class='ocrx_word' id='word_1_70' title='bbox 1108 1921 1232 2008; x_wconf 87' lang='grc' dir='ltr'><em>οῦσίας</em></span> <span class='ocrx_word' id='word_1_71' title='bbox 1253 1933 1316 1996; x_wconf 90' lang='grc' dir='ltr'><em>τοῦ</em></span> 
     </span>
     <span class='ocr_line' id='line_1_11' title="bbox 245 2018 1317 2110; baseline 0.006 -23"><span class='ocrx_word' id='word_1_72' title='bbox 245 2038 275 2087; x_wconf 78' lang='lat'><em>1⁰</em></span> <span class='ocrx_word' id='word_1_73' title='bbox 284 2024 420 2108; x_wconf 87' lang='grc' dir='ltr'><em>πατρὸς,</em></span> <span class='ocrx_word' id='word_1_74' title='bbox 446 2027 519 2102; x_wconf 82' lang='grc' dir='ltr'><em>πῶς</em></span> <span class='ocrx_word' id='word_1_75' title='bbox 542 2020 600 2088; x_wconf 86' lang='grc' dir='ltr'><em>οῦκ</em></span> <span class='ocrx_word' id='word_1_76' title='bbox 623 2018 693 2090; x_wconf 76' lang='grc' dir='ltr'><em>οἶδε</em></span> <span class='ocrx_word' id='word_1_77' title='bbox 714 2024 773 2110; x_wconf 88' lang='grc' dir='ltr'><em>τήν</em></span> <span class='ocrx_word' id='word_1_78' title='bbox 797 2020 885 2108; x_wconf 77' lang='grc' dir='ltr'><em>ὤραν</em></span> <span class='ocrx_word' id='word_1_79' title='bbox 907 2028 960 2090; x_wconf 81' lang='grc' dir='ltr'><em>καὶ</em></span> <span class='ocrx_word' id='word_1_80' title='bbox 984 2025 1041 2110; x_wconf 85' lang='grc' dir='ltr'><em>τήν</em></span> <span class='ocrx_word' id='word_1_81' title='bbox 1063 2020 1200 2110; x_wconf 80' lang='grc' dir='ltr'><em>ἡμέραν,</em></span> <span class='ocrx_word' id='word_1_82' title='bbox 1227 2021 1317 2093; x_wconf 81' lang='grc' dir='ltr'><em>ἀλλὰ</em></span> 
     </span>
     <span class='ocr_line' id='line_1_12' title="bbox 285 2118 1320 2209; baseline 0.003 -21"><span class='ocrx_word' id='word_1_83' title='bbox 285 2121 359 2209; x_wconf 76' lang='grc' dir='ltr'><em>ἰδίην</em></span> <span class='ocrx_word' id='word_1_84' title='bbox 382 2121 467 2207; x_wconf 81' lang='grc' dir='ltr'><em>λόγῳ</em></span> <span class='ocrx_word' id='word_1_85' title='bbox 491 2118 647 2204; x_wconf 81' lang='grc' dir='ltr'><em>ὁμολογεῖ</em></span> <span class='ocrx_word' id='word_1_86' title='bbox 668 2131 741 2198; x_wconf 80' lang='grc' dir='ltr'><em>τοῖς</em></span> <span class='ocrx_word' id='word_1_87' title='bbox 762 2129 933 2207; x_wconf 85' lang='grc' dir='ltr'><em>μαθηταῖς</em></span> <span class='ocrx_word' id='word_1_88' title='bbox 954 2123 997 2208; x_wconf 93' lang='grc' dir='ltr'><em>μή</em></span> <span class='ocrx_word' id='word_1_89' title='bbox 1022 2123 1144 2188; x_wconf 78' lang='grc' dir='ltr'><em>εἰδέναι</em></span> <span class='ocrx_word' id='word_1_90' title='bbox 1167 2120 1320 2191; x_wconf 82' lang='grc' dir='ltr'><em>ἀδπα-</em></span> 
     </span>
     <span class='ocr_line' id='line_1_13' title="bbox 283 2214 1317 2307; baseline 0.004 -23"><span class='ocrx_word' id='word_1_91' title='bbox 283 2220 343 2306; x_wconf 85' lang='grc' dir='ltr'><em>τήρ</em></span> <span class='ocrx_word' id='word_1_92' title='bbox 367 2219 555 2295; x_wconf 76' lang='grc' dir='ltr'><em>ἐπίσταται,</em></span> <span class='ocrx_word' id='word_1_93' title='bbox 581 2217 699 2304; x_wconf 91' lang='grc' dir='ltr'><em>φήσας,</em></span> <span class='ocrx_word' id='word_1_94' title='bbox 726 2214 777 2282; x_wconf 84' lang='grc' dir='ltr'><em>ὅτι</em></span> <span class='ocrx_word' id='word_1_95' title='bbox 800 2219 878 2302; x_wconf 87' lang='grc' dir='ltr'><em>περὶ</em></span> <span class='ocrx_word' id='word_1_96' title='bbox 900 2223 958 2304; x_wconf 82' lang='grc' dir='ltr'><em>τής</em></span> <span class='ocrx_word' id='word_1_97' title='bbox 977 2216 1099 2305; x_wconf 75' lang='grc' dir='ltr'><em>ἡμέρας</em></span> <span class='ocrx_word' id='word_1_98' title='bbox 1115 2219 1244 2307; x_wconf 69' lang='grc' dir='ltr'><em>ἐκείνης</em></span> <span class='ocrx_word' id='word_1_99' title='bbox 1259 2225 1317 2288; x_wconf 79' lang='grc' dir='ltr'><em>καί</em></span> 
     </span>
     <span class='ocr_line' id='line_1_14' title="bbox 283 2311 1319 2404; baseline 0.005 -23"><span class='ocrx_word' id='word_1_100' title='bbox 283 2321 341 2403; x_wconf 76' lang='grc' dir='ltr'><em>τῆς</em></span> <span class='ocrx_word' id='word_1_101' title='bbox 364 2313 452 2401; x_wconf 78' lang='grc' dir='ltr'><em>ὥρας</em></span> <span class='ocrx_word' id='word_1_102' title='bbox 474 2313 583 2394; x_wconf 81' lang='grc' dir='ltr'><em>οὐδεὶς</em></span> <span class='ocrx_word' id='word_1_103' title='bbox 606 2311 704 2392; x_wconf 75' lang='grc' dir='ltr'><em>οἶδεν,</em></span> <span class='ocrx_word' id='word_1_104' title='bbox 729 2313 806 2381; x_wconf 78' lang='grc' dir='ltr'><em>οὔτε</em></span> <span class='ocrx_word' id='word_1_105' title='bbox 821 2317 853 2380; x_wconf 78' lang='grc' dir='ltr'><em>οἱ</em></span> <span class='ocrx_word' id='word_1_106' title='bbox 869 2313 1001 2401; x_wconf 78' lang='grc' dir='ltr'><em>ἀγγείου</em></span> <span class='ocrx_word' id='word_1_107' title='bbox 1018 2316 1051 2381; x_wconf 77' lang='grc' dir='ltr'><em>ἐν</em></span> <span class='ocrx_word' id='word_1_108' title='bbox 1066 2312 1210 2404; x_wconf 79' lang='grc' dir='ltr'><em>οὐρανῷ,</em></span> <span class='ocrx_word' id='word_1_109' title='bbox 1236 2316 1319 2386; x_wconf 74' lang='grc' dir='ltr'><em>οῦτε</em></span> 
     </span>
     <span class='ocr_line' id='line_1_15' title="bbox 284 2409 1346 2500; baseline 0.003 -21"><span class='ocrx_word' id='word_1_110' title='bbox 284 2410 301 2479; x_wconf 84' lang='grc' dir='ltr'>ὁ</span> <span class='ocrx_word' id='word_1_111' title='bbox 325 2413 404 2492; x_wconf 81' lang='grc' dir='ltr'><em>υἱὸς,</em></span> <span class='ocrx_word' id='word_1_112' title='bbox 430 2414 459 2480; x_wconf 82' lang='grc' dir='ltr'><em>εἰ</em></span> <span class='ocrx_word' id='word_1_113' title='bbox 480 2414 523 2500; x_wconf 90' lang='grc' dir='ltr'><em>μή</em></span> <span class='ocrx_word' id='word_1_114' title='bbox 548 2409 565 2478; x_wconf 85' lang='grc' dir='ltr'><em>ὃ</em></span> <span class='ocrx_word' id='word_1_115' title='bbox 589 2413 698 2498; x_wconf 83' lang='grc' dir='ltr'><em>πατήρ</em></span> <span class='ocrx_word' id='word_1_116' title='bbox 721 2411 839 2493; x_wconf 83' lang='grc' dir='ltr'><em>μόνος,·</em></span> <span class='ocrx_word' id='word_1_117' title='bbox 863 2413 892 2477; x_wconf 85' lang='grc' dir='ltr'><em>εί</em></span> <span class='ocrx_word' id='word_1_118' title='bbox 914 2420 1033 2491; x_wconf 86' lang='grc' dir='ltr'><em>τοίνυν,</em></span> <span class='ocrx_word' id='word_1_119' title='bbox 1059 2417 1171 2498; x_wconf 79' lang='grc' dir='ltr'><em>φασὶν,</em></span> <span class='ocrx_word' id='word_1_120' title='bbox 1199 2410 1219 2480; x_wconf 83' lang='grc' dir='ltr'><em>δ</em></span> <span class='ocrx_word' id='word_1_121' title='bbox 1243 2437 1346 2486; x_wconf 72' lang='grc' dir='ltr'><em>ιτα-ε</em></span> 
     </span>
     <span class='ocr_line' id='line_1_16' title="bbox 244 2504 1318 2598; baseline 0.006 -24"><span class='ocrx_word' id='word_1_122' title='bbox 244 2514 342 2597; x_wconf 82' lang='grc' dir='ltr'><em>15τήρ</em></span> <span class='ocrx_word' id='word_1_123' title='bbox 366 2507 444 2588; x_wconf 72' lang='grc' dir='ltr'><em>οἶδε,</em></span> <span class='ocrx_word' id='word_1_124' title='bbox 468 2514 523 2576; x_wconf 84' lang='grc' dir='ltr'><em>καί</em></span> <span class='ocrx_word' id='word_1_125' title='bbox 546 2505 643 2588; x_wconf 79' lang='grc' dir='ltr'><em>αὐτὸς</em></span> <span class='ocrx_word' id='word_1_126' title='bbox 667 2504 725 2574; x_wconf 84' lang='grc' dir='ltr'><em>σῦκ</em></span> <span class='ocrx_word' id='word_1_127' title='bbox 745 2504 824 2586; x_wconf 71' lang='grc' dir='ltr'><em>οἶδε,</em></span> <span class='ocrx_word' id='word_1_128' title='bbox 849 2513 923 2587; x_wconf 82' lang='grc' dir='ltr'><em>πῶς</em></span> <span class='ocrx_word' id='word_1_129' title='bbox 939 2509 1074 2574; x_wconf 83' lang='grc' dir='ltr'><em>δύναται</em></span> <span class='ocrx_word' id='word_1_130' title='bbox 1089 2506 1108 2594; x_wconf 88' lang='grc' dir='ltr'><em>ή</em></span> <span class='ocrx_word' id='word_1_131' title='bbox 1125 2506 1208 2598; x_wconf 84' lang='grc' dir='ltr'><em>αῦτή</em></span> <span class='ocrx_word' id='word_1_132' title='bbox 1226 2514 1318 2580; x_wconf 82' lang='grc' dir='ltr'><em>θεό-</em></span> 
     </span>
     <span class='ocr_line' id='line_1_17' title="bbox 282 2601 1315 2698; baseline 0.003 -26"><span class='ocrx_word' id='word_1_133' title='bbox 282 2633 340 2690; x_wconf 86' lang='grc' dir='ltr'><em>της</em></span> <span class='ocrx_word' id='word_1_134' title='bbox 363 2609 490 2689; x_wconf 88' lang='grc' dir='ltr'><em>πατρὸς</em></span> <span class='ocrx_word' id='word_1_135' title='bbox 512 2610 564 2672; x_wconf 81' lang='grc' dir='ltr'><em>καὶ</em></span> <span class='ocrx_word' id='word_1_136' title='bbox 588 2607 661 2671; x_wconf 76' lang='grc' dir='ltr'><em>οἱοῦ</em></span> <span class='ocrx_word' id='word_1_137' title='bbox 683 2601 851 2689; x_wconf 81' lang='grc' dir='ltr'><em>ὑπάρχειν,</em></span> <span class='ocrx_word' id='word_1_138' title='bbox 877 2602 981 2673; x_wconf 88' lang='grc' dir='ltr'><em>ὁπότε</em></span> <span class='ocrx_word' id='word_1_139' title='bbox 1004 2605 1025 2672; x_wconf 80' lang='grc' dir='ltr'><em>ἃ</em></span> <span class='ocrx_word' id='word_1_140' title='bbox 1047 2602 1135 2674; x_wconf 78' lang='grc' dir='ltr'><em>οἶδεν</em></span> <span class='ocrx_word' id='word_1_141' title='bbox 1156 2603 1176 2672; x_wconf 85' lang='grc' dir='ltr'><em>δ</em></span> <span class='ocrx_word' id='word_1_142' title='bbox 1194 2611 1315 2698; x_wconf 79' lang='grc' dir='ltr'><em>πατὴρ</em></span> 
     </span>
     <span class='ocr_line' id='line_1_18' title="bbox 283 2700 1315 2792; baseline 0.005 -24"><span class='ocrx_word' id='word_1_143' title='bbox 283 2701 301 2768; x_wconf 86' lang='grc' dir='ltr'><em>ὁ</em></span> <span class='ocrx_word' id='word_1_144' title='bbox 325 2706 395 2782; x_wconf 81' lang='grc' dir='ltr'><em>υίὸς</em></span> <span class='ocrx_word' id='word_1_145' title='bbox 417 2701 547 2788; x_wconf 85' lang='grc' dir='ltr'><em>ἀγνοεῖ,·</em></span> <span class='ocrx_word' id='word_1_146' title='bbox 571 2700 634 2769; x_wconf 84' lang='grc' dir='ltr'><em>ὅσα</em></span> <span class='ocrx_word' id='word_1_147' title='bbox 658 2704 693 2769; x_wconf 86' lang='grc' dir='ltr'><em>δὲ</em></span> <span class='ocrx_word' id='word_1_148' title='bbox 715 2707 895 2786; x_wconf 80' lang='grc' dir='ltr'><em>μυστικῶς,</em></span> <span class='ocrx_word' id='word_1_149' title='bbox 920 2707 972 2769; x_wconf 89' lang='grc' dir='ltr'><em>καί</em></span> <span class='ocrx_word' id='word_1_150' title='bbox 997 2705 1031 2770; x_wconf 76' lang='grc' dir='ltr'><em>ἐν</em></span> <span class='ocrx_word' id='word_1_151' title='bbox 1052 2709 1091 2790; x_wconf 80' lang='grc' dir='ltr'><em>τῆ</em></span> <span class='ocrx_word' id='word_1_152' title='bbox 1115 2705 1226 2792; x_wconf 76' lang='grc' dir='ltr'><em>δνθίῳ</em></span> <span class='ocrx_word' id='word_1_153' title='bbox 1249 2703 1315 2773; x_wconf 78' lang='grc' dir='ltr'><em>αὖ·</em></span> 
     </span>
     <span class='ocr_line' id='line_1_19' title="bbox 283 2796 1319 2891; baseline 0.005 -26"><span class='ocrx_word' id='word_1_154' title='bbox 283 2806 342 2865; x_wconf 86' lang='grc' dir='ltr'><em>τοῦ</em></span> <span class='ocrx_word' id='word_1_155' title='bbox 366 2808 486 2887; x_wconf 78' lang='grc' dir='ltr'><em>σοφίη,</em></span> <span class='ocrx_word' id='word_1_156' title='bbox 517 2800 603 2884; x_wconf 88' lang='grc' dir='ltr'><em>πρὸς</em></span> <span class='ocrx_word' id='word_1_157' title='bbox 625 2796 813 2886; x_wconf 82' lang='grc' dir='ltr'><em>ἀσφάλειαν</em></span> <span class='ocrx_word' id='word_1_158' title='bbox 835 2800 988 2884; x_wconf 83' lang='grc' dir='ltr'><em>γνώσεως</em></span> <span class='ocrx_word' id='word_1_159' title='bbox 1009 2797 1261 2891; x_wconf 83' lang='grc' dir='ltr'><em>άληθεστάτης,</em></span> <span class='ocrx_word' id='word_1_160' title='bbox 1298 2800 1319 2870; x_wconf 81' lang='grc' dir='ltr'><em>ὃ</em></span> 
     </span>
     <span class='ocr_line' id='line_1_20' title="bbox 284 2888 1320 2983; baseline 0.007 -22"><span class='ocrx_word' id='word_1_161' title='bbox 284 2896 460 2983; x_wconf 80' lang='grc' dir='ltr'><em>μονογενής</em></span> <span class='ocrx_word' id='word_1_162' title='bbox 483 2897 648 2963; x_wconf 78' lang='grc' dir='ltr'><em>διδάσκων</em></span> <span class='ocrx_word' id='word_1_163' title='bbox 671 2894 838 2983; x_wconf 82' lang='grc' dir='ltr'><em>ὑφηγεῖτο,</em></span> <span class='ocrx_word' id='word_1_164' title='bbox 863 2888 957 2963; x_wconf 81' lang='grc' dir='ltr'><em>οὗτοι</em></span> <span class='ocrx_word' id='word_1_165' title='bbox 980 2897 1173 2981; x_wconf 76' lang='grc' dir='ltr'><em>ἀγνοοῦντες</em></span> <span class='ocrx_word' id='word_1_166' title='bbox 1193 2901 1239 2966; x_wconf 83' lang='grc' dir='ltr'><em>τά</em></span> <span class='ocrx_word' id='word_1_167' title='bbox 1253 2896 1320 2968; x_wconf 86' lang='grc' dir='ltr'><em>ἀν-</em></span> 
     </span>
     <span class='ocr_line' id='line_1_21' title="bbox 244 2993 1321 3081; baseline 0.007 -23"><span class='ocrx_word' id='word_1_168' title='bbox 244 2999 525 3080; x_wconf 64' lang='grc' dir='ltr'><em>Ἇίθρωποπαθή,</em></span> <span class='ocrx_word' id='word_1_169' title='bbox 556 2995 666 3060; x_wconf 90' lang='grc' dir='ltr'><em>πάντα</em></span> <span class='ocrx_word' id='word_1_170' title='bbox 689 2994 737 3071; x_wconf 86' lang='grc' dir='ltr'><em>είς</em></span> <span class='ocrx_word' id='word_1_171' title='bbox 759 2994 884 3059; x_wconf 81' lang='grc' dir='ltr'><em>ἑαυτῶν</em></span> <span class='ocrx_word' id='word_1_172' title='bbox 905 2994 1047 3080; x_wconf 74' lang='grc' dir='ltr'><em>βλάβην,</em></span> <span class='ocrx_word' id='word_1_173' title='bbox 1078 2993 1193 3081; x_wconf 81' lang='grc' dir='ltr'><em>ὥσπερ</em></span> <span class='ocrx_word' id='word_1_174' title='bbox 1218 2999 1321 3066; x_wconf 85' lang='grc' dir='ltr'><em>δεινά</em></span> 
     </span>
     <span class='ocr_line' id='line_1_22' title="bbox 284 3088 1317 3180; baseline 0.001 -20"><span class='ocrx_word' id='word_1_175' title='bbox 284 3092 422 3176; x_wconf 76' lang='grc' dir='ltr'><em>ἑρπετά,</em></span> <span class='ocrx_word' id='word_1_176' title='bbox 453 3095 506 3157; x_wconf 81' lang='grc' dir='ltr'><em>καί</em></span> <span class='ocrx_word' id='word_1_177' title='bbox 536 3092 583 3170; x_wconf 85' lang='grc' dir='ltr'><em>είς</em></span> <span class='ocrx_word' id='word_1_178' title='bbox 607 3092 733 3159; x_wconf 79' lang='grc' dir='ltr'><em>ἑαυτῶν</em></span> <span class='ocrx_word' id='word_1_179' title='bbox 756 3091 859 3176; x_wconf 80' lang='grc' dir='ltr'><em>λύμην</em></span> <span class='ocrx_word' id='word_1_180' title='bbox 881 3091 923 3156; x_wconf 86' lang='grc' dir='ltr'><em>τὰ</em></span> <span class='ocrx_word' id='word_1_181' title='bbox 947 3088 1094 3158; x_wconf 77' lang='grc' dir='ltr'><em>ἀπὸτοῦ</em></span> <span class='ocrx_word' id='word_1_182' title='bbox 1117 3093 1317 3180; x_wconf 76' lang='grc' dir='ltr'><em>πανούργου</em></span> 
     </span>
     <span class='ocr_line' id='line_1_23' title="bbox 284 3184 1316 3278; baseline 0 -21"><span class='ocrx_word' id='word_1_183' title='bbox 284 3194 447 3278; x_wconf 88' lang='grc' dir='ltr'><em>θηρευτοῦ</em></span> <span class='ocrx_word' id='word_1_184' title='bbox 472 3190 709 3271; x_wconf 76' lang='grc' dir='ltr'><em>δεδελεασμένα</em></span> <span class='ocrx_word' id='word_1_185' title='bbox 731 3184 998 3274; x_wconf 78' lang='grc' dir='ltr'><em>ἀφαρπάζουσιν,</em></span> <span class='ocrx_word' id='word_1_186' title='bbox 1022 3185 1081 3255; x_wconf 84' lang='grc' dir='ltr'><em>οῦκ</em></span> <span class='ocrx_word' id='word_1_187' title='bbox 1104 3189 1233 3269; x_wconf 81' lang='grc' dir='ltr'><em>εἰδότες</em></span> <span class='ocrx_word' id='word_1_188' title='bbox 1255 3187 1316 3258; x_wconf 77' lang='grc' dir='ltr'><em>ὅτι</em></span> 
     </span>
     <span class='ocr_line' id='line_1_24' title="bbox 282 3283 1343 3376; baseline 0.003 -24"><span class='ocrx_word' id='word_1_189' title='bbox 282 3287 322 3352; x_wconf 85' lang='grc' dir='ltr'><em>τὸ</em></span> <span class='ocrx_word' id='word_1_190' title='bbox 351 3289 475 3368; x_wconf 78' lang='grc' dir='ltr'><em>ψεῦδος</em></span> <span class='ocrx_word' id='word_1_191' title='bbox 503 3283 649 3368; x_wconf 78' lang='grc' dir='ltr'><em>οὐδαμοῦ</em></span> <span class='ocrx_word' id='word_1_192' title='bbox 673 3285 896 3372; x_wconf 88' lang='grc' dir='ltr'><em>σταθήσεται,</em></span> <span class='ocrx_word' id='word_1_193' title='bbox 927 3283 945 3370; x_wconf 87' lang='grc' dir='ltr'><em>ή</em></span> <span class='ocrx_word' id='word_1_194' title='bbox 970 3288 1005 3352; x_wconf 83' lang='grc' dir='ltr'><em>δὲ</em></span> <span class='ocrx_word' id='word_1_195' title='bbox 1028 3283 1172 3373; x_wconf 83' lang='grc' dir='ltr'><em>ἀλήθεια</em></span> <span class='ocrx_word' id='word_1_196' title='bbox 1196 3288 1343 3376; x_wconf 74' lang='grc' dir='ltr'><em>πάντηίί</em></span> 
     </span>
     <span class='ocr_line' id='line_1_25' title="bbox 284 3378 1314 3468; baseline 0.005 -20"><span class='ocrx_word' id='word_1_197' title='bbox 284 3384 362 3461; x_wconf 85' lang='grc' dir='ltr'><em>τοὺς</em></span> <span class='ocrx_word' id='word_1_198' title='bbox 389 3384 494 3461; x_wconf 75' lang='grc' dir='ltr'><em>ἰδίους</em></span> <span class='ocrx_word' id='word_1_199' title='bbox 522 3378 623 3468; x_wconf 82' lang='grc' dir='ltr'><em>αῦτής</em></span> <span class='ocrx_word' id='word_1_200' title='bbox 648 3383 740 3460; x_wconf 76' lang='grc' dir='ltr'><em>υἱοὺς</em></span> <span class='ocrx_word' id='word_1_201' title='bbox 763 3383 979 3465; x_wconf 87' lang='grc' dir='ltr'><em>διορθοῦται,</em></span> <span class='ocrx_word' id='word_1_202' title='bbox 1011 3387 1064 3449; x_wconf 80' lang='grc' dir='ltr'><em>καί</em></span> <span class='ocrx_word' id='word_1_203' title='bbox 1088 3385 1248 3468; x_wconf 75' lang='grc' dir='ltr'><em>ἐξελέγχει</em></span> <span class='ocrx_word' id='word_1_204' title='bbox 1271 3386 1314 3453; x_wconf 84' lang='grc' dir='ltr'><em>τὸ</em></span> 
     </span>
     <span class='ocr_line' id='line_1_26' title="bbox 245 3475 1316 3569; baseline 0.006 -24"><span class='ocrx_word' id='word_1_205' title='bbox 245 3481 419 3560; x_wconf 58' lang='grc' dir='ltr'><em>ὔψεῦδος.</em></span> <span class='ocrx_word' id='word_1_206' title='bbox 458 3480 581 3545; x_wconf 75' lang='grc' dir='ltr'><em>εἴπωσι</em></span> <span class='ocrx_word' id='word_1_207' title='bbox 602 3479 663 3563; x_wconf 86' lang='grc' dir='ltr'><em>γάρ</em></span> <span class='ocrx_word' id='word_1_208' title='bbox 685 3475 764 3564; x_wconf 82' lang='grc' dir='ltr'><em>ἡμῖν</em></span> <span class='ocrx_word' id='word_1_209' title='bbox 787 3480 819 3545; x_wconf 78' lang='grc' dir='ltr'><em>οἱ</em></span> <span class='ocrx_word' id='word_1_210' title='bbox 840 3479 900 3565; x_wconf 84' lang='grc' dir='ltr'><em>τήν</em></span> <span class='ocrx_word' id='word_1_211' title='bbox 921 3481 1021 3566; x_wconf 84' lang='grc' dir='ltr'><em>κακὴν</em></span> <span class='ocrx_word' id='word_1_212' title='bbox 1042 3476 1207 3547; x_wconf 81' lang='grc' dir='ltr'><em>ὑπόνοιαν</em></span> <span class='ocrx_word' id='word_1_213' title='bbox 1231 3489 1316 3569; x_wconf 86' lang='grc' dir='ltr'><em>περὶ</em></span> 
     </span>
     <span class='ocr_line' id='line_1_27' title="bbox 285 3571 1317 3660; baseline 0.006 -19"><span class='ocrx_word' id='word_1_214' title='bbox 285 3581 344 3642; x_wconf 88' lang='grc' dir='ltr'><em>τοῦ</em></span> <span class='ocrx_word' id='word_1_215' title='bbox 360 3580 508 3659; x_wconf 87' lang='grc' dir='ltr'><em>Χριστοῦ</em></span> <span class='ocrx_word' id='word_1_216' title='bbox 531 3584 721 3659; x_wconf 82' lang='grc' dir='ltr'><em>κεκτημένοι</em></span> <span class='ocrx_word' id='word_1_217' title='bbox 744 3571 801 3642; x_wconf 73' lang='grc' dir='ltr'><em>ἀπ’</em></span> <span class='ocrx_word' id='word_1_218' title='bbox 820 3574 928 3660; x_wconf 85' lang='grc' dir='ltr'><em>άρχής,</em></span> <span class='ocrx_word' id='word_1_219' title='bbox 952 3585 986 3643; x_wconf 87' lang='grc' dir='ltr'><em>τί</em></span> <span class='ocrx_word' id='word_1_220' title='bbox 1001 3579 1113 3659; x_wconf 78' lang='grc' dir='ltr'><em>μεῖζον</em></span> <span class='ocrx_word' id='word_1_221' title='bbox 1137 3579 1208 3644; x_wconf 83' lang='grc' dir='ltr'><em>ίστί</em></span> <span class='ocrx_word' id='word_1_222' title='bbox 1226 3583 1317 3647; x_wconf 85' lang='grc' dir='ltr'><em>κατά</em></span> 
     </span>
     <span class='ocr_line' id='line_1_28' title="bbox 286 3670 1317 3762; baseline 0.004 -23"><span class='ocrx_word' id='word_1_223' title='bbox 286 3673 462 3762; x_wconf 79' lang='grc' dir='ltr'><em>φύσινκαὶ</em></span> <span class='ocrx_word' id='word_1_224' title='bbox 487 3674 573 3756; x_wconf 89' lang='grc' dir='ltr'><em>πρὸς</em></span> <span class='ocrx_word' id='word_1_225' title='bbox 593 3673 651 3757; x_wconf 87' lang='grc' dir='ltr'><em>τήν</em></span> <span class='ocrx_word' id='word_1_226' title='bbox 675 3674 811 3759; x_wconf 75' lang='grc' dir='ltr'><em>εἴδησιν,</em></span> <span class='ocrx_word' id='word_1_227' title='bbox 837 3670 855 3737; x_wconf 86' lang='grc' dir='ltr'>ὁ</span> <span class='ocrx_word' id='word_1_228' title='bbox 878 3674 960 3751; x_wconf 82' lang='grc' dir='ltr'><em>θεὸς</em></span> <span class='ocrx_word' id='word_1_229' title='bbox 982 3671 1000 3738; x_wconf 82' lang='grc' dir='ltr'><em>δ</em></span> <span class='ocrx_word' id='word_1_230' title='bbox 1023 3676 1158 3741; x_wconf 87' lang='grc' dir='ltr'><em>πάντων</em></span> <span class='ocrx_word' id='word_1_231' title='bbox 1181 3677 1317 3743; x_wconf 85' lang='grc' dir='ltr'><em>δεσπό·</em></span> 
     </span>
     <span class='ocr_line' id='line_1_29' title="bbox 285 3766 1314 3863; baseline 0 -25"><span class='ocrx_word' id='word_1_232' title='bbox 285 3797 343 3859; x_wconf 88' lang='grc' dir='ltr'><em>της</em></span> <span class='ocrx_word' id='word_1_233' title='bbox 370 3772 425 3836; x_wconf 79' lang='grc' dir='ltr'><em>καὶ</em></span> <span class='ocrx_word' id='word_1_234' title='bbox 454 3770 563 3857; x_wconf 82' lang='grc' dir='ltr'><em>πατήρ</em></span> <span class='ocrx_word' id='word_1_235' title='bbox 591 3773 650 3835; x_wconf 87' lang='grc' dir='ltr'><em>τοῦ</em></span> <span class='ocrx_word' id='word_1_236' title='bbox 675 3778 787 3854; x_wconf 90' lang='grc' dir='ltr'><em>κυρίου</em></span> <span class='ocrx_word' id='word_1_237' title='bbox 809 3767 901 3858; x_wconf 81' lang='grc' dir='ltr'><em>ήμῶν</em></span> <span class='ocrx_word' id='word_1_238' title='bbox 922 3766 1024 3856; x_wconf 79' lang='grc' dir='ltr'><em>’ίησσῦ</em></span> <span class='ocrx_word' id='word_1_239' title='bbox 1047 3775 1215 3856; x_wconf 86' lang='grc' dir='ltr'><em>Χριστοῦ,</em></span> <span class='ocrx_word' id='word_1_240' title='bbox 1249 3769 1269 3861; x_wconf 83' lang='grc' dir='ltr'><em>ή</em></span> <span class='ocrx_word' id='word_1_241' title='bbox 1293 3772 1314 3863; x_wconf 78' lang='grc' dir='ltr'>ἡ</span> 
     </span>
     <span class='ocr_line' id='line_1_30' title="bbox 286 3863 1318 3957; baseline 0.003 -22"><span class='ocrx_word' id='word_1_242' title='bbox 286 3866 390 3956; x_wconf 85' lang='grc' dir='ltr'><em>ήμέρα</em></span> <span class='ocrx_word' id='word_1_243' title='bbox 412 3863 480 3933; x_wconf 80' lang='grc' dir='ltr'><em>ὑπὸ</em></span> <span class='ocrx_word' id='word_1_244' title='bbox 502 3866 630 3949; x_wconf 89' lang='grc' dir='ltr'><em>πατρὸς</em></span> <span class='ocrx_word' id='word_1_245' title='bbox 651 3875 705 3933; x_wconf 82' lang='grc' dir='ltr'><em>καὶ</em></span> <span class='ocrx_word' id='word_1_246' title='bbox 731 3868 801 3933; x_wconf 76' lang='grc' dir='ltr'><em>υἱοῦ</em></span> <span class='ocrx_word' id='word_1_247' title='bbox 824 3871 876 3933; x_wconf 81' lang='grc' dir='ltr'><em>καί</em></span> <span class='ocrx_word' id='word_1_248' title='bbox 901 3863 995 3951; x_wconf 85' lang='grc' dir='ltr'><em>ἁγίου</em></span> <span class='ocrx_word' id='word_1_249' title='bbox 1018 3869 1208 3953; x_wconf 78' lang='grc' dir='ltr'><em>πνεύματος</em></span> <span class='ocrx_word' id='word_1_250' title='bbox 1232 3866 1318 3957; x_wconf 85' lang='grc' dir='ltr'><em>ἀγα-</em></span> 
     </span>
     <span class='ocr_line' id='line_1_31' title="bbox 248 3960 1317 4053; baseline 0.006 -23"><span class='ocrx_word' id='word_1_251' title='bbox 248 3973 367 4053; x_wconf 70' lang='grc' dir='ltr'><em>θθμίνη</em></span> <span class='ocrx_word' id='word_1_252' title='bbox 395 3989 432 4032; x_wconf 83' lang='grc' dir='ltr'><em>τε</em></span> <span class='ocrx_word' id='word_1_253' title='bbox 458 3967 511 4030; x_wconf 75' lang='grc' dir='ltr'><em>καί</em></span> <span class='ocrx_word' id='word_1_254' title='bbox 540 3970 708 4051; x_wconf 77' lang='grc' dir='ltr'><em>γινομένη,</em></span> <span class='ocrx_word' id='word_1_255' title='bbox 738 3967 793 4030; x_wconf 86' lang='grc' dir='ltr'><em>καὶ</em></span> <span class='ocrx_word' id='word_1_256' title='bbox 821 3960 840 4050; x_wconf 86' lang='grc' dir='ltr'><em>ή</em></span> <span class='ocrx_word' id='word_1_257' title='bbox 867 3960 937 4045; x_wconf 76' lang='grc' dir='ltr'><em>άρα</em></span> <span class='ocrx_word' id='word_1_258' title='bbox 960 3966 1082 4052; x_wconf 79' lang='grc' dir='ltr'><em>ίκείνη,·</em></span> <span class='ocrx_word' id='word_1_259' title='bbox 1113 3965 1253 4048; x_wconf 85' lang='grc' dir='ltr'><em>πάντως</em></span> <span class='ocrx_word' id='word_1_260' title='bbox 1276 3973 1317 4038; x_wconf 75' lang='grc' dir='ltr'><em>δῦ</em></span> 
     </span>
     <span class='ocr_line' id='line_1_32' title="bbox 287 4055 1317 4150; baseline 0.003 -21"><span class='ocrx_word' id='word_1_261' title='bbox 287 4062 493 4146; x_wconf 71' lang='grc' dir='ltr'><em>ἐρευνώμενον</em></span> <span class='ocrx_word' id='word_1_262' title='bbox 521 4056 832 4147; x_wconf 76' lang='grc' dir='ltr'><em>ἀναγκασθήσονται</em></span> <span class='ocrx_word' id='word_1_263' title='bbox 859 4055 916 4126; x_wconf 73' lang='grc' dir='ltr'><em>ἀπ’</em></span> <span class='ocrx_word' id='word_1_264' title='bbox 943 4057 1042 4149; x_wconf 76' lang='grc' dir='ltr'><em>αὐτῆς</em></span> <span class='ocrx_word' id='word_1_265' title='bbox 1063 4068 1122 4150; x_wconf 81' lang='grc' dir='ltr'><em>τῆς</em></span> <span class='ocrx_word' id='word_1_266' title='bbox 1144 4059 1317 4150; x_wconf 76' lang='grc' dir='ltr'><em>ἀληθείας</em></span> 
     </span>
     <span class='ocr_line' id='line_1_33' title="bbox 286 4152 1315 4243; baseline 0.01 -20"><span class='ocrx_word' id='word_1_267' title='bbox 286 4161 343 4224; x_wconf 87' lang='grc' dir='ltr'><em>τὸν</em></span> <span class='ocrx_word' id='word_1_268' title='bbox 372 4167 501 4243; x_wconf 75' lang='grc' dir='ltr'><em>πατέρα</em></span> <span class='ocrx_word' id='word_1_269' title='bbox 528 4160 663 4242; x_wconf 87' lang='grc' dir='ltr'><em>μείζονα</em></span> <span class='ocrx_word' id='word_1_270' title='bbox 691 4160 812 4241; x_wconf 79' lang='grc' dir='ltr'><em>λέγειν,</em></span> <span class='ocrx_word' id='word_1_271' title='bbox 842 4152 887 4232; x_wconf 82' lang='grc' dir='ltr'><em>ιῦς</em></span> <span class='ocrx_word' id='word_1_272' title='bbox 914 4161 967 4223; x_wconf 79' lang='grc' dir='ltr'><em>καί</em></span> <span class='ocrx_word' id='word_1_273' title='bbox 998 4161 1096 4225; x_wconf 69' lang='grc' dir='ltr'><em>ἔστιν.</em></span> <span class='ocrx_word' id='word_1_274' title='bbox 1143 4161 1173 4228; x_wconf 83' lang='grc' dir='ltr'><em>εἰ</em></span> <span class='ocrx_word' id='word_1_275' title='bbox 1195 4170 1315 4233; x_wconf 81' lang='grc' dir='ltr'><em>τοίνυν</em></span> 
     </span>
     <span class='ocr_line' id='line_1_34' title="bbox 287 4248 1346 4348; baseline 0.011 -30"><span class='ocrx_word' id='word_1_276' title='bbox 287 4259 407 4339; x_wconf 83' lang='grc' dir='ltr'><em>φάσκει</em></span> <span class='ocrx_word' id='word_1_277' title='bbox 434 4252 453 4321; x_wconf 86' lang='grc' dir='ltr'>ὁ</span> <span class='ocrx_word' id='word_1_278' title='bbox 477 4256 547 4335; x_wconf 85' lang='grc' dir='ltr'><em>υίὸς</em></span> <span class='ocrx_word' id='word_1_279' title='bbox 568 4258 670 4340; x_wconf 82' lang='grc' dir='ltr'><em>λέγων</em></span> <span class='ocrx_word' id='word_1_280' title='bbox 691 4249 822 4331; x_wconf 64' lang='grc' dir='ltr'><em>ὀὐδεὶς</em></span> <span class='ocrx_word' id='word_1_281' title='bbox 844 4248 915 4321; x_wconf 79' lang='grc' dir='ltr'><em>οἶδε</em></span> <span class='ocrx_word' id='word_1_282' title='bbox 936 4256 993 4322; x_wconf 86' lang='grc' dir='ltr'><em>τὸν</em></span> <span class='ocrx_word' id='word_1_283' title='bbox 1016 4264 1145 4344; x_wconf 86' lang='grc' dir='ltr'><em>πατέρα</em></span> <span class='ocrx_word' id='word_1_284' title='bbox 1168 4258 1198 4326; x_wconf 83' lang='grc' dir='ltr'><em>εί</em></span> <span class='ocrx_word' id='word_1_285' title='bbox 1220 4261 1269 4348; x_wconf 86' lang='grc' dir='ltr'><em>μή</em></span> <span class='ocrx_word' id='word_1_286' title='bbox 1294 4259 1346 4333; x_wconf 75' lang='grc' dir='ltr'><em>ὃν</em></span> 
     </span>
    </p>
   </div>
   <div class='ocr_carea' id='block_1_3' title="bbox 0 0 1442 5084">
    <p class='ocr_par' dir='ltr' id='par_1_3' title="bbox 0 0 1442 5084">
     <span class='ocr_line' id='line_1_35' title="bbox 0 0 1442 5084; baseline 0 0"><span class='ocrx_word' id='word_1_287' title='bbox 0 0 1442 5084; x_wconf 95' lang='lat' dir='ltr'><em> </em></span> 
     </span>
    </p>
   </div>
  </div>
 </body>
</html>
