2867 5084
483 967 604 1021 mm.
623 972 825 1022 ειμιννσιοι.
1106 958 1167 1022 329

112 1114 346 1202 υδμοοάσιονς
384 1123 502 1207 σαφῶς
534 1117 611 1208 ᾗμίν
645 1116 884 1206 δμολογήσατε,
919 1123 975 1188 ἵνα
1002 1121 1057 1189 καὶ
1085 1118 1170 1206 ἀμάς

151 1215 334 1303 ἐπιγνῶμιν
364 1216 469 1297 ίδίους
497 1217 594 1297 ὄντας
626 1219 681 1284 καὶ
709 1218 753 1302 μη
788 1214 990 1303 ἀλλοτρίους.
1032 1220 1170 1286 δόναται

153 1312 207 1398 γάρ
228 1316 283 1381 καὶ
309 1312 524 1396 όμοιοοόσιον
547 1312 632 1382 εἶναι
661 1314 747 1398 πρός
770 1316 891 1398 χρυσὸν
912 1316 1045 1398 χαλκός,
1084 1316 1169 1399 πρός

158 1407 288 1495 ἄργυρον
312 1421 520 1496 κασσίτερος,
557 1413 642 1495 πρὸς
670 1414 805 1497 σίδηρον
835 1411 852 1476 ό
881 1415 1049 1497 μόλιβδος.
1091 1409 1166 1481 ἀλλ’

161 1502 208 1573 οἷα
227 1507 395 1596 ἀπατήσει
417 1506 500 1595 ἡμᾶς
524 1507 543 1595 ἡ
567 1508 657 1594 ὑμῶν
681 1510 953 1596 ἕπιτετηδευμένη
980 1511 1035 1576 καὶ
1056 1526 1191 1595 τετορ-ίι

167 1614 281 1690 νινμίνη
316 1610 568 1691 μυθοπλαστία.
615 1608 644 1674 εί
670 1610 730 1688 μὲν
758 1607 820 1691 γάρ
847 1633 940 1684 τινας
972 1607 1168 1691 βουλόμενοι

171 1694 320 1787 όταιῐγσαι
341 1705 507 1789 βούλεσθε
535 1704 725 1792 προφάσεις
755 1706 889 1784 ψευδεῖς
918 1707 1080 1789 λέγοντες,
1116 1702 1170 1771 ότι

147 1858 151 1865 ,
174 1792 200 1861 οὗ
215 1801 265 1888 χρὴ
290 1803 454 1886 λέγειντί)
478 1799 665 1883 όμοοόσιον,
696 1801 816 1888 ἵναμὴ
841 1803 1046 1890 συναλοιφὴν
1068 1802 1169 1889 ποιη-

176 1916 258 1976 οιιμεν
278 1900 337 1965 τόν
359 1899 430 1966 υίδν
453 1900 538 1984 πρὸς
560 1907 702 1984 πατέρα,
739 1893 759 1985 ἢ
781 1900 818 1964 τὸ
841 1903 974 1981 πνεῦμα
1001 1896 1086 1983 πρὸς
1111 1901 1169 1966 τὸν

136 1991 228 2059 Βὶίνίόν
246 2001 296 2063 καί
320 2004 465 2080 πατέρα,
494 2000 547 2062 καί
571 1998 605 2063 ἐν
627 1997 733 2082 τούτῳ
763 1999 915 2063 διέπεσεν
938 1992 1029 2080 ὑμῶν
1052 1991 1070 2061 ό
1094 1995 1168 2062 ἔπι·
1181 2007 1207 2055 10

176 2095 380 2177 τιτηδενμίνος
403 2094 507 2178 λόγος.
553 2091 675 2179 οὐγὰρ
705 2095 844 2177 εἴπομεν
867 2090 1067 2175 άμαοόσιον,
1098 2087 1166 2160 ἀλλ’

178 2179 339 2269 όμοοόοιον,
363 2193 419 2258 ἵνα
440 2195 541 2277 μηδὲν
563 2195 621 2257 τοῦ
645 2191 772 2275 πατρὸς
794 2191 1066 2277 παρηλλαγμένον
1090 2187 1169 2271 δμο-

177 2284 348 2372 λθγὴοωμεν,
373 2286 456 2356 ἀλλά
478 2288 559 2354 θεὸν
583 2287 686 2364 όντιιις
701 2288 735 2354 ἐκ
751 2292 833 2355 θεοῦ
849 2294 1090 2374 γεγεννημίσον,
1115 2290 1168 2354 καὶ

176 2374 222 2446 ου’-κ
237 2381 425 2470 ἀλλαχόθεν,
449 2382 525 2452 οόδὲ
548 2386 583 2465 ἐξ
605 2381 662 2450 οόκ
685 2383 799 2462 ὄνειον,
827 2384 911 2450 ἀλλὰ
934 2385 1061 2469 πατρὸς
1084 2408 1169 2468 προ-

174 2479 293 2549 ελθόντα
315 2480 462 2567 ἀχρόνως
483 2486 536 2549 καί
560 2480 708 2566 ἀνάρχως
730 2486 782 2547 καί
803 2478 1040 2568 άνεκδιηγητως
1062 2494 1207 2567 γεγεν-Ιὸ

172 2584 295 2661 νημίνον,
320 2577 370 2649 ἀεὶ
396 2580 475 2647 όντα
497 2581 582 2663 πρὸς
603 2580 661 2645 τὸν
681 2587 820 2664 πατέρα,
843 2579 898 2645 καὶ
913 2581 1080 2666 μηδέποτε
1096 2582 1169 2645 δια-

168 2674 306 2744 λείποντα
328 2683 387 2746 τοῦ
411 2674 504 2757 είυαι,
529 2676 613 2744 ἀλλὰ
635 2685 874 2763 γεγεννημένον,
899 2672 935 2742 οό
953 2677 1168 2762 συνάδελφον,

167 2766 202 2837 οό
220 2776 421 2860 προπάτορα.
451 2777 489 2841 τὸ
512 2777 572 2859 γὰρ
597 2771 680 2858 ὁμοῦ
704 2776 762 2840 δύο
785 2778 844 2859 μὲν
866 2771 1083 2841 δποστάοειόν
1099 2776 1171 2841 ίστι

165 2874 349 2956 σημαντικόν
372 2868 430 2939 οάκ
452 2868 634 2955 ἀλλοτρίων
657 2877 696 2957 τῇ
721 2873 835 2958 φύσει·
867 2871 919 2937 διό
945 2868 962 2936 ό
990 2874 1171 2954 σι’·νδεσμος

137 2972 216 3052 στῆς
234 2965 391 3057 ἀληθείας
424 2971 457 3037 ἐν
484 2971 591 3056 τούτῳ
626 2970 659 3036 ε’ν.
689 2974 747 3034 τοῦ
778 2970 966 3051 πνεύματος
993 2974 1051 3034 τοῦ
1075 2966 1209 3053 άγίουῖθ

158 3063 356 3154 ᾠκονόμηται
384 3067 424 3135 ’ἕν
460 3068 602 3149 στόματι
640 3071 706 3132 τῶν
740 3071 839 3133 τοῦτο
874 3067 1075 3147 ίκθεμένιον,
1116 3070 1168 3132 καὶ

158 3161 234 3251 δρᾷς
255 3162 306 3231 ὅτι
329 3164 386 3232 οόκ
411 3166 503 3231 ἔσται
527 3188 582 3231 σοι
604 3164 791 3250 πρόφασις,
821 3159 898 3229 οὐδὲ
927 3164 1066 3228 δόνασαι
1088 3164 1170 3228 κατὰ

152 3267 212 3349 τῆς
232 3258 432 3346 όρθοδοξίας
454 3264 557 3345 λέγειν
579 3261 634 3327 καὶ
657 3261 793 3345 πτάρειν
815 3260 892 3337 τοὺς
914 3259 1005 3342 παρὰ
1029 3263 1089 3324 σοῦ
1112 3260 1170 3346 τὴν

153 3357 252 3447 ἀκοὴν
279 3365 337 3426 τοῦ
371 3365 694 3444 παραπεποιημένου
729 3383 789 3424 σου
817 3358 915 3441 λόγου
944 3358 1172 3440 παραδεχομέ-

153 3483 229 3535 νους
255 3454 316 3537 ότι,
340 3457 396 3526 δάν
411 3483 463 3536 τις
485 3458 563 3542 εἴπῃ
584 3456 623 3522 τὸ
651 3452 838 3538 όμοοόοιον,
863 3455 1066 3541 συναλοιφὴν
1083 3451 1210 3539 &pm-25

150 3556 297 3640 λόγησεν.
329 3551 438 3621 οόκίτι
459 3554 519 3639 γάρ
538 3556 636 3630 ,ἔσται
658 3558 766 3619 τοτ’-το.
801 3548 869 3618 ἀπό
892 3552 952 3638 γάρ
975 3556 1034 3616 τοῦ
1051 3548 1172 3635 όμοοό-

148 3678 226 3721 σιον
247 3654 500 3739 σημανθησεται
522 3652 591 3730 δύο,
614 3656 669 3717 καὶ
691 3647 761 3716 ἀπὸ
783 3654 841 3715 τοῦ
867 3645 1047 3733 όμοουσίου
1065 3653 1171 3736 δηλω·

147 3753 293 3838 θηῗσεται
317 3746 375 3816 οόκ
397 3749 571 3832 ἀλλότριον
604 3748 642 3814 τὸ
671 3755 812 3835 γέννημα
842 3747 928 3832 πρὸς
957 3748 1013 3813 τόν
1042 3754 1171 3831 πατέρα

147 3846 310 3930 δπάρχον.
340 3847 381 3913 σὺ
397 3849 432 3914 δὲ
449 3846 721 3929 ίπιπλασόμενος
743 3847 781 3911 τὸ
805 3843 1018 3929 όμαιοοίοιον
1041 3844 1097 3909 διὰ
1111 3846 1171 3926 μὲν

146 3950 208 4013 τοῦ
235 3940 397 4028 όνόματος
418 3948 476 4030 τῆς
499 3942 614 4022 ου’·σίας
630 3944 821 4029 ίλεγγθήοη,
846 3941 902 4007 διά
920 3942 956 4006 δὲ
970 3945 1029 4027 τῆς
1044 3944 1210 4027 παρηλ-θ)

116 4048 313 4129 ελαγμένης
336 4038 513 4126 ὁμολογίας
534 4041 761 4126 κατακριθηση
785 4036 842 4121 οὐχ
862 4037 1002 4121 ἃλίγεις
1028 4042 1170 4123 φρονῶν,

143 4136 219 4210 ἀλλ’
251 4138 273 4206 ἃ
307 4149 442 4225 φρονεῖς
473 4145 803 4223 παραπεποιημένως
836 4136 1015 4199 διδάσκων·
1054 4135 1083 4201 εἰ
1110 4136 1171 4221 γάρ

142 4239 238 4317 ὅλως
259 4232 319 4302 αόκ
341 4237 431 4304 ἔστιν
453 4237 489 4316 ἐξ
510 4233 622 4316 αὐτοῦ,
652 4232 770 4320 ὅμοιος
798 4235 833 4300 δὲ
857 4230 946 4317 αὐτῷ
970 4230 1051 4311 ἐστι,
1084 4233 1172 4300 πολὺ
