2867 5084
918 230 922 239 ι

402 962 521 1016 MV.
541 966 875 1019 nNffl'MA'soMAxol.
1078 958 1140 1021 343

183 1119 224 1182 οὗ
237 1119 334 1180 πᾶσα
349 1111 367 1200 5
385 1115 522 1198 δι’·ναμις
539 1109 649 1182 αὐτοῦ.
666 1118 891 1205 προσκυνητὸν
907 1119 943 1185 55
958 1118 996 1183 τά
1012 1123 1143 1202 πνεῦμα

182 1209 296 1298 ἅγιον·
326 1213 404 1290 τοὺς
430 1213 491 1298 γάρ
515 1218 781 1296 προσκυνοῦντας
802 1219 873 1301 θεῷ
897 1215 1060 1297 πνεύματι
1093 1217 1146 1283 δεῖ

182 1321 323 1376 ισκυνεῖν
351 1313 404 1376 καὶ
435 1305 587 1397 ἀληθεία.
640 1311 669 1377 εἰ
697 1311 734 1376 δὲ
763 1322 911 1396 συνεργεῖ
937 1308 956 1398 5
990 1308 1143 1399 ἀλήθεια,

182 1430 229 1485 τις
251 1414 359 1472 κτίσιν
381 1402 439 1471 οὐκ
462 1406 638 1491 ἐργάζεται,
669 1402 746 1473 0555
773 1408 886 1494 κτιστὴ
909 1405 928 1494 5
953 1409 1073 1496 θεότης
1094 1417 1143 1495 γί-

182 1529 223 1581 κι,
250 1498 327 1569 0555
350 1504 382 1569 ἐν
405 1510 514 1588 μέτρῳ
538 1498 558 1589 5
579 1507 717 1590 περιοχῇ
741 1504 823 1583 θεὸς
836 1505 1039 1591 γινώσκεται.
1074 1507 1169 1572 ἕστιῦ

206 1595 447 1686 άπερίγραφος,
472 1595 647 1686 άχώρητυς,
672 1597 900 1686 άπερινάητος,
924 1602 1034 1667 πάντα
1049 1628 1145 1688 κτερι-

182 1721 278 1773 κενος
312 1697 354 1762 τά
382 1697 553 1781 ποιήματα
587 1701 645 1761 τοῦ
680 1702 772 1763 θεοῦ.
837 1692 875 1762 οδ
905 1701 1080 1783 λατρευτέα
1109 1700 1146 1766 δὲ

182 1800 287 1870 τίσις.
334 1793 551 1876 *κ’λάτρευσαν
579 1794 640 1878 γάρ
668 1798 707 1879 τῇ
736 1801 840 1861 κτίσει
876 1794 968 1876 παρά
996 1796 1053 1861 τὸν
1076 1802 1146 1861 κτί-

183 1915 228 1955 τιι
251 1892 305 1954 καὶ
330 1889 599 1975 ε’μωράνθρσαν.”
640 1895 712 1968 ,τως
741 1891 802 1976 γάρ
832 1886 870 1956 05
898 1891 1009 1974 μωρὸν
1039 1900 1146 1958 κτίσιν

185 1989 309 2072 λογεῖν,
344 1981 479 2052 άθετεῖν
502 1988 536 2051 55
560 1986 687 2071 πατρὸς
717 1989 775 2075 τὴν
799 1989 931 2074 ἐντολὴν
952 1989 1011 2075 τὴν
1034 1990 1146 2075 λέγου-
1158 2004 1186 2053 10

209 2083 331 2149 “άκουε
352 2078 487 2167 Ἰσραὴλ,
518 2084 629 2168 κύριος
652 2081 669 2149 5
693 2085 774 2163 θεός
805 2109 864 2152 σου
888 2080 935 2162 εἷς
958 2085 1057 2164 ἐστιν,
1089 2081 1148 2152 οὐκ

184 2206 216 2247 ιν
240 2181 275 2246 ἐν
299 2183 352 2246 σοὶ
376 2181 457 2258 θεὸς
480 2180 711 2267 πρόσφατος,·”
751 2182 784 2248 ἐν
811 2193 956 2268 γραφαῖς
980 2184 1015 2248 δὲ
1039 2179 1149 2266 ἁγίαις

182 2302 274 2360 ματα
297 2276 443 2362 διάφορα
465 2281 613 2344 καλεῖται
636 2278 764 2361 πατρὸς
791 2281 845 2343 καὶ
876 2279 947 2343 υἱοῦ
976 2283 1029 2343 καί
1054 2276 1148 2364 άγίου

183 2374 330 2458 άματος·
364 2373 492 2457 πατρὸς
519 2378 578 2458 μὲν
607 2374 716 2458 πατὴρ
747 2374 999 2457 παντοκράτωρ,
1038 2374 1148 2462 πατὴρ

182 2472 296 2547 άντων,
329 2471 438 2556 πατὴρ
462 2475 627 2555 Χριστοῦ·
665 2477 778 2554 κυρίου
802 2473 836 2536 δὲ
860 2470 965 2554 λόγος,
989 2466 1147 2554 Χριστὸς,
1162 2489 1188 2539 15

182 2594 207 2650 ς,
242 2572 318 2654 φιῦς
348 2564 525 2653 ἀληθινόν·
559 2572 617 2634 τοῦ
642 2569 677 2633 55
700 2564 795 2651 ἁγίου
819 2566 1006 2652 πνεύματος
1039 2568 1149 2655 παρά-

183 2690 253 2744 ιτσς,
278 2669 410 2747 πνεῦμα
432 2659 601 2750 ἀληθείας,
626 2668 756 2747 πνεῦμα
785 2667 878 2742 θεοῦ,
912 2668 1042 2749 πνεῦμα
1065 2673 1152 2750 Χρι-

182 2766 219 2829 νῦ.
265 2762 315 2828 ἔτι
337 2769 446 2827 τοίνυν
468 2763 550 2840 θεὸς
572 2772 697 2828 νοεῖται
726 2765 778 2828 καὶ
809 2761 917 2847 πατὴρ
948 2768 1037 2849 φῶς,
1069 2757 1150 2840 ἀλλ’,

203 2855 454 2941 ὑπέρλαμπρον,
484 2860 630 2941 δύναμις,
655 2865 770 2944 σοφία.
823 2860 852 2925 εἰ
875 2861 910 2924 55
933 2862 1006 2944 φῶς
1029 2856 1047 2923 5
1069 2858 1152 2937 θεὸς

182 2955 328 3040 λ’πατὴρ,
354 2959 427 3041 φῶς
449 2955 484 3021 ἐκ
506 2955 618 3041 φωτὸς
640 2949 657 3019 5
682 2955 760 3034 υἱὸς,
796 2955 851 3021 καὶ
874 2955 929 3021 διά
956 2960 1055 3021 τοῦτο
1079 2960 1191 3043 φῶςιθ

182 3056 231 3119 κάν
253 3052 293 3118 τὸ
316 3047 509 3134 ἀπρόσιτον.
549 3052 685 3133 δάναμις
708 3055 744 3118 δὲ
767 3049 844 3129 ὅλος
867 3047 884 3117 5
907 3051 998 3130 θεὸς,
1022 3056 1075 3118 καὶ
1096 3052 1153 3119 διὰ

182 3153 230 3216 δτο
253 3150 364 3270 κύριος
379 3153 445 3214 τῶν
461 3148 639 3232 δυνάμεων.
671 3157 777 3235 σοφία
793 3146 870 3226 ὅλος
885 3144 903 3212 5
919 3149 1010 3226 θεὸς,
1035 3144 1152 3213 οὐκοῦν

182 3242 277 3333 555‘
262 3272 281 3312 ο
306 3247 376 3323 υἱὸς
404 3247 438 3313 ἐκ
461 3253 641 3332 σοφίας,*
645 3245 687 3312 ’ἐν
717 3236 745 3331 ὦ
774 3246 896 3322 πάντες
926 3246 958 3309 οἱ
989 3248 1153 3331 θησαυροὶ

182 3350 337 3429 ςσοφίας
359 3340 578 3429 ιάτόκροφοι.’ν
622 3343 685 3430 ζωὴ
710 3308 745 3408 55
769 3337 884 3419 ὅλος(
868 3366 886 3405 ο
910 3340 1001 3419 θεὸς,
1035 3337 1152 3408 οὐκοῦν

182 3438 257 3564 552
280 3440 364 3525 ζωῆς
386 3435 403 3504 5
429 3439 507 3517 υἱός
552 3439 635 3554 “575
666 3438 727 3524 γάρ
751 3439 820 3521 εἶμι
847 3434 865 3525 5
890 3433 1034 3524 ἀλήθεια
1054 3443 1110 3505 καὶ
1131 3435 1192 3527 525
1257 3523 1262 3533 .

182 3535 307 3623 5'2'15
331 3533 412 3602 55⁰
390 3560 483 3621 αγιον
513 3541 643 3619 πνεῦμα
670 3561 739 3620 παρ
780 3533 992 3623 ἀμφοτέρων,
1022 3540 1154 3621 πνεῦμα

195 3635 390 3717 πνεύματος.
433 3636 563 3716 πνεῦμα
584 3633 645 3718 γάρ
670 3628 688 3696 5
712 3632 801 3712 θεὸς,
825 3634 962 3718 θεότης,
991 3633 1155 3717 χαρισμά-

182 3756 203 3795 ιν
223 3731 292 3797 ἐστὶ
317 3732 426 3816 δοτὴρ,
450 3725 688 3816 άληθέστατον,
713 3731 924 3815 φωτιστικὸν,
952 3733 1156 3814 παρακλητι-

184 3852 204 3905 ν,
224 3827 458 3912 βουλευμάτων
486 3831 545 3893 τοῦ
575 3825 702 3910 πατρὸς
732 3821 928 3912 άγγελτικόν.
974 3821 1019 3903 (ὃς
1045 3825 1107 3910 γὰρ
1138 3819 1156 3889 5

182 3920 209 4002 λς
238 3924 382 4010 μεγάλης
413 3925 534 4009 βουλῆς
568 3921 720 4007 άγγελος,
759 3919 846 3987 οὕτω
874 3926 928 3988 καλ
957 3922 995 3987 τὸ
1025 3925 1198 4005 πνεῦμαθδ

205 4017 308 4106 άγιον.
354 4014 443 4086 “άλλ’
475 4021 650 4105 ἐλάβομεν”
681 4018 765 4104 φησὶ
794 4023 945 4101 *ίιτνεῦμα
966 4021 1067 4096 θεοῦ,
1101 4019 1157 4085 ἵνα

182 4142 259 4203 ωμεν
282 4118 323 4184 τά
345 4122 549 4201 χαρισθέντα
578 4113 655 4202 ἡμῖν
687 4111 753 4180 άπὸ
776 4118 875 4193 θεοῦ,
907 4114 928 4182 ά
954 4114 1010 4180 καὶ
1038 4116 1158 4182 λαλοῦ-

182 4240 213 4297 ν,
242 4211 300 4283 οὐκ
323 4216 357 4282 ἒν
379 4223 501 4281 πειθοῖ
524 4222 647 4301 σοφίας
675 4212 801 4298 λόγοις,
836 4207 905 4278 ἀλλ’
931 4211 964 4279 ἐν
987 4206 1159 4294 ἀποδείξει
