2867 5084
1143 884 1159 919 Ι

583 973 702 1026 mm.
722 976 909 1026 ιυοιιοιυι.
1196 968 1260 1032 389

197 1148 218 1196 B
322 1127 391 1192 Καὶ
412 1121 529 1202 άλλως.
574 1125 615 1190 Εἰ
637 1125 676 1190 τὸ
698 1124 851 1213 γεννητὸν
873 1122 1047 1214 ἀγέννητον
1070 1130 1164 1215 παρὰ
1185 1134 1283 1217 θεῷ,

230 1218 366 1306 ἀγαθὸν
389 1222 436 1300 εἰς
459 1223 552 1307 ἔργον
575 1231 770 1309 νομισθείη,
805 1218 975 1304 ἀδυνάτως
1005 1227 1040 1293 δὲ
1063 1227 1129 1310 ἔχει
1150 1227 1188 1293 τὸ
1212 1228 1260 1307 είς

231 1317 365 1406 ἀγαθὸν
387 1320 558 1404 γινόμενον
582 1315 721 1405 ἀγαθιῦς
736 1320 936 1401 ἐπιτελέσαι,
959 1326 1058 1390 τοῦτο
1082 1315 1165 1411 ἧττα
1179 1327 1258 1409 περὶ

230 1418 292 1484 τὸν
316 1416 454 1482 δυνατὸν
471 1419 531 1504 εἴη,
555 1421 758 1502 βουλομένου
783 1419 821 1482 τὸ
838 1427 1033 1503 προκριτέον
1048 1422 1259 1506 ἐργάσασθαι

229 1519 287 1582 καὶ
310 1515 355 1602 μὴ
379 1518 569 1596 δυναμένου.
609 1516 638 1582 εί
661 1515 757 1581 δὲτὸ
781 1512 954 1600 ἀγέννητον
970 1513 1109 1601 ἀγαθὸν,
1133 1518 1171 1583 τὸ
1186 1539 1284 1603 μεν-5

233 1612 332 1698 νητὸν
356 1612 449 1683 6666
471 1617 510 1699 τῇ
535 1615 604 1700 ι’δίηι
626 1613 718 1691 τάξει
748 1608 886 1700 ἀγαθῶς
913 1621 1097 1700 γεγένηται,
1127 1613 1259 1702 ἀγαθῆς

234 1709 337 1828 οῦσης
365 1710 400 1788 ἐξ
421 1706 553 1793 ἀγαθοῦ
581 1715 664 1776 θεοῦ
694 1715 752 1797 τῆς
778 1712 902 1791 τάξεως
934 1715 992 1777 τοῦ
1022 1717 1176 1827 γεννητοῦ
1204 1717 1258 1779 καὶ

234 1804 314 1892 παρ’
340 1803 429 1893 αῦτιῦ
453 1815 679 1894 νομισθείσης,
705 1806 763 1874 οῦκ
786 1803 825 1874 ἀν
842 1809 995 1896 ποιήσειε
1009 1811 1047 1874 τὸ
1063 1814 1171 1889 καλῶς
1187 1836 1260 1895 γεν-

206 1905 333 2024 ενητὸν
367 1871 557 1989 ἀγέννητον,
597 1905 713 2027 ἐπειδη
748 1909 854 2005 καλῶς
887 1908 1079 1990 νενόμισται
1108 1905 1196 1995 αὐτῷ
1219 1910 1258 1974 τὸ

235 2000 343 2081 σῦτως
372 1998 539 2069 ελναιλ
484 2005 539 2068 καλ
536 2003 592 2068 όν.
640 2004 714 2070 ἐπεὶ
744 2007 801 2070 οῦν
829 2009 888 2069 τοῦ
916 2007 1017 2071 καλοῦ
1040 2001 1112 2087 οῦχὶ
1136 2006 1192 2072 διὰ
1220 2030 1259 2070 το
1273 2026 1301 2074 10

236 2096 399 2167 ἀδένατον
423 2094 460 2165 οῦ
483 2097 771 2188 μεταβάλλεται(
752 2129 766 2165 ν
801 2101 902 2180 τάξις,
932 2098 1016 2168 ἀλλὰ
1039 2102 1149 2167 διὰ
1117 2128 1155 2168 το
1179 2101 1260 2187 ἀγα-

235 2202 311 2275 θῶς
334 2194 440 2275 οῦτως
462 2193 556 2276 εἶναι,
582 2194 711 2282 ἀγαθὸς
727 2197 792 2282 ἀρα
807 2194 825 2262 ὁ
842 2196 1015 2285 ἀγέννητος
1029 2199 1121 2277 θεὸς,
1146 2195 1260 2283 ἀγαθά

236 2297 272 2362 δὲ
296 2294 338 2360 τά
361 2295 396 2370 ἐξ
418 2290 518 2360 αῦτοῦ
541 2295 699 2380 γενόμενα
723 2298 817 2382 ἔντη
842 2297 911 2383 ι’ὀίηι
931 2296 1031 2375 τάξει,
1054 2295 1099 2381 μὴ
1116 2296 1261 2379 λαβόντα

235 2389 413 2477 ἀγεννήτου
430 2390 543 2475 ὄνομα.
576 2389 614 2457 οῦ
636 2393 697 2477 γὰρ
717 2393 820 2470 θεοὺς
841 2393 993 2470 κτιστοὺς
1015 2392 1181 2478 ἐποίησεν,
1205 2395 1261 2460 ἵνα

234 2491 381 2574 θάτερον
404 2497 538 2576 θατέρῳ
555 2491 849 2575 παρεντεινάμενον
865 2488 1007 2578 ἀφανίζῃ
1025 2492 1082 2557 διὰ
1099 2495 1157 2577 τῆς
1173 2492 1262 2557 ε’πω-
1274 2509 1302 2559 15

235 2595 355 2670 νομέας
375 2583 607 2671 τὸάνιῦνομον
635 2592 694 2653 τοῦ
722 2589 872 2670 μείζονος
900 2589 985 2672 πρὸς
1012 2588 1051 2653 τὸ
1079 2578 1186 2674 ἦττον.
1233 2588 1262 2654 εἰ

235 2688 296 2768 μέν
318 2687 379 2771 γάρ
403 2682 421 2749 6
443 2691 502 2767 μέν
525 2686 596 2752 ἐστι
619 2687 701 2763 θεὸς
723 2682 912 2772 ἀγίννητος,
947 2682 965 2764 6
990 2687 1025 2752 δὲ
1047 2686 1129 2764 θεὸς
1150 2711 1263 2771 γεννη-

236 2783 311 2860 τὸς,
345 2786 412 2847 τιῦν
441 2783 574 2868 φύσεων
597 2780 825 2869 ἀκοινωνητιον
849 2781 974 2862 οῦσιῦν,
1005 2778 1167 2849 ἀδύνατόν
1190 2782 1263 2849 ἔστι

238 2883 439 2967 κοινωνῆσαι
471 2879 555 2945 κατὰ
583 2881 684 2966 φύσιν
712 2885 759 2966 τῷ
792 2884 850 2946 τοῦ
888 2876 1050 2963 ἀνάριστος
1082 2875 1257 2963 ἀξιώματι,

191 2974 308 3045 1νάλῖ
335 2979 364 3044 εἰ
387 2976 451 3061 ἀρα
473 2983 710 3065 καταχρηστικῇ
740 3004 806 3044 τινι
833 2977 959 3060 χάριτι,
995 2981 1047 3043 καί
1073 2974 1153 3043 αὐτὸ
1176 2977 1302 3048 κατάεο

239 3077 444 3160 σομμετοχῂν
467 3078 525 3138 τοῦ
549 3077 711 3142 πλουσίου
734 3077 948 3159 χαριζομένου
963 3078 1009 3158 τῷ
1032 3072 1159 3161 ἥσσονι.
1192 3070 1262 3138 ῦδὲ
1355 3085 1362 3100 “

240 3169 350 3259 ἥσσων
374 3169 431 3238 οῦκ
455 3170 495 3236 ἀν
519 3197 602 3238 ποτε
625 3174 671 3250 εἰς
692 3173 732 3237 τὸ
755 3176 812 3237 τοῦ
844 3173 994 3254 μείζονος
1017 3168 1122 3250 ὄνομα
1145 3170 1262 3235 ἑαυτὸν

239 3273 396 3348 καλέσειε,
420 3268 619 3335 παντάπασι
646 3268 815 3354 γινώσκων
838 3264 1056 3386 ἀλλότριον(
1042 3265 1159 3331 εαοτὸν
1182 3262 1262 3330 ὄντα

241 3373 297 3433 τοῦ
321 3365 405 3434 κατὰ
428 3366 529 3454 φύσιν
553 3362 740 3449 ἀξιώματός
762 3391 798 3430 τε
819 3391 872 3462 και
898 3359 1068 3446 ὀνόματος
1103 3363 1205 3441 λέξειε
1228 3358 1259 3426 δ’

244 3464 281 3532 ἀν
296 3471 348 3544 τίς
363 3489 427 3542 σοι,
453 3467 479 3530 ὠ
500 3460 616 3543 Ἀέτιε,
639 3464 678 3529 τὸ
702 3462 844 3540 “θεός’
826 3488 864 3576 ην
888 3458 1017 3545 ὁλάγυς
1040 3487 1092 3526 και
1117 3456 1174 3525 οῦκ
1195 3459 1263 3545 έγέ·
1249 3480 1303 3530 ·ν,5

243 3587 314 3631 νετο
330 3560 413 3640 θεὸς
437 3557 593 3647 ὁλόγοςί
621 3565 696 3638 πῶς
719 3562 784 3639 ε’ξει
806 3559 844 3624 τὸ
867 3559 950 3625 κατὰ
973 3558 1073 3646 φῦσιν
1096 3561 1153 3645 τῆς
1176 3552 1265 3642 εῦγε-

244 3669 332 3740 νείας
367 3657 481 3743 ὄνομα,
515 3655 632 3745 ηπῶς
660 3658 876 3743 ισωθήσεται,
911 3659 1006 3740 εἰπερ
1028 3683 1061 3722 τι
1083 3661 1196 3778 γέγονε
1216 3654 1264 3737 τῷ

185 3762 300 3826 ξτοῦ
323 3761 475 3841 Χριστοῦ
499 3750 736 3840 ἀξιώματαῦ
716 3758 832 3841 ηπῶς
853 3754 892 3820 τὸ
922 3755 1024 3832 θεὸς
1045 3743 1092 3838 ἦν’
1095 3748 1266 3871 ’666666-

245 3881 347 3935 σεται,
370 3855 488 3940 χρόνον
511 3880 555 3941 μη
547 3853 814 3936 επιδεχομὲνοο
835 3856 894 3917 τοῦ
924 3855 963 3939 ἠν
986 3853 1056 3917 διαί
1044 3857 1146 3932 ίρεσιν
1170 3844 1265 3930 εργά-

245 3960 375 4021 σασθαι
408 3945 468 4018 κάν
502 3979 536 4019 εν
569 3955 616 4038 τῷ
644 3950 794 4032 τυχόντι,·
837 3949 945 4035 γνιῦση
976 3942 1059 4014 ῦὲ”
1041 3971 1093 4011 οτι
1123 3941 1303 4027 ἀναρχοςθο

243 4052 326 4130 θεὸς
357 4047 414 4116 καὶ
449 4047 623 4135 ἀγέννητος
654 4048 738 4126 θεὸς
770 4047 936 4132 ἐγέννησεν
976 4045 1012 4123 έξ
1045 4037 1146 4108 αὑτοῦ
1181 4038 1264 4105 θεὸν

199 4145 362 4233 χὅμοιον
385 4148 503 4233 ἑαυτῷ,
533 4141 571 4212 οῦ
592 4147 704 4230 μόνον,
735 4139 820 4210 ἀλλὰ
847 4147 901 4209 καὶ
931 4142 1005 4208 ἴσον
1033 4137 1116 4205 κατὰ
1144 4137 1264 4203 πάντα.

244 4250 294 4314 καὶ
319 4240 378 4313 οῦκ
401 4245 536 4323 ἔκτισεν,
560 4243 616 4310 ἵνα
636 4243 681 4330 μὴ
705 4238 864 4327 ἀνόμοιος
886 4235 904 4304 6
926 4239 1078 4315 κτισθελς
1093 4233 1267 4322 γενόμενος
