2867 5084
303 313 312 319 .
641 308 645 316 ι

235 918 299 979 514
459 925 660 977 ammoy
677 924 771 975 ΚΑΤΑ
789 924 975 975 mmm
990 925 1019 973 r.
1108 940 1116 965 ι

236 1075 255 1145 5
273 1076 422 1164 Ἰάκωβος
444 1079 574 1166 διέφερε
596 1080 635 1164 τῇ
659 1077 827 1163 ἱερωσύνῃ,
849 1073 1030 1161 ἐπειδήπερ
1049 1073 1085 1139 αἱ
1102 1073 1161 1140 δύο
1183 1099 1244 1161 φυ-

235 1178 288 1243 λαλ
313 1175 515 1264 συνήπτοντο
538 1175 638 1258 μόναι
660 1173 745 1257 πρὸς
767 1171 917 1259 ἀλλήλας,
942 1168 1012 1257 ήτε
1032 1172 1242 1258 βασιλικήτῇ

235 1273 379 1361 λερατικῇ
408 1276 460 1339 καλ
488 1268 506 1359 5
532 1270 673 1358 ἱερατική
696 1275 735 1358 τῇ
757 1271 925 1356 βασιλικῇ,
960 1264 1005 1346 ιύς
1031 1273 1084 1334 καλ
1115 1269 1184 1336 ἀνω
1213 1270 1243 1336 ἔν

234 1371 398 1457 τῇέξάδφ
421 1369 588 1436 Ναασσών
619 1365 636 1433 5
665 1365 733 1434 ἀπὸ
762 1371 820 1432 τού
839 1363 942 1433 Ἰούδα
976 1366 1143 1452 φύλαρχος
1166 1369 1296 1449 λαμ-ιβιδ

210 1468 328 1554 δβάνει
360 1467 417 1555 τήν
436 1462 611 1551 Ἐλισάβετ,
649 1466 706 1552 τήν
740 1460 877 1550 ἀρχαίαν
910 1469 1079 1548 θυγατέρα
1106 1459 1243 1550 Ἀαρών,

235 1565 340 1651 ἑαυτῷ
382 1575 525 1650 γυναῖκα.
597 1559 677 1630 ὅθεν
721 1564 843 1628 πολλαὶ
887 1564 952 1626 τῶν
996 1562 1154 1644 αἱρέσεων
1192 1562 1245 1647 τήν

233 1662 315 1729 κατά
345 1661 448 1746 σάρκα
475 1662 681 1746 γενεαλογίαν
714 1663 772 1725 τοῦ
804 1662 951 1743 σωτῆρος
980 1652 1154 1742 ἀγνοοῦσι,
1195 1663 1246 1725 καί

235 1758 290 1825 διὰ
328 1759 366 1823 τὸ
405 1754 545 1843 ἀπορεῖν
590 1752 708 1834 αύτούς
748 1751 945 1833 ἀπιστοῦσι,
992 1759 1046 1821 καλ
1094 1758 1245 1823 δοκοῦσιν

235 1853 413 1941 ἀντιλέγειν
440 1882 479 1942 τη
503 1850 661 1941 ἀληθείᾳ,
696 1856 857 1939 λέγοντες,
890 1857 964 1930 πῶς
997 1849 1013 1939 ή
1044 1847 1114 1919 ἀπὸ
1144 1857 1246 1940 φυλής

135 1989 137 1993 ·
196 1954 344 2037 ίοΔαβλδ
366 1951 421 2018 καὶ
439 1946 542 2017 Ἰούδα
565 1951 701 2017 δύναται
723 1950 875 2038 συγγενής
901 1947 985 2018 εἶναι
1006 1953 1063 2036 τής
1083 1947 1245 2037 Ἐλισάβετ

234 2053 292 2136 τῆς
315 2044 384 2117 ἀπὸ
407 2052 465 2115 τοῦ
488 2055 594 2130 Λευίς

322 2154 368 2213 14.
404 2136 508 2225 Οὗτος
530 2142 548 2211 5
567 2141 716 2230 Ἰάκωβος
737 2145 792 2211 καὶ
821 2147 963 2212 πέταλον
987 2143 1044 2210 ε’πλ
1065 2148 1125 2230 τῆς
1146 2171 1243 2232 κεφα-

233 2246 291 2333 λής
313 2243 469 2331 έφάρεσε·
502 2246 555 2309 καλ
578 2246 661 2310 ποτὲ
685 2238 841 2328 ἀβροχίας
867 2247 1040 2327 γενομένης
1063 2241 1168 2328 ἐπῆρε
1190 2244 1244 2321 τὰς

231 2353 342 2427 χεῖρας
364 2342 411 2420 εἷς
432 2336 570 2427 ούρανὸν
591 2345 645 2407 καὶ
668 2341 888 2427 προσηύξατο,
913 2343 965 2404 καὶ
987 2335 1089 2417 εύθὺς
1113 2336 1130 2404 5
1148 2335 1262 2425 0555·8

196 2454 224 2505 15
233 2441 289 2517 νὸς
311 2439 428 2506 ἐ’δωκεν
450 2436 551 2507 ἀετόν.
601 2438 711 2523 ἐρεοῦν
735 2440 771 2504 δὲ
794 2437 924 2520 ἱμάτιον
947 2430 1109 2505 οὐδέποτε
1140 2439 1245 2505 ἕνεδύ·

231 2561 324 2611 ,σοτο
362 2536 404 2602 τὰ
426 2538 462 2604 δέ
482 2536 604 2622 γόνατα
627 2531 727 2601 αύτοῦ
744 2535 957 2621 έσκληκίασαν
973 2535 1065 2620 δίκην
1082 2535 1244 2623 καμήλων,

234 2629 383 2700 ἀπὸτοῦ
417 2635 560 2700 πάντοτε
588 2633 750 2717 κάμπτειν
779 2627 861 2698 αύτά
890 2631 1032 2699 ένιύπιον
1062 2643 1175 2716 κυρίου
1205 2628 1241 2700 δι’

232 2728 417 2817 ὑπερβολήν
441 2726 619 2815 εύλαβείας.
656 2734 773 2796 τοῦτον
796 2720 852 2795 σύν
876 2726 1012 2811 ὀνόματι
1043 2724 1153 2797 ούκέτι
1176 2730 1244 2797 έκά·

234 2830 319 2906 λουν,
344 2821 411 2892 ἀλλ’
437 2824 454 2892 5
478 2829 603 2907 δίκαιος
625 2818 664 2914 ἦν
686 2823 775 2912 αύτῷ
805 2826 918 2910 ὄνομα.
968 2817 1064 2905 οὗτος
1086 2823 1243 2894 οὐδέποτε

193 2924 266 2992 55
288 2925 450 3010 βαλανείῳ
474 2924 647 2991 ε’λούσατο·
675 2914 771 3002 οὗτος
793 2924 940 3008 ἐμψύχου
964 2919 1001 2989 ού
1022 2932 1168 3009 μετέσχε,
1190 2951 1243 2992 κα-

231 3019 349 3102 θιὺς”
327 3048 395 3088 ανω
417 3046 475 3105 μοι
498 3022 763 3109 προδεδήλωται
787 3012 882 3100 οὗτος
898 3021 1131 3089 σανδάλισν’
1094 3047 1153 3107 ουχ
1168 3020 1243 3089 ύιτε-

233 3120 364 3208 δήσατο.
402 3146 457 3186 και
449 3119 627 3186 πολλὰ’
609 3148 648 3205 ην
670 3123 748 3204 περὶ
770 3123 829 3184 τοῦ
853 3113 971 3202 ἀνδρὸς
993 3122 1098 3205 λέγειν
1122 3147 1175 3187 και
1189 3123 1242 3206 τῆς

232 3218 383 3303 ἐναρέτου
407 3215 506 3283 αύτού
528 3214 709 3315 πολιτείας.
751 3211 830 3337 5559
853 3207 909 3282 σύν
933 3213 985 3282 ὅτι
1008 3215 1026 3282 5
1050 3214 1140 3298 οἶκος
1162 3243 1240 3284 παν-

231 3316 378 3382 τάπασιν
399 3310 698 3399 ἀξιολογώτατος
680 3340 737 3398 ηνς
777 3314 806 3379 εἰ
828 3314 888 3398 γάρ
912 3339 943 3380 οι
934 3315 1079 3394 παῖδες
1100 3320 1159 3382 τοῦ
1179 3310 1260 3380 Ἰωλ

192 3412 300 3500 τεσήφ
322 3410 456 3499 ήδεισαν
478 3418 666 3497 παρθενίας
687 3410 780 3488 τάξιν
802 3436 855 3476 και
847 3413 1120 3495 Ναζωραίων
1087 3439 1126 3479 το
1144 3418 1238 3497 ιργον,

231 3510 328 3595 πόσῳ
355 3533 391 3594 γε
418 3511 543 3592 μᾶλλον
578 3504 594 3573 5
623 3508 809 3593 πρεσβύτης
836 3515 889 3574 καὶ
918 3517 1027 3592 τίμιος
1061 3506 1143 3598 ἀνήρ
1173 3508 1239 3597 ᾔδει

232 3605 407 3693 φυλάττειν
429 3602 642 3692 παρθένονί
624 3605 722 3692 αγνήν
750 3607 803 3670 καλ
826 3609 924 3688 τιμάν
945 3606 984 3670 τὸ
1007 3613 1131 3688 σκεῦος,
1162 3609 1240 3675 ἔνθα

231 3729 298 3772 που
321 3700 553 3792 5555555055‘
535 3732 554 3790 5
577 3705 642 3768 τῶν
666 3701 857 3786 ἀνθρώπιον
873 3711 1036 3789 σωτηρίας
1071 3701 1149 3772 οὐδὲ
1165 3698 1237 3785 αύτή

229 3799 249 3921 5
279 3802 379 3892 φύσις
406 3796 594 3869 διδάσκειἰ
577 3803 662 3887 ημάς
690 3797 743 3866 ὅτι
751 3794 852 3888 ἀνήρ
884 3803 944 3884 μὲν
976 3804 1015 3888 ήν
1047 3803 1239 3926 πρεσβύτης,

191 3896 460 3986 θούπερβεβηκιὺς
487 3898 573 3965 πολὺ
601 3902 640 3986 τῇ
670 3895 755 3985 ήλικί
757 3924 793 3985 ᾳ,
827 3904 928 3983 μέγας
954 3924 1095 3984 γεγονως
1128 3902 1162 3968 ἕν
1190 3894 1240 3967 ἀν·

232 3998 338 4081 δράσι,
361 3997 482 4076 πιστὸς
502 3997 559 4063 τὸν
581 3995 716 4082 τρόπον,
749 3991 887 4083 εὐλαβής
913 3995 951 4060 τὸ
982 3991 1079 4077 εἶδος.
1126 3998 1240 4086 φάσκει

230 4097 291 4181 γάρ
313 4095 351 4160 τὸ
373 4090 600 4180 εύαγγέλισν”
581 4121 633 4162 οτι
649 4088 729 4181 ἀνήρ
746 4093 952 4180 φοβούμενος
970 4095 1027 4161 τὸν
1042 4096 1127 4164 θεὸν
1144 4097 1241 4183 ἐζήτει

229 4192 341 4276 λάθρα
363 4186 531 4260 ἀπολῦσαι
554 4187 662 4280 αάτήν.
710 4192 845 4278 τελευτᾷ
873 4193 909 4258 δὲ
938 4181 1035 4273 οὗτος
1057 4190 1076 4260 5
1098 4191 1242 4279 Ἰάκωβος

111 4508 348 4632 flu
