2867 5084
284 361 325 424 95
512 374 712 423 οιιννκτιοτ
734 373 827 421 τινα
846 374 1030 421 ιινεειῑαν
1050 376 1077 420 υ.

283 524 430 613 κάμηλον
459 522 517 591 διὰ
539 523 724 610 τρυμαλιᾶς
744 523 888 647 ῥαφίδος
909 522 1075 591 εἰσελθεῖν
1097 514 1118 608 ἢ
1139 521 1303 589 πλούσιον

284 622 318 690 ἐν
346 648 386 711 τῃ
369 622 563 742 βασιλεία
583 624 650 687 τῶν
672 616 848 706 οδρανῶνλ
894 615 933 685 οὐ
956 618 1094 687 δύναται
1114 618 1176 705 γὰρ
1198 619 1306 687 ελσελ-

285 715 408 799 θείη(
397 716 451 787 δτι
471 714 755 815 ἐτυφλώθησαν“
738 714 807 785 υπδ
822 739 881 783 του
865 719 982 784 θεοῦ
997 740 1056 783 του
1040 712 1245 797 αλῶνος,“
1225 740 1305 805 ηγη-
1321 778 1328 791 ,

285 816 424 903 σάμενοι
444 815 502 885 τὸν
524 820 684 933 μαμωνᾶν
707 814 834 883 ἑαυτῶν
855 812 954 895 θεὸν,
982 817 1037 881 καί
1060 808 1237 893 ίαντοίνςς
1217 836 1305 881 υπο-

262 922 426 1001 ῡχειρίους
447 914 668 999 πεποιηκότες
689 916 736 999 τῶ
758 915 831 997 θεῶ
853 916 912 977 τοῦ
935 912 1057 991 αἰῶνος
1076 909 1206 991 τούτου,
1228 934 1306 978 τοο-

284 1018 376 1080 τέστι
403 1016 443 1099 τῇ
472 1014 682 1100 φιλαργυρίᾳ.
729 1007 776 1089 ιδς
802 976 888 1095 λέγει
917 1004 1168 1095 “προσέγετσ’
1149 1008 1220 1077 απὸ
1247 1012 1307 1095 τῆς

286 1110 384 1198 ζύμη-ς
411 1114 477 1176 τῶν
502 1117 714 1196 Φαρισαίων,
744 1105 817 1195 ἥτις
845 1106 934 1174 ἐστίν
962 1104 1165 1191 ὕπόκρισις,”
1193 1109 1246 1173 καί
1271 1106 1305 1174 δν

285 1206 374 1291 ἀλλην
397 1209 492 1292 τόπῳ
516 1204 607 1292 ’ἥτις
629 1206 699 1272 ἐστὶ
723 1206 948 1293 φιλαργυρία”.
980 1209 1034 1272 καί
1050 1206 1106 1272 ἵνα
1121 1207 1210 1291 δείξῃ
1225 1204 1307 1271 ταύ-

285 1330 343 1385 της
363 1306 402 1370 τὸ
425 1302 636 1388 ἀποτέλεσμα
658 1303 766 1370 καὶτὸ
782 1304 884 1387 ἐ’ργον,
908 1305 994 1388 λέγει
1017 1298 1152 1389 “δδηγοί
1167 1303 1232 1370 εἰσι
1247 1318 1331 1368 τυ-Ι)

249 1418 278 1469 10
287 1400 376 1491 φλοί.
407 1401 532 1489 τυφλὸς
554 1404 591 1468 δὲ
612 1403 739 1490 τυφλὸν
761 1397 898 1488 ὁδηγῶν,
922 1396 1107 1488 ἀμφότεροι
1130 1400 1177 1479 εἰς
1197 1399 1306 1485 βόθυ-

287 1524 342 1567 νον
366 1502 613 1584 ίμπεσοῦνται”.
645 1499 761 1584 ἐπειδὴ
783 1501 845 1584 γὰρ
868 1497 1058 1585 ἐτύφλωσεν
1080 1492 1199 1576 αὐτοὺς
1213 1494 1233 1586 ἡ
1246 1522 1305 1585 φι-

287 1602 454 1684 λαργυρία,
479 1594 496 1662 ίν
520 1596 601 1676 θεὸς
617 1601 677 1663 τοῦ
693 1597 815 1675 αἰῶνος
829 1595 957 1676 τούτου,
981 1600 1034 1662 καὶ
1051 1590 1089 1662 οὗ
1105 1595 1305 1681 κατηύγασεν

288 1691 306 1763 δ
336 1693 508 1784 φωτισιιδς
540 1699 599 1761 τοῦ
635 1690 823 1781 εὐαγγελίου
855 1694 890 1761 ἐν
918 1705 994 1772 ταῖς
1014 1696 1164 1777 καρδίαις
1186 1688 1305 1772 αὐτῶν,

288 1791 345 1861 διὰ
366 1793 405 1860 τὸ
427 1795 665 1880 τετυφλῶσθαι
687 1796 764 1878 περί
786 1791 845 1879 τὴν
867 1793 1096 1913 φιλαργυρίαν.
1138 1787 1220 1878 αὕτη
1244 1789 1307 1876 γὰρ

252 1906 280 1957 15
288 1918 342 1957 και
365 1892 421 1957 τὸν
441 1886 564 2007 Ἰούδαγ
583 1891 782 1978 ἐτύφλωσεν,
806 1885 888 1973 αὕτη
901 1891 954 1956 καί
970 1888 1048 1968 τοὺς
1062 1914 1139 1973 περι
1129 1884 1305 1957 Ἀνανίαν

288 1984 486 2067 ἀπέκτεινεν,
510 1984 590 2073 αἱτη
613 1982 790 2066 πολλοὺς’
774 1987 943 2101 ν-φάγιοεν
974 1976 1071 2065 οὗτός
1086 1982 1206 2053 ίστιν“
1191 2010 1210 2051 ο
1224 1986 1308 2065 θεὸς

287 2090 346 2151 τοῦ
369 2086 490 2162 αἰῶνος
511 2084 639 2163 τρίτοι,
671 2083 708 2149 ὃν
731 2083 948 2170 αίρησάμενοι
968 2085 1052 2151 θεὸν
1074 2084 1108 2150 οί
1125 2081 1307 2169 ἀνθρωττοι

288 2182 490 2266 ἐπελάβοντο
517 2184 575 2265 τῆς
603 2182 689 2264 πρὸς
718 2176 818 2247 αυτὸν
840 2184 951 2267 τιμῆς,
981 2185 1035 2248 καί
1057 2180 1307 2269 κατεφρόνησαν

287 2282 345 2345 τοῦ
368 2284 495 2361 κυρίου,
520 2274 564 2356 ὡς
587 2279 673 2363 λέγει
696 2282 775 2343 “105
796 2279 857 2360 μὲν
879 2277 952 2357 ἑνὸς
974 2274 1165 2359 ἀνθέξεται,
1188 2282 1248 2345 τοῦ
1271 2280 1308 2347 δὲ

250 2376 400 2461 ιθὲτὲρου
413 2375 692 2499 καταφρρνήσει·
725 2370 763 2441 οὗ
793 2374 940 2442 δύνασθε
967 2381 1039 2461 θεῷ
1062 2376 1229 2444 δουλεύειν
1251 2380 1348 2447 καίειν

243 2476 457 2589 μαμωνζι”.
488 2473 543 2539 καὶ
567 2467 647 2559 δρᾷς
668 2500 707 2560 ρη
709 2476 775 2551 τῶς
796 2498 852 2539 και
873 2476 988 2561 σαφῶς
1004 2472 1044 2538 τὸ
1059 2474 1308 2561 πρᾶγμαὲρμη·

243 2540 479 2656 νευόμενον,·
502 2565 611 2649 οὖδεις
633 2571 694 2656 γὰρ
718 2571 767 2637 ἔνι
789 2570 900 2653 ἕτερος
921 2572 1011 2649 θεὸς,
1036 2566 1094 2637 οἰκ
1116 2568 1202 2638 ἐν’
1166 2576 1308 2658 οορανηῑ,

289 2665 346 2735 οὐκ
368 2668 402 2735 ἐν
423 2672 463 2755 τῇ
485 2671 534 2755 γη,
558 2663 615 2735 οὐκ
638 2668 671 2735 ἐν
694 2672 781 2735 πᾶσι
800 2674 944 2752 χωρίοις,
968 2664 1053 2735 ἀλλά
1075 2664 1123 2749 εἷς
1144 2670 1255 2788 πατὴρ
1274 2669 1311 2749 ἐξ

289 2788 328 2833 ου
351 2765 392 2832 τὰ
414 2766 534 2843 πάντα,
557 2770 610 2833 καί
634 2762 681 2845 εἷς
701 2766 813 2853 κε’·ριος
831 2761 954 2853 Ἰησοῖς
971 2764 1128 2849 λριστὸς,
1152 2760 1193 2833 δι’
1212 2756 1252 2831 οὗ
1266 2766 1310 2833 τὰ

250 2860 416 2939 ωπάντα,
447 2865 546 2929 καλ
530 2889 564 2931 εν
592 2868 725 2947 πνεῦμα
751 2865 790 2929 τὸ
813 2859 922 2948 ἅγιον,
953 2852 1038 2929 ἓν
1010 2889 1037 2949 ιι
1059 2864 1102 2930 τὰ
1123 2865 1234 2930 πάντα
1254 2858 1308 2931 ἀεί

290 2949 374 3027 οὖσα
395 2986 413 3045 η
436 2959 540 3043 τριὰς,
562 2958 662 3042 μία“
645 2988 664 3049 η
688 2961 819 3048 θεότης,
842 2964 896 3027 καί
921 2962 1090 3048 μηδέποτε
1111 2962 1310 3049 προσθήκην

289 3056 512 3143 λαμβάνουσα,
535 3052 613 3123 οὐδὲ
635 3052 813 3145 ἀφαίρεσιν
835 3058 1035 3145 ἐνδεχομένη.

376 3161 426 3222 70.
451 3152 563 3237 ’ίωμεν
585 3156 621 3221 δὲ
643 3151 694 3244 ἐφ’
720 3156 815 3242 ἕτερα
836 3156 940 3225 πάλιν
961 3161 1015 3224 καί
1038 3156 1081 3223 τά
1101 3158 1216 3223 δίκτυα
1230 3154 1310 3223 τοδ-

290 3275 350 3320 του
378 3254 436 3318 τοῦ
465 3251 572 3337 θηρὸς
601 3256 655 3320 καί
684 3253 806 3339 ἐχθροῦ
833 3256 889 3320 καλ
918 3254 1086 3335 δκδικητοῦ
1111 3254 1310 3321 διασπασώ-

251 3356 391 3435 θίμεθα,
414 3344 591 3436 ἀγαπητοί,
615 3350 671 3417 ἐπὶ
694 3352 753 3438 τὴν
775 3351 898 3439 φράσιν
919 3355 978 3438 τῆς
1000 3348 1163 3439 ἀληθείας
1184 3350 1226 3418 τά
1250 3346 1339 3418 δπ’Β

291 3443 392 3514 αὐτοῦ
414 3446 684 3530 ξενολεκτοάμινα
707 3454 863 3535 φέροντες
878 3460 951 3529 τοῖς
965 3451 1180 3535 βουλομένοις
1193 3448 1236 3516 τὰ
1249 3451 1310 3535 τῆς

289 3542 452 3629 ἀληθείας
472 3552 678 3628 καταμαθεῖν
700 3548 754 3613 καί
777 3540 1036 3631 ἀποτρέπεσθαι
1055 3547 1115 3614 τὸν
1137 3549 1214 3612 νοῦν
1235 3540 1309 3613 ἀπὸ

244 3688 249 3695 -
289 3641 584 3722 κακοδιδασκαλίας
611 3643 723 3730 πάσης
750 3643 916 3729 αίρέσεως.
963 3644 1226 3731 ἐπιλαμβάνεται
1246 3643 1311 3731 γὰρ
