2867 5084
179 472 187 483 Ι

550 898 667 980 sicula
686 931 880 982 scurrrumu.
1165 917 1228 980 903

204 1062 258 1105 cr.

236 1070 250 1115 p
306 1116 385 1163 donec
404 1114 489 1163 educat
509 1116 623 1164 iudicium
643 1116 665 1165 in
683 1117 815 1179 victoriam,
841 1126 863 1167 et
887 1118 910 1167 in
936 1120 1033 1166 nomine
1052 1118 1127 1180 ipsius
1146 1126 1229 1177 gentes

307 1184 438 1245 sperabunt
1156 1185 1227 1234 illc

230 1252 254 1301 b.
272 1250 321 1298 lac
339 1265 379 1312 qur
399 1251 482 1299 dicunt
501 1251 589 1299 bonum
608 1252 704 1312 malum,
724 1259 748 1301 et
765 1253 852 1300 malum
867 1254 971 1302 bouum:
991 1253 1032 1315 qui
1052 1260 1142 1313 ponunt
1161 1259 1227 1300 tenc·

307 1319 362 1366 bras
381 1318 473 1379 lucem,
501 1327 523 1366 ct
542 1318 620 1368 luceru
640 1321 767 1369 tenebras:
798 1321 840 1383 qui
859 1321 941 1370 dicunt
968 1320 1038 1369 dulce
1056 1334 1177 1381 omarum,
1205 1328 1227 1368 ct

306 1400 413 1434 amarum
433 1386 502 1435 dulce
1056 1386 1133 1436 troc.
1154 1387 1227 1436 tatu

230 1454 254 1504 8.
273 1454 392 1511 Quoniam
412 1454 523 1502 uoluistis
543 1469 629 1515 aquam
649 1454 727 1514 suco,
752 1471 814 1518 (puae
832 1456 918 1504 leniter
935 1455 1023 1516 currit,
1048 1455 1091 1502 sed
1109 1455 1227 1503 maluistis

278 1534 280 1538 ·
307 1523 367 1571 llasc
388 1523 482 1583 llcgem,
511 1530 534 1570 ct
551 1522 637 1570 Tabcel
657 1524 731 1572 illiurn
751 1524 881 1584 llomeliac,
907 1537 964 1571 erce
982 1522 1094 1571 imminet
1111 1523 1228 1571 Dominus

307 1590 330 1637 iu
348 1603 389 1638 ros
407 1603 493 1651 aquam
514 1591 576 1637 llruii
593 1591 728 1650 violentam,
748 1593 834 1653 Regem
854 1592 1013 1654 Assyriorum,
1032 1599 1077 1638 etc.
1156 1590 1226 1638 sose

272 1657 316 1706 Pro
336 1673 364 1705 co
384 1658 448 1719 quod
467 1658 590 1706 abiecistis
600 1672 686 1720 aquam
696 1659 770 1719 siloe,
789 1674 851 1723 quae
861 1657 922 1707 vadit
934 1673 987 1708 cum
1000 1658 1105 1718 silentio,
1124 1657 1228 1708 adducet

306 1740 379 1787 super
396 1740 436 1773 ros
456 1726 572 1773 Dominus
591 1739 676 1788 aquam
696 1728 758 1776 llurii
778 1729 865 1788 llepem
884 1730 1034 1791 Assyriorum
1156 1724 1226 1774 uooc

271 1792 390 1850 Quoniam
409 1801 537 1856 antequam
557 1795 617 1842 sciat
635 1809 696 1857 puer
713 1796 834 1858 appellare
852 1803 943 1859 putrem
962 1803 1002 1843 aut
1022 1801 1129 1850 matrem,
1148 1795 1226 1856 cupiet

306 1860 437 1924 potentiam
458 1862 575 1922 Damasci,
602 1870 626 1910 et
644 1863 721 1926 spolia
739 1865 869 1925 Samariae,
895 1878 975 1912 coram
994 1862 1057 1924 llere
1075 1863 1226 1924 Assyriorum

1143 1929 1227 1979 lotoe

229 1997 254 2047 6.
271 1996 343 2045 lliser
362 2009 405 2056 ugo
425 1996 538 2058 qnoniam
557 1997 664 2045 conlixus
684 2011 745 2055 srrru,
773 2013 802 2047 co
821 2000 885 2063 quod
906 2000 977 2048 bomo
997 1999 1096 2061 impuris
1114 1998 1182 2046 labiis
1202 1998 1226 2046 ia

306 2064 385 2112 medin
405 2064 486 2126 populi
507 2064 598 2125 impura
617 2065 679 2113 labia
699 2066 808 2114 bubcntis
827 2081 870 2128 ogo
883 2067 971 2127 babilo,
988 2075 1010 2115 ct
1022 2068 1148 2115 {lominum
1160 2080 1227 2114 erer-

305 2133 395 2179 cituum
414 2132 458 2179 ridi
478 2131 555 2180 oculis
574 2133 634 2179 meis
1153 2133 1225 2182 818b

227 2199 251 2249 ’4.
269 2199 361 2248 Nomen
382 2199 433 2246 eius
451 2200 569 2248 vocabunt
580 2199 727 2259 Emmanuel,
746 2201 811 2262 quod
830 2203 1000 2263 iuterpretatur
1014 2202 1141 2249 nobiscum
1162 2201 1225 2248 lleus
1302 2224 1305 2228 ·

216 2278 219 2283 ·
1155 2268 1225 2316 loon

225 2333 251 2383 9.
270 2332 299 2382 lit
316 2333 394 2381 volent
413 2347 467 2380 ussc
486 2334 540 2394 igne
558 2334 686 2394 combusti,
706 2335 825 2391 Quoniam
844 2335 954 2398 paruulus
974 2343 1092 2384 natusest
1105 2336 1183 2390 uobis,
1203 2343 1226 2383 ol

306 2401 368 2449 illius
388 2402 458 2449 clatus
478 2410 513 2449 est
533 2401 602 2450 nobis
1156 2402 1225 2450 tatu

272 2469 346 2529 Magni
367 2469 464 2517 Consilii
486 2469 588 2529 Angelus
1153 2469 1225 2518 rost

214 2535 253 2585 40.
270 2536 323 2585 Non
342 2536 482 2597 gloriabitur
500 2551 566 2585 serra
585 2537 636 2585 sine
656 2536 764 2585 trahente
782 2537 858 2598 ipsam
1077 2567 1082 2577 r
1168 2537 1225 2586 lilb

212 2603 252 2653 1³.
271 2603 424 2653 infirmitates
443 2612 537 2654 nostras
556 2605 670 2665 suscepit,
690 2611 713 2652 cl
732 2606 829 2652 morbos
848 2603 900 2652 tulit
1155 2604 1225 2653 totu

210 2670 251 2721 29,
269 2673 315 2720 Ars
329 2672 421 2721 llabbi:
441 2672 511 2721 labiis
530 2673 659 2733 honorans,
678 2687 721 2721 cor
739 2680 819 2720 autern
838 2671 907 2733 longe
926 2671 987 2720 adro
1005 2678 1123 2721 remotum
1139 2685 1225 2786 g{r8c0n¹s

1219 2758 1224 2783 ι

270 2805 299 2854 Et
317 2815 387 2855 crunt
404 2807 470 2856 robis
488 2807 557 2856 verbu
577 2807 635 2856 buce
656 2808 745 2865 omnia,
771 2807 832 2854 sicut
857 2820 982 2854 sermones
1007 2807 1060 2854 libri
1085 2806 1156 2854 buius
1182 2806 1226 2854 ob-

305 2874 404 2934 signati.
431 2889 502 2937 quem
522 2874 541 2922 si
562 2874 669 2923 dederint
690 2873 780 2922 bomini
799 2875 883 2922 scienti
903 2873 998 2935 literas,
1026 2874 1148 2932 dicentes,
1174 2873 1225 2934 legs

304 2943 364 2990 istu:
392 2941 601 3005 etrespondebit,
628 2956 676 2990 uon
695 2955 795 3004 possum
814 2942 910 3005 legere:
941 2951 975 2991 cst
995 2942 1058 2990 enirn
1076 2943 1225 3002 obsignatus.

304 3009 331 3055 lit
350 3009 446 3066 nutritur
463 3008 524 3057 libcr
542 3010 580 3057 bic
599 3012 623 3057 in
642 3023 728 3059 munus
747 3009 850 3057 bominis
869 3010 1100 3071 nescientislitcras‚
1119 3018 1141 3059 et
1154 3009 1225 3068 dicet,

304 3075 386 3122 nascio
406 3075 487 3123 literas
1153 3076 1224 3124 boob

270 3141 374 3203 Populus
395 3141 432 3188 bic
449 3141 519 3188 labiis
539 3155 576 3189 mc
595 3142 705 3201 honorat,
734 3157 776 3189 cor
800 3152 879 3190 autem
905 3158 987 3191 curum
1006 3143 1075 3202 longe
1094 3149 1129 3189 cst
1146 3156 1159 3189 a
1178 3157 1225 3190 ure.

304 3209 361 3257 Sine
381 3222 452 3255 causa
472 3215 552 3255 autem
571 3207 652 3257 colunt
670 3223 709 3256 mc
728 3209 843 3259 docentes
862 3211 983 3257 doctrinas
1012 3217 1035 3257 et
1052 3209 1163 3257 inundata
1183 3211 1225 3257 lio·

303 3277 394 3325 urinum
1055 3276 1135 3326 md.
1154 3277 1224 3326 illc

207 3344 250 3395 40.
268 3344 320 3394 llon
335 3344 424 3394 esuriet
438 3356 517 3405 nequo
530 3342 602 3400 sitiet,
622 3356 700 3406 neque
711 3350 747 3391 cst
761 3344 908 3405 investigatio
921 3344 1053 3407 sapientiae
1063 3344 1127 3392 illius
1154 3344 1224 3394 'llos

269 3413 321 3462 Non
342 3413 405 3461 cuim
424 3411 540 3459 laborabit
1152 3412 1224 3461 ’4594

270 3481 334 3530 Deus
354 3481 417 3529 enirn
437 3479 504 3528 lonis
524 3493 571 3527 uon
590 3477 714 3540 laborabit,
734 3493 812 3542 neque
831 3479 903 3542 sitiet,
924 3494 1003 3544 neque
1021 3486 1059 3528 eat
1076 3480 1224 3541 investigatio

303 3549 445 3612 prudentiae
463 3547 539 3611 ipsius
1055 3547 1135 3597 (told.
1154 3548 1224 3598 boae

208 3617 252 3666 41.
271 3618 354 3666 uanus
374 3616 467 3664 Domini
487 3615 544 3664 lecit
562 3615 621 3663 baec
641 3615 720 3663 omnia
1151 3615 1223 3665 stou

208 3682 251 3734 43.
270 3685 423 3733 lullrmitutes
442 3690 537 3731 nostras
556 3685 656 3746 portarit
1151 3682 1223 3733 ooau

270 3753 294 3801 Sl
315 3752 439 3802 transieris
456 3765 500 3813 per
518 3764 613 3814 antrum,
632 3757 783 3810 teramum,
803 3757 826 3798 el
844 3750 942 3799 flumina
960 3765 1008 3799 non
1029 3750 1173 3798 concludent
1192 3758 1224 3800 tc.

303 3820 330 3868 Et
350 3821 369 3868 si
389 3819 514 3868 transieris
533 3833 577 3881 per
594 3819 672 3879 ignem
698 3833 746 3867 non
771 3818 935 3867 combureris:
966 3820 1060 3868 bamma
1086 3832 1133 3866 non
1159 3832 1224 3867 corn-

304 3888 374 3936 buret
391 3894 415 3936 te
1151 3885 1224 3935 stol

208 3952 251 4003 44.
269 3954 318 4016 Ego
337 3956 428 4019 primus
447 3961 470 4002 ct
489 3967 532 4014 ego
551 3952 703 4014 novissimus,
728 3961 753 4002 et
776 3961 871 4017 praeter
894 3969 934 4002 mc
956 3968 1005 4003 non
1024 3961 1061 4003 est
1079 3952 1140 4002 elias
1159 3954 1223 4002 [leus

861 4021 937 4072 l8'la.
956 4023 1035 4072 blla.
1054 4021 1135 4071 ble.
1154 4020 1225 4070 54³0

206 4089 250 4140 45.
268 4089 391 4138 laborarit
411 4091 529 4151 Aegyptus
548 4093 573 4136 ct
591 4087 725 4149 negociatio
740 4088 890 4152 Aethiopum,
909 4091 1029 4139 etSrbaru
1046 4090 1089 4138 riri
1108 4089 1224 4138 sublimes

302 4157 331 4207 ad
350 4165 374 4206 te
393 4155 536 4216 transibunt,
557 4163 580 4204 ct
598 4155 657 4204 servi
677 4157 711 4204 tui
730 4162 808 4205 erunt.
843 4157 872 4206 Ει
884 4157 1105 4220 ambulabuntpost
1118 4157 1223 4207 terincti

301 4226 410 4286 manicis,
436 4231 461 4272 et
478 4223 503 4272 in
521 4228 545 4272 te
563 4221 705 4287 adorabunt,
729 4231 754 4273 et
776 4224 800 4273 iu
826 4232 850 4274 te
868 4224 1068 4288 deprecabuntur.
1104 4225 1224 4283 Quoniam
