2867 5084
239 972 299 1036 198
464 983 668 1034 &ammoy
683 982 780 1030 xm
798 981 986 1030 ιινιετεοο
1003 981 1033 1027 ιι.

236 1134 294 1203 ἐπὶ
317 1140 363 1221 τῷ
386 1137 487 1219 πατρί
512 1136 636 1221 ῥητέον.
669 1128 712 1212 ῶς
736 1132 796 1219 γὰρ
820 1131 967 1197 ίνταόθα
987 1130 1082 1214 λέγει,
1108 1124 1260 1216 ἠγάπη-

237 1257 293 1301 σεν
316 1229 415 1299 αὐτὸν
437 1230 456 1318 ἡ
477 1231 567 1317 ψυχή
583 1234 675 1315 μου,”
698 1228 804 1308 οὕτως
819 1230 914 1314 λέγει,
939 1218 1060 1312 ἠὗρον
1074 1227 1189 1311 Δαβὶδ
1204 1227 1259 1292 τὸν

235 1334 295 1395 τοῦ
313 1325 440 1408 Ἰεσσαί,
465 1327 569 1413 ἄνδρα
591 1327 674 1394 κατὰ
695 1328 753 1414 τὴν
775 1327 912 1411 καρδίαν
934 1329 1024 1408 μοο”.
1054 1329 1108 1391 καί
1126 1319 1167 1410 “vj
1183 1348 1261 1408 καρ-

236 1427 294 1492 δία
320 1449 384 1509 μου
410 1425 527 1511 πόρρω
551 1421 667 1508 ἀπέχει
690 1419 747 1490 ἀπ’
774 1420 907 1489 αότῶν”.
954 1422 982 1489 εί
1005 1428 1117 1488 τοίνυν
1141 1420 1199 1487 διὰ
1221 1420 1258 1485 τό

213 1524 480 1610 ετροπικῶτερον
504 1523 671 1610 εἰρῆσθαι,
696 1517 748 1587 ότι
770 1516 940 1607 ἠγάπησεν
962 1515 981 1607 ἡ
1002 1516 1089 1606 ψυχή
1103 1543 1181 1602 μου,
1207 1520 1259 1586 δε·

236 1620 367 1705 χόμεθα
389 1621 427 1687 τὸ
449 1624 529 1706 περὶ
552 1624 672 1706 ψυχῆς,
696 1618 762 1703 όίρα
784 1622 861 1703 γοῦν
883 1620 936 1683 καὶ
960 1615 998 1682 τό
1023 1619 1097 1701 περὶ
1120 1618 1261 1700 καρδίας

235 1718 479 1802 τροπικώτερον
513 1719 649 1804 εἴρηται.
694 1722 748 1782 καὶ
784 1718 883 1802 δῆλον
912 1710 965 1781 ότι
994 1715 1047 1779 καλ
1079 1713 1184 1779 παντὶ
1213 1717 1284 1800 τηλο

237 1815 367 1881 σόνεσιν
390 1821 572 1901 κεκτημένῳ
595 1816 701 1899 σαφές
725 1815 784 1900 εἰἠ.
832 1813 861 1879 εἰ
882 1818 993 1878 τοίνυν
1015 1814 1186 1894 τροπικῶς
1209 1813 1263 1877 λέ-

236 1936 287 1994 γει
307 1914 385 1995 περὶ
409 1915 516 1995 ψυχῆς
539 1907 557 1976 ό
580 1910 699 1997 πατὴρ,
724 1909 781 1976 καὶ
802 1913 881 1995 περὶ
902 1911 1038 1994 καρδίας
1055 1898 1094 1995 ἧς
1109 1902 1171 1974 οὐκ
1185 1910 1265 1975 ἔλα·

198 2016 309 2093 1οβεν·
334 2003 372 2074 οὐ
394 2007 456 2094 γὰρ
480 2007 619 2094 έφόρεοε
642 2008 763 2091 σάρκα·
786 2006 1030 2094 τροπικῶτερον
1053 2005 1101 2083 είς
1116 2005 1178 2072 τὸν
1195 2032 1265 2072 πα-

236 2110 316 2189 τέρα
343 2105 386 2171 τὰ
413 2109 552 2171 τοιαῦτα
581 2100 800 2189 ἀναλογεῖται.
847 2101 956 2171 οὐκέτι
979 2106 1014 2170 δὲ
1036 2103 1159 2170 ταυτὸν
1181 2114 1264 2190 περὶ

236 2200 293 2269 τόν
322 2203 393 2269 υἱὸν
415 2199 558 2290 ἡγητέον.
605 2198 623 2267 ό
646 2200 717 2281 υίὸς
737 2203 799 2289 γὰρ
823 2204 919 2288 ἐ’λαβε
941 2201 1046 2288 σάρκα
1067 2202 1121 2266 καλ
1146 2205 1265 2269 πᾶσαν

236 2298 294 2386 τὴν
317 2295 535 2388 ἀνθρωπείαν
560 2306 668 2367 θέσιν.

323 2408 373 2465 51.
397 2397 512 2466 Ἔσται
538 2398 599 2485 γὰρ
622 2402 721 2463 τοῦτο
745 2397 892 2464 ἐναντίον
915 2399 962 2482 τῷ
984 2398 1062 2480 περὶ
1086 2397 1162 2462 υἱοῦ
1185 2420 1266 2480 τρο·

197 2505 226 2556 15
235 2494 419 2580 πικώτερον
443 2499 570 2581 λέγοντι
593 2498 670 2581 περὶ
691 2498 751 2581 τῆς
774 2494 807 2561 ἐκ
829 2493 1016 2578 προσώπου
1040 2492 1310 2581 ένανθρωπή-πί

237 2615 321 2670 σεως
353 2587 413 2658 κόν
445 2594 479 2658 όν
510 2619 577 2659 τινι
608 2599 701 2677 μέρει
734 2590 832 2677 λόγου
860 2597 1034 2676 γενομένης
1060 2586 1268 2671 ὑποθέσεως

237 2689 294 2755 διὰ
315 2693 374 2756 τοῦ
406 2686 576 2775 ἀληθινῶς
606 2689 875 2776 ένανθρωπίησαι.
922 2689 951 2754 εί
980 2687 1041 2773 γὰρ
1068 2682 1266 2775 ἀλληγορεῖ-

236 2811 292 2850 ται
314 2786 353 2850 τὸ
376 2789 453 2869 περὶ
485 2789 592 2872 ψυχῆς
619 2787 707 2864 υλοῦ,
737 2791 792 2852 καὶ
819 2785 1064 2870 τροπικῶτερον
1090 2788 1170 2868 περὶ
1202 2781 1266 2852 αό-

236 2885 294 2966 της
316 2878 539 2969 ὑποληπτέον,
564 2880 628 2967 ἄρα
650 2885 703 2947 καλ
727 2887 805 2968 περὶ
827 2884 962 2969 καρδίας
984 2880 1026 2947 τὰ
1048 2885 1189 2948 τοιαῦτα
1207 2883 1264 2952 λε-

197 2978 355 3061 οθλίχθω.
401 2981 455 3044 καλ
485 2978 635 3062 δώσομεν
664 2979 784 3045 λοιπόν
806 2980 848 3047 τὰ
869 2981 981 3046 πόντα
1004 2978 1136 3064 δόκησιν
1161 2974 1262 3062 εἶναι,

235 3079 291 3143 καὶ
313 3071 370 3142 αι’-κ
391 3071 563 3164 ἀλήθειαν.
608 3081 776 3160 τροπικῶς
798 3079 925 3164 ε’ίρηται
947 3076 1003 3144 καὶ
1024 3075 1104 3161 περὶ
1125 3077 1262 3161 σαρκός,

235 3174 319 3242 κατὰ
339 3174 397 3241 τόν
420 3177 609 3262 φιλονείκου
629 3170 761 3259 Ἀρείου
784 3175 889 3258 λόγον.
921 3180 974 3241 καί
998 3169 1105 3241 οόκέτι
1120 3176 1266 3259 καρδίαν

237 3273 327 3354 ἔσχεν
355 3273 466 3339 έλθῶν
490 3269 507 3338 ὁ
530 3273 640 3359 λόγος,
672 3270 748 3339 οὔτε
769 3262 860 3359 ἧπαρ
883 3270 960 3339 οὔτε
981 3273 1086 3357 σάρκα
1108 3269 1186 3339 οὔτε
1210 3274 1267 3359 ἔγ-

236 3394 320 3434 κατα
347 3368 423 3436 οότε
447 3365 560 3447 ὀστέα,
592 3367 723 3437 οότετι
745 3370 1009 3448 τῶντοιούτων,
1041 3364 1124 3434 ἀλλὰ
1146 3369 1266 3437 πάντα

197 3465 357 3530 κολοιπόν
387 3461 617 3551 όλληγορεῖται
639 3466 694 3533 καὶ
715 3467 961 3550 τροπικιότερον
984 3468 1128 3551 λέγεται,
1157 3461 1180 3553 ἢ
1204 3464 1262 3535 ὅτι

238 3557 323 3640 όλως
346 3562 470 3660 ιηυρτόν
494 3566 589 3647 ἔλαβε
612 3567 724 3647 σῶμα,
753 3566 854 3653 μηδὲν
877 3568 943 3629 τῶν
966 3564 1151 3630 ἐντοσθίων
1175 3563 1294 3647 ἔχοις

237 3663 312 3737 πῶς
334 3661 391 3726 σόν
412 3659 514 3745 ἤσθιε
535 3664 588 3726 καί
612 3660 742 3744 έπινενς
766 3658 850 3729 ἀλλὰ
866 3658 984 3747 ἄπαγε.
1016 3662 1045 3729 εί
1062 3662 1097 3727 δὲ
1113 3657 1131 3726 ό
1147 3660 1265 3749 πατὴρ

238 3758 325 3842 λέγει
352 3758 489 3840 καρδίαν
516 3759 570 3823 καλ
593 3757 715 3844 ψυχὴν,
748 3759 884 3826 δύναται
907 3762 943 3825 δέ
967 3759 1014 3838 είς
1036 3753 1136 3824 αι’·τόκ
1158 3752 1267 3848 όιλλη-

237 3861 416 3939 γορεῖσθαι
437 3857 490 3920 καλ
512 3859 680 3938 τροπικῶς
698 3859 865 3942 λέγεσθαι,
889 3859 943 3923 καλ
960 3857 1007 3935 είς
1022 3856 1079 3922 τὸν
1095 3855 1167 3922 οἶόν
1183 3880 1266 3941 τρο-

198 3955 361 4030 3οπικῶς,
393 3951 508 4017 διὰτὸ
531 3945 711 4034 ἀρνεῖσθαι
733 3948 833 4018 αὐτόν
857 3954 1027 4041 εἰληφέναι
1050 3952 1165 4039 ψυχήν.
1214 3955 1266 4036 είς

240 4049 276 4114 δέ
302 4047 342 4114 τό
370 4052 447 4135 περὶ
477 4050 613 4132 καρδίας
638 4049 845 4132 πιεζόμενοι,
876 4045 913 4115 οὗ
938 4051 1093 4117 δύνανται
1116 4046 1267 4141 ἀρνήσα-

240 4152 334 4223 σθαι,
359 4146 474 4213 διὰτὸ
498 4142 739 4231 ὁμολογεῖσθαι
762 4141 838 4229 παρ’
864 4142 973 4213 αὐτῶν
995 4152 1109 4215 πᾶσαν
1123 4147 1183 4235 τὴν
1200 4156 1267 4218 θέ-

240 4261 293 4304 σιν
316 4245 374 4305 τοῦ
397 4245 550 4328 σώματος
572 4247 631 4310 τοῦ
652 4249 766 4327 κυρίου
789 4242 976 4330 είληφίναι,
1007 4240 1159 4313 ἀπὸτοῦ
1181 4270 1267 4336 καρ-
