2867 5084
479 961 600 1015 εκκιιι,
618 958 821 1016 mmmmm
1096 953 1159 1017 289

133 1110 311 1198 γεγονότα,
346 1112 412 1179 ε’ίτε
441 1113 487 1190 είς
513 1114 571 1200 τήν
605 1114 716 1183 ἄλλων
753 1117 966 1203 δημιουργίαν
994 1109 1161 1202 ὑπουργή-

137 1235 260 1288 σαντα,
290 1202 367 1275 οὐδὲ
396 1204 494 1276 αὐτόν
518 1207 622 1290 σῦτως
645 1215 707 1292 ἔξω
735 1211 872 1300 ποιήσει
892 1215 950 1300 τής
971 1215 1037 1278 τῶν
1059 1236 1161 1298 ποιη-

133 1307 254 1391 μάτιον
283 1306 418 1384 ε’ννσίας.
465 1303 509 1386 ιῦς
536 1308 597 1392 γὰρ
627 1305 722 1375 οὐδὲν
745 1311 897 1396 διαφέρει
925 1308 963 1374 τὸ
985 1312 1025 1396 τῇ
1048 1310 1160 1394 λαβίόι

137 1404 172 1471 ἐκ
196 1407 255 1468 τοῦ
278 1410 520 1490 θυσιαστηρίου
542 1404 599 1470 τόν
622 1403 791 1490 ἄνθρακα,
823 1404 867 1492 μή
897 1399 977 1492 αῦτῇ
1004 1409 1045 1492 τῇ
1074 1406 1160 1491 χειρί

135 1500 387 1585 λαμβάνεσθαι,
424 1500 480 1567 καὶ
510 1501 566 1568 διὰ
593 1502 713 1589 ταύτης
741 1499 972 1590 ήχαλκεντική
1002 1504 1051 1585 εἴη
1082 1503 1185 1571 ἐπε-5

134 1597 268 1663 λαύνειν
301 1598 358 1664 τὸν
395 1600 529 1684 σίδηρον
564 1600 669 1666 (ἔσται
701 1599 763 1686 γάρ
798 1599 853 1667 καὶ
881 1593 900 1684 ή
934 1599 1029 1683 λαβίς
1057 1607 1110 1665 καί
1142 1596 1159 1666 ὁ

137 1694 195 1761 διὰ
217 1693 337 1781 ταύτης
360 1694 574 1779 ἐλαυνόμενος
597 1699 731 1782 σίδηρος
753 1701 811 1764 τοῦ
837 1702 950 1782 γένους
971 1698 1037 1761 τιῦν
1059 1719 1160 1779 ποιη-

105 1791 274 1875 Βμάτων),
304 1789 408 1870 οὕτως
431 1788 525 1859 οὐδὲν
549 1794 670 1859 διοίσει
697 1797 764 1861 τῶν
786 1793 983 1878 ποιημάτων
1013 1787 1095 1859 όόἰ
1121 1781 1160 1859 οὗ

129 1888 178 1955 ,τά
201 1888 322 1968 πάντα,
347 1888 375 1955 εἰ
396 1888 440 1976 μή
465 1890 553 1956 ἔστιν
577 1889 656 1968 υἱὸς,
684 1886 730 1969 ιός
751 1887 770 1978 ή
795 1888 915 1979 φυσική
939 1891 1051 1957 ἔννοια
1074 1885 1161 1956 ύπο-

130 1985 262 2070 βάλλει.
318 1990 477 2072 ποιηθεὶς
507 1989 542 2054 δέ
571 1991 703 2071 πρῶτος
737 1989 830 2056 ἕσται
862 1991 929 2054 τιῦν
960 1986 1158 2074 ποιημάτων
1170 2001 1201 2053 10

134 2085 189 2149 καὶ
215 2080 352 2168 ὄργανον
375 2084 545 2168 γινόμενος
572 2087 619 2170 τηῦ
649 2091 782 2174 ποιητῇ,
812 2080 852 2152 δι’
879 2075 917 2150 σύ
939 2084 981 2151 τὰ
1003 2083 1115 2152 πάντα
1139 2081 1157 2150 ό

129 2187 269 2267 κτίστης
292 2181 469 2265 ἐργάζεται.

224 2284 253 2342 5.
285 2282 349 2343 Καὶ
374 2273 432 2344 ούκ
455 2277 494 2344 άν
510 2304 561 2357 τις
576 2287 756 2367 σοφίσαιτο
774 2279 832 2367 τήν
847 2281 905 2345 τοῦ
924 2279 1016 2356 ἰδίως
1031 2276 1160 2362 πατρὸς

131 2375 190 2441 καὶ
213 2377 272 2440 τοῦ
296 2375 389 2456 ἰδίως
411 2377 484 2442 υἱοῦ
507 2377 634 2443 ἔννοιαν
658 2376 692 2444 ἔκ
713 2381 779 2443 τιῦν
799 2381 995 2460 κοινοτέρων
1011 2375 1091 2440 υἱῶν
1107 2376 1160 2442 λε-

131 2478 293 2559 γομένων,
318 2473 392 2540 ἐπεὶ
414 2469 519 2552 ούτως
542 2477 660 2540 πολλοὶ
686 2476 818 2542 ἔσονται
842 2474 873 2540 οἱ
897 2473 961 2539 υἱοὶ
986 2475 1044 2537 τοῦ
1063 2474 1158 2553 θεοῦ,
1170 2487 1199 2538 1⁵

127 2567 217 2637 Ιόταν
240 2570 316 2656 λίγη
351 2569 462 2649 Ηυἱοὺς
491 2571 644 2660 ἐγέννησα
676 2578 731 2639 καί
759 2568 896 2654 όψωσα,
931 2564 1023 2635 αῦτσί
1055 2569 1091 2635 δέ
1117 2594 1159 2652 με

132 2663 332 2754 ήθέτησαν.”
361 2671 413 2734 καί
437 2668 475 2734 τὸ
499 2664 588 2752 “σύχί
613 2669 722 2758 πατήρ
739 2665 786 2748 εἷς
801 2668 935 2734 πάντων
958 2663 1081 2750 ύμιῦν,·”
1103 2669 1156 2732 καὶ

85 2772 124 2820 (2
135 2762 237 2832 “όσοι
259 2765 377 2850 ἔλαβον
400 2760 509 2845 αὐτὸν,
534 2768 651 2834 ἔδωκεν
667 2764 781 2845 αὐτοῖς
796 2766 947 2844 ἐξουσίαν
963 2770 1059 2831 τέκνα
1074 2766 1159 2831 θεοῦ

130 2869 311 2950 γενέσθαι·
335 2866 369 2928 οἳ
390 2857 448 2928 οόκ
471 2862 505 2929 ἐκ
527 2864 715 2950 θελήματος
735 2863 865 2949 σαρκὸς,
890 2866 1001 2949 φησίν,
1025 2856 1101 2928 οῦδὲ
1125 2861 1159 2928 ἔκ

130 2960 326 3046 θελήματος
354 2955 488 3045 άνόρὸς,
527 2955 594 3027 άλλ’
626 2962 660 3027 έκ
694 2966 777 3030 θεοῦ
811 2960 1060 3047 ἔγεννήθησαν.”
1103 2962 1199 3026 καίεο

133 3058 223 3142 πρὸς
243 3057 376 3136 τούτοις
398 3061 474 3143 περὶ
499 3052 635 3142 άψύχων
660 3054 726 3137 ’κός
744 3056 761 3124 ό
776 3056 917 3134 τετσκάνς
938 3055 1058 3140 βόλους
1080 3055 1158 3138 ὀρό-

134 3157 233 3222 σου.”
267 3155 323 3222 ἐπὶ
347 3155 408 3241 γάρ
437 3155 540 3222 πλέον
570 3155 626 3221 διά
654 3155 780 3222 τούτισν
807 3152 1159 3238 κατασκεινασθήσεται

133 3247 208 3320 άπὸ
237 3255 294 3339 τής
321 3256 432 3340 κοινῆς
454 3252 598 3339 κλήσεως
625 3252 729 3339 τὸμὴ
753 3247 837 3319 εἶναι
863 3251 923 3334 μὲν
946 3246 1044 3317 αῦτόν
1074 3247 1156 3329 υἱόν,

127 3345 180 3428 οῦς
204 3345 281 3416 οῦδὲ
303 3353 422 3430 ταῦτα,
458 3357 588 3432 ποίημα
617 3351 652 3416 δὲ
682 3346 761 3414 ὄντα
790 3345 834 3426 ιῦς
859 3350 980 3426 ταῦτα,
1014 3345 1158 3433 κλήσεως

134 3447 210 3514 νίσῦ
232 3444 336 3531 μόνης
357 3454 512 3532 μετέχειν.
558 3443 577 3533 ή
608 3447 643 3512 δέ·
677 3445 829 3531 ἐκκλησία
856 3453 1075 3512 πεπίστευκεν
1106 3439 1198 3511 ότιίο

134 3543 217 3623 θεὸς
240 3537 280 3609 οῦ
301 3544 403 3627 μόνον
426 3544 496 3611 έστί
519 3551 650 3630 κτίστης
665 3541 852 3625 κτισμάτων
875 3546 984 3617 (τοῦτο
1005 3541 1066 3627 γάρ
1079 3537 1158 3607 'Iov-

128 3642 229 3708 ύαίοί
250 3666 287 3709 τε
306 3643 359 3707 καὶ
375 3637 525 3728 Ἓλληνες
548 3642 766 3719 ἐπίστανται),
797 3633 865 3706 ἀλλ’
890 3636 943 3705 ότι
970 3642 1024 3706 καὶ
1047 3639 1158 3725 πατήρ

104 3738 210 3808 θύσει
235 3740 449 3824 μονογενοῦς,
483 3734 521 3804 σύ
549 3739 651 3823 μόνον
679 3737 738 3824 τήν
765 3736 931 3822 κτιστικήν
959 3738 1039 3820 έχων
1070 3735 1158 3821 ἐνέρ-

128 3861 239 3923 γειαν,
263 3830 320 3923 ἀφ’
344 3825 383 3921 ἧς
404 3843 536 3922 κτίστης
557 3846 693 3915 νοεῖται,
722 3830 806 3901 άλλά
827 3838 880 3901 καί
906 3831 998 3911 ίόίως
1019 3835 1072 3899 καὶ
1095 3856 1158 3916 μσ-

127 3935 277 4020 αογενιῦς
303 3934 506 4020 γεννητικὴν,
542 3926 618 3999 καθ’
650 3930 687 4018 ήν
715 3931 826 4019 πατήρ
854 3933 1051 4016 μονογενοῦς
1079 3924 1199 4014 ήμῖνθθ

126 4041 274 4099 «νοεῖται.
305 4033 404 4096 τοῦτο
426 4029 487 4115 γάρ
510 4029 678 4098 παιδεύων
701 4025 787 4114 ήμᾶς
810 4023 1007 4112 όμακάριος
1021 4027 1159 4106 Παῦλος

127 4126 258 4215 γράφει
281 4127 420 4195 “τούτον
441 4127 503 4214 γάρ
523 4128 618 4214 χάριν
640 4127 782 4212 κάμπτω
799 4123 841 4191 τὰ
855 4122 978 4209 γόνατά
992 4147 1056 4208 μου
1072 4123 1159 4206 πρὸς

121 4222 192 4293 τόν
221 4229 369 4310 πατέρα,
402 4224 438 4305 έξ
459 4214 498 4291 οὗ
518 4229 615 4294 πᾶσα
639 4222 767 4310 πατριὰ
796 4221 830 4290 έν
858 4215 986 4306 οὐρανῷ
1015 4219 1071 4290 καὶ
1099 4221 1158 4290 έπί

188 4325 337 4379 epiphanus.
362 4325 400 4370 ΙΙΙ.
974 4325 1005 4378 19

1016 4448 1237 4606 Λ
