<?xml version="1.0" encoding="UTF-8"?>
<!DOCTYPE html PUBLIC "-//W3C//DTD XHTML 1.0 Transitional//EN"
    "http://www.w3.org/TR/xhtml1/DTD/xhtml1-transitional.dtd">
<html xmlns="http://www.w3.org/1999/xhtml" xml:lang="en" lang="en">
 <head>
  <title>
</title>
<meta http-equiv="Content-Type" content="text/html;charset=utf-8" />
  <meta name='ocr-system' content='tesseract 3.04.00' />
  <meta name='ocr-capabilities' content='ocr_page ocr_carea ocr_par ocr_line ocrx_word'/>
</head>
<body>
  <div class='ocr_page' id='page_1' title='image "./opera01dindgoog_0423.png"; bbox 0 0 2867 5084; ppageno 0'>
   <div class='ocr_carea' id='block_1_1' title="bbox 589 964 1259 1046">
    <p class='ocr_par' dir='ltr' id='par_1_1' title="bbox 589 964 1259 1046">
     <span class='ocr_line' id='line_1_1' title="bbox 589 964 1259 1046; baseline 0.009 -6"><span class='ocrx_word' id='word_1_1' title='bbox 589 987 708 1041; x_wconf 72' lang='grc' dir='ltr'><strong><em>τκκκι.</em></strong></span> <span class='ocrx_word' id='word_1_2' title='bbox 727 991 918 1042; x_wconf 66' lang='lat' dir='ltr'><em>montom</em></span> <span class='ocrx_word' id='word_1_3' title='bbox 1008 964 1012 971; x_wconf 76' lang='grc'><strong><em>’</em></strong></span> <span class='ocrx_word' id='word_1_4' title='bbox 1199 983 1259 1046; x_wconf 79' lang='grc'><strong><em>381</em></strong></span> 
     </span>
    </p>
   </div>
   <div class='ocr_carea' id='block_1_2' title="bbox 185 1128 1303 4284">
    <p class='ocr_par' dir='ltr' id='par_1_2' title="bbox 185 1128 1303 4253">
     <span class='ocr_line' id='line_1_2' title="bbox 273 1128 1266 1233; baseline 0.01 -27"><span class='ocrx_word' id='word_1_5' title='bbox 273 1128 284 1144; x_wconf 67' lang='grc'><strong><em>’</em></strong></span> <span class='ocrx_word' id='word_1_6' title='bbox 328 1140 388 1207; x_wconf 88' lang='grc' dir='ltr'><strong><em>κα’.</em></strong></span> <span class='ocrx_word' id='word_1_7' title='bbox 426 1140 469 1206; x_wconf 71' lang='lat' dir='ltr'><strong><em>El</em></strong></span> <span class='ocrx_word' id='word_1_8' title='bbox 495 1137 515 1226; x_wconf 76' lang='grc' dir='ltr'><strong><em>ἡ</em></strong></span> <span class='ocrx_word' id='word_1_9' title='bbox 545 1135 718 1227; x_wconf 87' lang='grc' dir='ltr'><strong><em>ἀγέννητος</em></strong></span> <span class='ocrx_word' id='word_1_10' title='bbox 753 1136 851 1208; x_wconf 83' lang='grc' dir='ltr'><strong><em>οῦσία</em></strong></span> <span class='ocrx_word' id='word_1_11' title='bbox 883 1150 1038 1227; x_wconf 73' lang='grc' dir='ltr'><strong><em>κρείττων</em></strong></span> <span class='ocrx_word' id='word_1_12' title='bbox 1073 1145 1142 1212; x_wconf 79' lang='grc' dir='ltr'><strong><em>ίστί</em></strong></span> <span class='ocrx_word' id='word_1_13' title='bbox 1175 1155 1266 1233; x_wconf 86' lang='grc' dir='ltr'><strong><em>γενέ·</em></strong></span> 
     </span>
     <span class='ocr_line' id='line_1_3' title="bbox 210 1236 1264 1322; baseline 0.009 -17"><span class='ocrx_word' id='word_1_14' title='bbox 210 1256 338 1317; x_wconf 76' lang='grc' dir='ltr'><strong><em>Βσεως,</em></strong></span> <span class='ocrx_word' id='word_1_15' title='bbox 367 1239 502 1305; x_wconf 72' lang='grc' dir='ltr'><strong><em>οἴκοθεν</em></strong></span> <span class='ocrx_word' id='word_1_16' title='bbox 531 1239 649 1321; x_wconf 81' lang='grc' dir='ltr'><strong><em>ἕχοοσσ</em></strong></span> <span class='ocrx_word' id='word_1_17' title='bbox 678 1239 716 1303; x_wconf 87' lang='grc' dir='ltr'><strong><em>τὸ</em></strong></span> <span class='ocrx_word' id='word_1_18' title='bbox 743 1250 907 1322; x_wconf 82' lang='grc' dir='ltr'><strong><em>κρεῖττον,</em></strong></span> <span class='ocrx_word' id='word_1_19' title='bbox 936 1236 1016 1306; x_wconf 77' lang='grc' dir='ltr'><strong><em>αἰτὸ</em></strong></span> <span class='ocrx_word' id='word_1_20' title='bbox 1049 1239 1147 1311; x_wconf 90' lang='grc' dir='ltr'><strong><em>οῦσία</em></strong></span> <span class='ocrx_word' id='word_1_21' title='bbox 1175 1247 1264 1314; x_wconf 81' lang='grc' dir='ltr'><strong><em>ἐστὶν</em></strong></span> 
     </span>
     <span class='ocr_line' id='line_1_4' title="bbox 240 1331 1264 1427; baseline 0.01 -26"><span class='ocrx_word' id='word_1_22' title='bbox 240 1331 426 1422; x_wconf 86' lang='grc' dir='ltr'><strong><em>ἀγέννητος.</em></strong></span> <span class='ocrx_word' id='word_1_23' title='bbox 478 1331 516 1401; x_wconf 88' lang='grc' dir='ltr'><strong><em>οῦ</em></strong></span> <span class='ocrx_word' id='word_1_24' title='bbox 539 1335 600 1421; x_wconf 88' lang='grc' dir='ltr'><strong><em>γάρ</em></strong></span> <span class='ocrx_word' id='word_1_25' title='bbox 623 1337 824 1420; x_wconf 78' lang='grc' dir='ltr'><strong><em>βουλόμενος</em></strong></span> <span class='ocrx_word' id='word_1_26' title='bbox 846 1333 898 1403; x_wconf 80' lang='grc' dir='ltr'><strong><em>ὅτι</em></strong></span> <span class='ocrx_word' id='word_1_27' title='bbox 921 1338 1076 1421; x_wconf 72' lang='grc' dir='ltr'><strong><em>βούλεται</em></strong></span> <span class='ocrx_word' id='word_1_28' title='bbox 1108 1344 1264 1427; x_wconf 85' lang='grc' dir='ltr'><strong><em>γενέσεώς</em></strong></span> 
     </span>
     <span class='ocr_line' id='line_1_5' title="bbox 238 1427 1264 1522; baseline 0.008 -21"><span class='ocrx_word' id='word_1_29' title='bbox 238 1433 312 1501; x_wconf 75' lang='grc' dir='ltr'><strong><em>ἐστι</em></strong></span> <span class='ocrx_word' id='word_1_30' title='bbox 335 1442 500 1517; x_wconf 77' lang='grc' dir='ltr'><strong><em>κρείττων,</em></strong></span> <span class='ocrx_word' id='word_1_31' title='bbox 524 1429 593 1500; x_wconf 76' lang='grc' dir='ltr'><strong><em>ἀλλ’</em></strong></span> <span class='ocrx_word' id='word_1_32' title='bbox 621 1431 673 1499; x_wconf 82' lang='grc' dir='ltr'><strong><em>ἕτι</em></strong></span> <span class='ocrx_word' id='word_1_33' title='bbox 696 1441 851 1521; x_wconf 81' lang='grc' dir='ltr'><strong><em>πέφυκεν.</em></strong></span> <span class='ocrx_word' id='word_1_34' title='bbox 887 1431 967 1501; x_wconf 88' lang='grc' dir='ltr'><strong><em>αῦτὸ</em></strong></span> <span class='ocrx_word' id='word_1_35' title='bbox 990 1427 1047 1502; x_wconf 83' lang='grc' dir='ltr'><strong><em>οὖν</em></strong></span> <span class='ocrx_word' id='word_1_36' title='bbox 1069 1433 1264 1522; x_wconf 79' lang='grc' dir='ltr'><em>ὑπάρχουσα</em></span> 
     </span>
     <span class='ocr_line' id='line_1_6' title="bbox 239 1527 1287 1619; baseline 0.011 -22"><span class='ocrx_word' id='word_1_37' title='bbox 239 1528 341 1598; x_wconf 88' lang='grc' dir='ltr'><strong><em>οῦσία</em></strong></span> <span class='ocrx_word' id='word_1_38' title='bbox 363 1527 536 1617; x_wconf 85' lang='grc' dir='ltr'><strong><em>ἀγέννητος</em></strong></span> <span class='ocrx_word' id='word_1_39' title='bbox 570 1527 692 1609; x_wconf 69' lang='grc' dir='ltr'><strong><em>ῦθεῦς</em></strong></span> <span class='ocrx_word' id='word_1_40' title='bbox 729 1527 836 1599; x_wconf 80' lang='grc' dir='ltr'><strong><em>οῦδενὶ</em></strong></span> <span class='ocrx_word' id='word_1_41' title='bbox 866 1533 952 1619; x_wconf 81' lang='grc' dir='ltr'><strong><em>λόγῳ</em></strong></span> <span class='ocrx_word' id='word_1_42' title='bbox 981 1533 1155 1617; x_wconf 73' lang='grc' dir='ltr'><strong><em>ἐπιτρέπει</em></strong></span> <span class='ocrx_word' id='word_1_43' title='bbox 1177 1534 1287 1609; x_wconf 75' lang='grc' dir='ltr'><strong><em>καθό</em></strong></span> 
     </span>
     <span class='ocr_line' id='line_1_7' title="bbox 240 1626 1275 1717; baseline 0.005 -20"><span class='ocrx_word' id='word_1_44' title='bbox 240 1629 359 1717; x_wconf 77' lang='grc' dir='ltr'><strong><em>ἑαυτῆς</em></strong></span> <span class='ocrx_word' id='word_1_45' title='bbox 380 1637 506 1714; x_wconf 84' lang='grc' dir='ltr'><strong><em>γένεσιν</em></strong></span> <span class='ocrx_word' id='word_1_46' title='bbox 529 1630 721 1716; x_wconf 76' lang='grc' dir='ltr'><strong><em>ἐπινοῆσαι,</em></strong></span> <span class='ocrx_word' id='word_1_47' title='bbox 746 1626 886 1708; x_wconf 73' lang='grc' dir='ltr'><strong><em>ὠθοῦσα</em></strong></span> <span class='ocrx_word' id='word_1_48' title='bbox 904 1637 1071 1716; x_wconf 68' lang='grc' dir='ltr'><strong><em>φέρεσθαι</em></strong></span> <span class='ocrx_word' id='word_1_49' title='bbox 1093 1632 1176 1700; x_wconf 80' lang='grc' dir='ltr'><strong><em>κατὰ</em></strong></span> <span class='ocrx_word' id='word_1_50' title='bbox 1196 1641 1275 1708; x_wconf 85' lang='grc' dir='ltr'><strong><em>τῶν,</em></strong></span> 
     </span>
     <span class='ocr_line' id='line_1_8' title="bbox 239 1727 1109 1814; baseline 0.003 -20"><span class='ocrx_word' id='word_1_51' title='bbox 239 1732 401 1813; x_wconf 72' lang='grc' dir='ltr'><strong><em>γεννητῶν</em></strong></span> <span class='ocrx_word' id='word_1_52' title='bbox 424 1731 538 1794; x_wconf 85' lang='grc' dir='ltr'><strong><em>πᾶσαν</em></strong></span> <span class='ocrx_word' id='word_1_53' title='bbox 561 1728 707 1807; x_wconf 76' lang='grc' dir='ltr'><strong><em>ἐξέτασιν</em></strong></span> <span class='ocrx_word' id='word_1_54' title='bbox 731 1731 785 1793; x_wconf 85' lang='grc' dir='ltr'><strong><em>καὶ</em></strong></span> <span class='ocrx_word' id='word_1_55' title='bbox 807 1727 918 1794; x_wconf 84' lang='grc' dir='ltr'><strong><em>πάντα</em></strong></span> <span class='ocrx_word' id='word_1_56' title='bbox 941 1730 1109 1814; x_wconf 81' lang='grc' dir='ltr'><strong><em>λογισμόν.</em></strong></span> 
     </span>
     <span class='ocr_line' id='line_1_9' title="bbox 326 1825 1263 1912; baseline 0.009 -22"><span class='ocrx_word' id='word_1_57' title='bbox 326 1825 385 1910; x_wconf 74' lang='grc' dir='ltr'><strong><em>κγ’.</em></strong></span> <span class='ocrx_word' id='word_1_58' title='bbox 423 1829 465 1890; x_wconf 81' lang='grc' dir='ltr'><strong><em>Εἰ</em></strong></span> <span class='ocrx_word' id='word_1_59' title='bbox 494 1825 677 1912; x_wconf 66' lang='grc' dir='ltr'><strong><em>στερήσεώς</em></strong></span> <span class='ocrx_word' id='word_1_60' title='bbox 710 1825 781 1891; x_wconf 77' lang='grc' dir='ltr'><strong><em>ἐστι</em></strong></span> <span class='ocrx_word' id='word_1_61' title='bbox 815 1825 994 1912; x_wconf 82' lang='grc' dir='ltr'><strong><em>δηλωιικὸν</em></strong></span> <span class='ocrx_word' id='word_1_62' title='bbox 1027 1829 1086 1894; x_wconf 74' lang='grc' dir='ltr'><strong><em>ἐπὶ</em></strong></span> <span class='ocrx_word' id='word_1_63' title='bbox 1113 1834 1197 1897; x_wconf 72' lang='grc' dir='ltr'><strong><em>θεοῦ</em></strong></span> <span class='ocrx_word' id='word_1_64' title='bbox 1223 1833 1263 1898; x_wconf 92' lang='grc' dir='ltr'><strong><em>τὸ</em></strong></span> 
     </span>
     <span class='ocr_line' id='line_1_10' title="bbox 241 1917 1262 2013; baseline 0.008 -24"><span class='ocrx_word' id='word_1_65' title='bbox 241 1917 425 2009; x_wconf 80' lang='grc' dir='ltr'><strong><em>ἀγέννητον,</em></strong></span> <span class='ocrx_word' id='word_1_66' title='bbox 448 1925 551 2008; x_wconf 81' lang='grc' dir='ltr'><strong><em>μηδὲν</em></strong></span> <span class='ocrx_word' id='word_1_67' title='bbox 574 1925 609 1988; x_wconf 79' lang='grc' dir='ltr'><strong><em>δὲ</em></strong></span> <span class='ocrx_word' id='word_1_68' title='bbox 633 1925 682 2009; x_wconf 74' lang='grc' dir='ltr'><strong><em>εἴη</em></strong></span> <span class='ocrx_word' id='word_1_69' title='bbox 704 1922 744 1987; x_wconf 87' lang='grc' dir='ltr'><strong><em>τὸ</em></strong></span> <span class='ocrx_word' id='word_1_70' title='bbox 768 1918 950 2009; x_wconf 74' lang='grc' dir='ltr'><strong><em>ἀγέννητον,</em></strong></span> <span class='ocrx_word' id='word_1_71' title='bbox 980 1937 1081 2005; x_wconf 85' lang='grc' dir='ltr'><strong><em>ποῖος</em></strong></span> <span class='ocrx_word' id='word_1_72' title='bbox 1103 1925 1200 2013; x_wconf 80' lang='grc' dir='ltr'><strong><em>λόγος</em></strong></span> <span class='ocrx_word' id='word_1_73' title='bbox 1222 1925 1262 1997; x_wconf 86' lang='grc' dir='ltr'><strong><em>ἀν</em></strong></span> 
     </span>
     <span class='ocr_line' id='line_1_11' title="bbox 240 2016 1302 2109; baseline 0.013 -24"><span class='ocrx_word' id='word_1_74' title='bbox 240 2016 440 2109; x_wconf 71' lang='grc' dir='ltr'><strong><em>ἀφαιρέσειε</em></strong></span> <span class='ocrx_word' id='word_1_75' title='bbox 460 2024 519 2086; x_wconf 87' lang='grc' dir='ltr'><strong><em>τοῦ</em></strong></span> <span class='ocrx_word' id='word_1_76' title='bbox 541 2020 585 2107; x_wconf 80' lang='grc' dir='ltr'><strong><em>μὴ</em></strong></span> <span class='ocrx_word' id='word_1_77' title='bbox 610 2020 705 2099; x_wconf 81' lang='grc' dir='ltr'><strong><em>ὄντος</em></strong></span> <span class='ocrx_word' id='word_1_78' title='bbox 727 2023 846 2106; x_wconf 70' lang='grc' dir='ltr'><strong><em>μηδένς</em></strong></span> <span class='ocrx_word' id='word_1_79' title='bbox 877 2022 906 2088; x_wconf 84' lang='grc' dir='ltr'><strong><em>εί</em></strong></span> <span class='ocrx_word' id='word_1_80' title='bbox 921 2023 957 2089; x_wconf 79' lang='grc' dir='ltr'><strong><em>δέ</em></strong></span> <span class='ocrx_word' id='word_1_81' title='bbox 974 2018 1010 2089; x_wconf 85' lang='grc' dir='ltr'><strong><em>ῦν</em></strong></span> <span class='ocrx_word' id='word_1_82' title='bbox 1026 2033 1187 2108; x_wconf 85' lang='grc' dir='ltr'><strong><em>σημαίνει,</em></strong></span> <span class='ocrx_word' id='word_1_83' title='bbox 1211 2035 1263 2107; x_wconf 90' lang='grc' dir='ltr'><strong><em>τίς</em></strong></span> <span class='ocrx_word' id='word_1_84' title='bbox 1274 2051 1302 2101; x_wconf 83' lang='grc' dir='ltr'><strong><em>ιο</em></strong></span> 
     </span>
     <span class='ocr_line' id='line_1_12' title="bbox 218 2111 1082 2203; baseline 0.005 -20"><span class='ocrx_word' id='word_1_85' title='bbox 218 2111 283 2190; x_wconf 78' lang='grc' dir='ltr'><strong><em>εάν</em></strong></span> <span class='ocrx_word' id='word_1_86' title='bbox 305 2116 483 2203; x_wconf 78' lang='grc' dir='ltr'><strong><em>χωρήσειεν</em></strong></span> <span class='ocrx_word' id='word_1_87' title='bbox 507 2116 602 2196; x_wconf 80' lang='grc' dir='ltr'><strong><em>ὄντος</em></strong></span> <span class='ocrx_word' id='word_1_88' title='bbox 624 2116 707 2203; x_wconf 84' lang='grc' dir='ltr'><strong><em>ὅπερ</em></strong></span> <span class='ocrx_word' id='word_1_89' title='bbox 731 2119 821 2185; x_wconf 74' lang='grc' dir='ltr'><strong><em>ἐστὶν</em></strong></span> <span class='ocrx_word' id='word_1_90' title='bbox 843 2115 924 2184; x_wconf 85' lang='grc' dir='ltr'><strong><em>αῦτὸ</em></strong></span> <span class='ocrx_word' id='word_1_91' title='bbox 947 2121 1082 2203; x_wconf 82' lang='grc' dir='ltr'><strong><em>έοντοῦ,·</em></strong></span> 
     </span>
     <span class='ocr_line' id='line_1_13' title="bbox 328 2214 1262 2304; baseline 0.007 -23"><span class='ocrx_word' id='word_1_92' title='bbox 328 2215 385 2299; x_wconf 88' lang='grc' dir='ltr'><strong><em>κγ’.</em></strong></span> <span class='ocrx_word' id='word_1_93' title='bbox 422 2216 463 2282; x_wconf 76' lang='lat' dir='ltr'><strong><em>El</em></strong></span> <span class='ocrx_word' id='word_1_94' title='bbox 485 2217 520 2282; x_wconf 80' lang='grc' dir='ltr'><strong><em>αἱ</em></strong></span> <span class='ocrx_word' id='word_1_95' title='bbox 543 2215 712 2302; x_wconf 76' lang='grc' dir='ltr'><strong><em>στερήσεις</em></strong></span> <span class='ocrx_word' id='word_1_96' title='bbox 741 2216 837 2295; x_wconf 80' lang='grc' dir='ltr'><strong><em>ἕξεων</em></strong></span> <span class='ocrx_word' id='word_1_97' title='bbox 866 2218 950 2283; x_wconf 79' lang='grc' dir='ltr'><strong><em>εἰσιν</em></strong></span> <span class='ocrx_word' id='word_1_98' title='bbox 979 2214 1188 2304; x_wconf 87' lang='grc' dir='ltr'><strong><em>ἀφαιρέσεις,</em></strong></span> <span class='ocrx_word' id='word_1_99' title='bbox 1222 2224 1262 2288; x_wconf 88' lang='grc' dir='ltr'><strong><em>τὸ</em></strong></span> 
     </span>
     <span class='ocr_line' id='line_1_14' title="bbox 240 2309 1263 2405; baseline 0.006 -25"><span class='ocrx_word' id='word_1_100' title='bbox 240 2311 300 2380; x_wconf 68' lang='grc' dir='ltr'><strong><em>ἐπὶ</em></strong></span> <span class='ocrx_word' id='word_1_101' title='bbox 322 2316 406 2379; x_wconf 75' lang='grc' dir='ltr'><strong><em>θεοῦ</em></strong></span> <span class='ocrx_word' id='word_1_102' title='bbox 429 2309 603 2399; x_wconf 73' lang='grc' dir='ltr'><strong><em>ἀγέννητον</em></strong></span> <span class='ocrx_word' id='word_1_103' title='bbox 624 2313 700 2398; x_wconf 76' lang='grc' dir='ltr'><strong><em>ἤτοι</em></strong></span> <span class='ocrx_word' id='word_1_104' title='bbox 723 2319 875 2399; x_wconf 90' lang='grc' dir='ltr'><strong><em>στέρησίς</em></strong></span> <span class='ocrx_word' id='word_1_105' title='bbox 904 2315 993 2380; x_wconf 80' lang='grc' dir='ltr'><strong><em>έστιν</em></strong></span> <span class='ocrx_word' id='word_1_106' title='bbox 1016 2317 1123 2397; x_wconf 86' lang='grc' dir='ltr'><strong><em>ἕξεων,</em></strong></span> <span class='ocrx_word' id='word_1_107' title='bbox 1154 2313 1174 2405; x_wconf 79' lang='grc' dir='ltr'><em>ἢ</em></span> <span class='ocrx_word' id='word_1_108' title='bbox 1196 2320 1263 2399; x_wconf 89' lang='grc' dir='ltr'><strong><em>ἕξις</em></strong></span> 
     </span>
     <span class='ocr_line' id='line_1_15' title="bbox 240 2405 1263 2498; baseline 0.005 -21"><span class='ocrx_word' id='word_1_109' title='bbox 240 2409 435 2496; x_wconf 81' lang='grc' dir='ltr'><strong><em>στερήσεως.</em></strong></span> <span class='ocrx_word' id='word_1_110' title='bbox 459 2405 528 2475; x_wconf 81' lang='grc' dir='ltr'><strong><em>ἀλλ’</em></strong></span> <span class='ocrx_word' id='word_1_111' title='bbox 548 2411 577 2477; x_wconf 78' lang='grc' dir='ltr'><strong><em>εἰ</em></strong></span> <span class='ocrx_word' id='word_1_112' title='bbox 599 2412 657 2493; x_wconf 78' lang='grc' dir='ltr'><strong><em>μὲν</em></strong></span> <span class='ocrx_word' id='word_1_113' title='bbox 681 2417 833 2496; x_wconf 88' lang='grc' dir='ltr'><strong><em>στέρησίς</em></strong></span> <span class='ocrx_word' id='word_1_114' title='bbox 845 2411 1056 2498; x_wconf 64' lang='grc' dir='ltr'><strong><em>ἱστιηὲξεως,</em></strong></span> <span class='ocrx_word' id='word_1_115' title='bbox 1080 2419 1154 2494; x_wconf 84' lang='grc' dir='ltr'><strong><em>πῶς</em></strong></span> <span class='ocrx_word' id='word_1_116' title='bbox 1169 2412 1210 2482; x_wconf 84' lang='grc' dir='ltr'><strong><em>ἀν</em></strong></span> <span class='ocrx_word' id='word_1_117' title='bbox 1224 2417 1263 2483; x_wconf 89' lang='grc' dir='ltr'><strong><em>τὸ</em></strong></span> 
     </span>
     <span class='ocr_line' id='line_1_16' title="bbox 236 2508 1302 2595; baseline 0.004 -23"><span class='ocrx_word' id='word_1_118' title='bbox 236 2508 284 2595; x_wconf 83' lang='grc' dir='ltr'><strong><em>μὴ</em></strong></span> <span class='ocrx_word' id='word_1_119' title='bbox 307 2508 437 2591; x_wconf 83' lang='grc' dir='ltr'><strong><em>προσὸν</em></strong></span> <span class='ocrx_word' id='word_1_120' title='bbox 458 2511 505 2592; x_wconf 81' lang='grc' dir='ltr'><strong><em>τῷ</em></strong></span> <span class='ocrx_word' id='word_1_121' title='bbox 528 2511 599 2593; x_wconf 72' lang='grc' dir='ltr'><strong><em>θεῷ</em></strong></span> <span class='ocrx_word' id='word_1_122' title='bbox 624 2508 978 2595; x_wconf 69' lang='grc' dir='ltr'><strong><em>σοναριθμηθησεταις</em></strong></span> <span class='ocrx_word' id='word_1_123' title='bbox 1273 2539 1302 2590; x_wconf 71' lang='grc' dir='ltr'><strong><em>ις</em></strong></span> 
     </span>
     <span class='ocr_line' id='line_1_17' title="bbox 325 2602 1263 2694; baseline 0.007 -23"><span class='ocrx_word' id='word_1_124' title='bbox 325 2606 389 2671; x_wconf 79' lang='grc' dir='ltr'><strong><em>κδ’.</em></strong></span> <span class='ocrx_word' id='word_1_125' title='bbox 421 2605 462 2671; x_wconf 79' lang='grc' dir='ltr'><strong><em>Εἰ</em></strong></span> <span class='ocrx_word' id='word_1_126' title='bbox 485 2607 520 2671; x_wconf 79' lang='grc' dir='ltr'><strong><em>δὲ</em></strong></span> <span class='ocrx_word' id='word_1_127' title='bbox 536 2607 602 2685; x_wconf 84' lang='grc' dir='ltr'><strong><em>ἕξις</em></strong></span> <span class='ocrx_word' id='word_1_128' title='bbox 618 2606 688 2671; x_wconf 81' lang='grc' dir='ltr'><strong><em>ἐστὶ</em></strong></span> <span class='ocrx_word' id='word_1_129' title='bbox 709 2605 748 2671; x_wconf 83' lang='grc' dir='ltr'><strong><em>τὸ</em></strong></span> <span class='ocrx_word' id='word_1_130' title='bbox 764 2602 947 2692; x_wconf 80' lang='grc' dir='ltr'><strong><em>ἀγέννητον,</em></strong></span> <span class='ocrx_word' id='word_1_131' title='bbox 973 2604 1093 2694; x_wconf 84' lang='grc' dir='ltr'><strong><em>ἀνάγκη</em></strong></span> <span class='ocrx_word' id='word_1_132' title='bbox 1110 2619 1263 2694; x_wconf 82' lang='grc' dir='ltr'><strong><em>προϋπο-</em></strong></span> 
     </span>
     <span class='ocr_line' id='line_1_18' title="bbox 235 2699 1263 2794; baseline 0.006 -24"><span class='ocrx_word' id='word_1_133' title='bbox 235 2708 373 2770; x_wconf 75' lang='grc' dir='ltr'><strong><em>θέσθαι</em></strong></span> <span class='ocrx_word' id='word_1_134' title='bbox 394 2702 547 2790; x_wconf 84' lang='grc' dir='ltr'><strong><em>γεννητὴν</em></strong></span> <span class='ocrx_word' id='word_1_135' title='bbox 570 2699 696 2781; x_wconf 84' lang='grc' dir='ltr'><strong><em>οῦσίαν,</em></strong></span> <span class='ocrx_word' id='word_1_136' title='bbox 730 2699 770 2769; x_wconf 81' lang='grc' dir='ltr'><strong><em>ἕν’</em></strong></span> <span class='ocrx_word' id='word_1_137' title='bbox 796 2701 901 2782; x_wconf 81' lang='grc' dir='ltr'><strong><em>οῦτως</em></strong></span> <span class='ocrx_word' id='word_1_138' title='bbox 929 2707 996 2785; x_wconf 88' lang='grc' dir='ltr'><strong><em>ἕξιν</em></strong></span> <span class='ocrx_word' id='word_1_139' title='bbox 1024 2710 1263 2794; x_wconf 72' lang='grc' dir='ltr'><strong><em>προσλαβοῦσα</em></strong></span> 
     </span>
     <span class='ocr_line' id='line_1_19' title="bbox 237 2794 647 2886; baseline 0.002 -20"><span class='ocrx_word' id='word_1_140' title='bbox 237 2794 416 2886; x_wconf 87' lang='grc' dir='ltr'><strong><em>ἀγέννητος</em></strong></span> <span class='ocrx_word' id='word_1_141' title='bbox 439 2795 647 2886; x_wconf 83' lang='grc' dir='ltr'><strong><em>ὀνομάζηται.</em></strong></span> 
     </span>
     <span class='ocr_line' id='line_1_20' title="bbox 196 2894 1260 3028; baseline 0.008 -66"><span class='ocrx_word' id='word_1_142' title='bbox 196 2919 226 2972; x_wconf 78' lang='grc' dir='ltr'><strong><em>ι)</em></strong></span> <span class='ocrx_word' id='word_1_143' title='bbox 326 2898 380 2964; x_wconf 89' lang='grc' dir='ltr'><strong><em>κε’.</em></strong></span> <span class='ocrx_word' id='word_1_144' title='bbox 418 2898 460 2963; x_wconf 69' lang='lat' dir='ltr'><strong><em>El</em></strong></span> <span class='ocrx_word' id='word_1_145' title='bbox 483 2895 558 2985; x_wconf 72' lang='grc' dir='ltr'><strong><em>δέη</em></strong></span> <span class='ocrx_word' id='word_1_146' title='bbox 589 2924 722 3015; x_wconf 84' lang='grc' dir='ltr'><strong><em>γεννητη</em></strong></span> <span class='ocrx_word' id='word_1_147' title='bbox 753 2894 927 2987; x_wconf 85' lang='grc' dir='ltr'><strong><em>ἀγεννήτον</em></strong></span> <span class='ocrx_word' id='word_1_148' title='bbox 956 2896 1071 2980; x_wconf 87' lang='grc' dir='ltr'><strong><em>οῦοίας</em></strong></span> <span class='ocrx_word' id='word_1_149' title='bbox 1098 2911 1260 3028; x_wconf 81' lang='grc' dir='ltr'><strong><em>μετέσχεν,</em></strong></span> 
     </span>
     <span class='ocr_line' id='line_1_21' title="bbox 237 2991 1302 3136; baseline 0.007 -74.12"><span class='ocrx_word' id='word_1_150' title='bbox 237 2991 372 3076; x_wconf 73' lang='grc' dir='ltr'><strong><em>ἕξεως’</em></strong></span> <span class='ocrx_word' id='word_1_151' title='bbox 355 3002 479 3112; x_wconf 81' lang='grc' dir='ltr'><strong><em>σπρμεί</em></strong></span> <span class='ocrx_word' id='word_1_152' title='bbox 481 3020 565 3062; x_wconf 89' lang='grc' dir='ltr'><strong><em>νασα</em></strong></span> <span class='ocrx_word' id='word_1_153' title='bbox 581 2991 806 3083; x_wconf 73' lang='grc' dir='ltr'><strong><em>ἀποβολὴν,’</em></strong></span> <span class='ocrx_word' id='word_1_154' title='bbox 780 3007 980 3115; x_wconf 88' lang='grc' dir='ltr'><strong><em>αγεννησιας</em></strong></span> <span class='ocrx_word' id='word_1_155' title='bbox 995 2999 1175 3136; x_wconf 78' lang='grc' dir='ltr'><strong><em>ἐστέρηται.</em></strong></span> <span class='ocrx_word' id='word_1_156' title='bbox 1211 3005 1302 3089; x_wconf 73' lang='grc' dir='ltr'><strong><em>ειήνο</em></strong></span> 
     </span>
     <span class='ocr_line' id='line_1_22' title="bbox 236 3081 1146 3208; baseline 0.008 -48"><span class='ocrx_word' id='word_1_157' title='bbox 236 3087 280 3160; x_wconf 77' lang='grc' dir='ltr'><strong><em>ἀν</em></strong></span> <span class='ocrx_word' id='word_1_158' title='bbox 305 3081 363 3157; x_wconf 83' lang='grc' dir='ltr'><strong><em>οῦν</em></strong></span> <span class='ocrx_word' id='word_1_159' title='bbox 387 3087 483 3158; x_wconf 88' lang='grc' dir='ltr'><strong><em>οῦσία</em></strong></span> <span class='ocrx_word' id='word_1_160' title='bbox 505 3096 564 3175; x_wconf 83' lang='grc' dir='ltr'><strong><em>μὲν</em></strong></span> <span class='ocrx_word' id='word_1_161' title='bbox 583 3095 730 3208; x_wconf 81' lang='grc' dir='ltr'><strong><em>γεννητη,</em></strong></span> <span class='ocrx_word' id='word_1_162' title='bbox 753 3095 793 3159; x_wconf 87' lang='grc' dir='ltr'><strong><em>τὸ</em></strong></span> <span class='ocrx_word' id='word_1_163' title='bbox 817 3098 852 3161; x_wconf 85' lang='grc' dir='ltr'><strong><em>δε</em></strong></span> <span class='ocrx_word' id='word_1_164' title='bbox 875 3092 1106 3182; x_wconf 77' lang='grc' dir='ltr'><strong><em>ἀγέννητονὲ</em></strong></span> <span class='ocrx_word' id='word_1_165' title='bbox 1072 3124 1146 3176; x_wconf 70' lang='lat' dir='ltr'><strong><em>f.‚c‚c</em></strong></span> 
     </span>
     <span class='ocr_line' id='line_1_23' title="bbox 326 3189 1260 3278; baseline 0.004 -22"><span class='ocrx_word' id='word_1_166' title='bbox 326 3189 386 3271; x_wconf 90' lang='grc' dir='ltr'><strong><em>κς.</em></strong></span> <span class='ocrx_word' id='word_1_167' title='bbox 422 3191 465 3256; x_wconf 86' lang='grc' dir='ltr'><strong><em>Ει</em></strong></span> <span class='ocrx_word' id='word_1_168' title='bbox 493 3193 529 3256; x_wconf 81' lang='grc' dir='ltr'><strong><em>δὲ</em></strong></span> <span class='ocrx_word' id='word_1_169' title='bbox 556 3191 595 3255; x_wconf 89' lang='grc' dir='ltr'><strong><em>τὸ</em></strong></span> <span class='ocrx_word' id='word_1_170' title='bbox 623 3199 764 3278; x_wconf 80' lang='grc' dir='ltr'><strong><em>γέννημα</em></strong></span> <span class='ocrx_word' id='word_1_171' title='bbox 793 3194 943 3275; x_wconf 85' lang='grc' dir='ltr'><strong><em>παρόδου</em></strong></span> <span class='ocrx_word' id='word_1_172' title='bbox 973 3194 1041 3258; x_wconf 78' lang='grc' dir='ltr'><strong><em>ἐστι</em></strong></span> <span class='ocrx_word' id='word_1_173' title='bbox 1071 3195 1260 3277; x_wconf 77' lang='grc' dir='ltr'><strong><em>δηλωτικὸν,</em></strong></span> 
     </span>
     <span class='ocr_line' id='line_1_24' title="bbox 232 3283 1263 3404; baseline 0.007 -52"><span class='ocrx_word' id='word_1_174' title='bbox 232 3289 342 3374; x_wconf 71' lang='grc' dir='ltr'><strong><em>δῆλον</em></strong></span> <span class='ocrx_word' id='word_1_175' title='bbox 366 3283 418 3353; x_wconf 80' lang='grc' dir='ltr'><strong><em>ὅτι</em></strong></span> <span class='ocrx_word' id='word_1_176' title='bbox 441 3288 538 3404; x_wconf 69' lang='grc' dir='ltr'><strong><em>ἕξερῦς</em></strong></span> <span class='ocrx_word' id='word_1_177' title='bbox 560 3289 630 3355; x_wconf 79' lang='grc' dir='ltr'><strong><em>ἐστι</em></strong></span> <span class='ocrx_word' id='word_1_178' title='bbox 647 3290 854 3375; x_wconf 84' lang='grc' dir='ltr'><strong><em>σημαντικὸν,</em></strong></span> <span class='ocrx_word' id='word_1_179' title='bbox 879 3288 918 3355; x_wconf 81' lang='grc' dir='ltr'><strong><em>ἀν</em></strong></span> <span class='ocrx_word' id='word_1_180' title='bbox 934 3316 969 3356; x_wconf 89' lang='grc' dir='ltr'><strong><em>τε</em></strong></span> <span class='ocrx_word' id='word_1_181' title='bbox 984 3293 1263 3371; x_wconf 81' lang='grc' dir='ltr'><strong><em>μετοπέπλασται</em></strong></span> 
     </span>
     <span class='ocr_line' id='line_1_25' title="bbox 230 3380 1260 3475; baseline 0.003 -22"><span class='ocrx_word' id='word_1_182' title='bbox 230 3384 273 3466; x_wconf 70' lang='grc' dir='ltr'><strong><em>ἒξ</em></strong></span> <span class='ocrx_word' id='word_1_183' title='bbox 298 3380 415 3463; x_wconf 88' lang='grc' dir='ltr'><strong><em>οῦσίας</em></strong></span> <span class='ocrx_word' id='word_1_184' title='bbox 436 3385 535 3464; x_wconf 86' lang='grc' dir='ltr'><strong><em>τινὸς,</em></strong></span> <span class='ocrx_word' id='word_1_185' title='bbox 566 3384 605 3452; x_wconf 86' lang='grc' dir='ltr'><strong><em>ἀν</em></strong></span> <span class='ocrx_word' id='word_1_186' title='bbox 627 3412 663 3453; x_wconf 87' lang='grc' dir='ltr'><strong><em>τε</em></strong></span> <span class='ocrx_word' id='word_1_187' title='bbox 685 3387 783 3452; x_wconf 78' lang='grc' dir='ltr'><strong><em>τοῦτο</em></strong></span> <span class='ocrx_word' id='word_1_188' title='bbox 807 3387 896 3452; x_wconf 78' lang='grc' dir='ltr'><strong><em>ἐστιν</em></strong></span> <span class='ocrx_word' id='word_1_189' title='bbox 920 3385 937 3452; x_wconf 84' lang='grc' dir='ltr'>ὃ</span> <span class='ocrx_word' id='word_1_190' title='bbox 961 3388 1087 3470; x_wconf 80' lang='grc' dir='ltr'><strong><em>λέγεται</em></strong></span> <span class='ocrx_word' id='word_1_191' title='bbox 1110 3413 1260 3475; x_wconf 91' lang='grc' dir='ltr'><strong><em>γεννημα.</em></strong></span> 
     </span>
     <span class='ocr_line' id='line_1_26' title="bbox 347 3478 1303 3621; baseline 0.008 -73.553"><span class='ocrx_word' id='word_1_192' title='bbox 347 3482 513 3561; x_wconf 50' lang='lat' dir='ltr'><strong><em>§.Ei</em></strong></span> <span class='ocrx_word' id='word_1_193' title='bbox 480 3507 519 3548; x_wconf 91' lang='grc' dir='ltr'><strong><em>το</em></strong></span> <span class='ocrx_word' id='word_1_194' title='bbox 542 3478 757 3570; x_wconf 76' lang='grc' dir='ltr'><strong><em>ἀγέννητον”</em></strong></span> <span class='ocrx_word' id='word_1_195' title='bbox 740 3511 752 3549; x_wconf 87' lang='grc' dir='ltr'><strong><em>ε</em></strong></span> <span class='ocrx_word' id='word_1_196' title='bbox 757 3487 806 3562; x_wconf 92' lang='grc' dir='ltr'><strong><em>ξις</em></strong></span> <span class='ocrx_word' id='word_1_197' title='bbox 827 3511 879 3549; x_wconf 90' lang='grc' dir='ltr'><strong><em>και</em></strong></span> <span class='ocrx_word' id='word_1_198' title='bbox 903 3485 941 3550; x_wconf 89' lang='grc' dir='ltr'><strong><em>τὸ</em></strong></span> <span class='ocrx_word' id='word_1_199' title='bbox 960 3485 1112 3621; x_wconf 87' lang='grc' dir='ltr'><strong><em>γεννητὸν</em></strong></span> <span class='ocrx_word' id='word_1_200' title='bbox 1129 3488 1203 3567; x_wconf 86' lang='grc' dir='ltr'><strong><em>ἕξις,</em></strong></span> <span class='ocrx_word' id='word_1_201' title='bbox 1228 3488 1303 3565; x_wconf 67' lang='grc' dir='ltr'><strong><em>οἶγε</em></strong></span> 
     </span>
     <span class='ocr_line' id='line_1_27' title="bbox 185 3500 1261 3665; baseline 0.008 -22"><span class='ocrx_word' id='word_1_202' title='bbox 185 3508 344 3661; x_wconf 68' lang='grc' dir='ltr'><strong><em>Βμένκ</em></strong></span> <span class='ocrx_word' id='word_1_203' title='bbox 322 3500 399 3645; x_wconf 81' lang='grc' dir='ltr'><strong><em>οῦσί</em></strong></span> <span class='ocrx_word' id='word_1_204' title='bbox 400 3605 435 3645; x_wconf 90' lang='grc' dir='ltr'><strong><em>αι</em></strong></span> <span class='ocrx_word' id='word_1_205' title='bbox 456 3584 522 3646; x_wconf 84' lang='grc' dir='ltr'><strong><em>τῶν</em></strong></span> <span class='ocrx_word' id='word_1_206' title='bbox 545 3582 643 3659; x_wconf 86' lang='grc' dir='ltr'><strong><em>ἕξεων</em></strong></span> <span class='ocrx_word' id='word_1_207' title='bbox 666 3586 808 3665; x_wconf 81' lang='grc' dir='ltr'><strong><em>πρῶται,</em></strong></span> <span class='ocrx_word' id='word_1_208' title='bbox 834 3607 868 3646; x_wconf 87' lang='grc' dir='ltr'><strong><em>σι</em></strong></span> <span class='ocrx_word' id='word_1_209' title='bbox 892 3584 984 3647; x_wconf 65' lang='grc' dir='ltr'><strong><em>δὲ”ζ</em></strong></span> <span class='ocrx_word' id='word_1_210' title='bbox 949 3609 1032 3662; x_wconf 66' lang='grc' dir='ltr'><strong><em>εςεις</em></strong></span> <span class='ocrx_word' id='word_1_211' title='bbox 1046 3588 1113 3650; x_wconf 82' lang='grc' dir='ltr'><strong><em>τιῦν</em></strong></span> <span class='ocrx_word' id='word_1_212' title='bbox 1129 3581 1261 3665; x_wconf 87' lang='grc' dir='ltr'><strong><em>οῦσιων,</em></strong></span> 
     </span>
     <span class='ocr_line' id='line_1_28' title="bbox 226 3669 1033 3764; baseline -0.001 -18"><span class='ocrx_word' id='word_1_213' title='bbox 226 3678 267 3746; x_wconf 71' lang='grc' dir='ltr'><strong><em>εἰ</em></strong></span> <span class='ocrx_word' id='word_1_214' title='bbox 290 3678 350 3742; x_wconf 88' lang='grc' dir='ltr'><strong><em>καὶ</em></strong></span> <span class='ocrx_word' id='word_1_215' title='bbox 372 3677 530 3761; x_wconf 82' lang='grc' dir='ltr'><strong><em>δεύτεραι,</em></strong></span> <span class='ocrx_word' id='word_1_216' title='bbox 555 3673 623 3744; x_wconf 79' lang='grc' dir='ltr'><strong><em>ἀλλ’</em></strong></span> <span class='ocrx_word' id='word_1_217' title='bbox 649 3669 705 3744; x_wconf 76' lang='grc' dir='ltr'><strong><em>οὖν</em></strong></span> <span class='ocrx_word' id='word_1_218' title='bbox 728 3703 764 3762; x_wconf 92' lang='grc' dir='ltr'><strong><em>γε</em></strong></span> <span class='ocrx_word' id='word_1_219' title='bbox 786 3680 1033 3764; x_wconf 89' lang='grc' dir='ltr'><strong><em>προτιμότεραι.</em></strong></span> 
     </span>
     <span class='ocr_line' id='line_1_29' title="bbox 325 3771 1262 3864; baseline 0.006 -25"><span class='ocrx_word' id='word_1_220' title='bbox 325 3773 385 3858; x_wconf 89' lang='grc' dir='ltr'><strong><em>κη’.</em></strong></span> <span class='ocrx_word' id='word_1_221' title='bbox 416 3776 457 3841; x_wconf 84' lang='grc' dir='ltr'><strong><em>Εἰ</em></strong></span> <span class='ocrx_word' id='word_1_222' title='bbox 481 3777 577 3843; x_wconf 78' lang='grc' dir='ltr'><strong><em>δὲτὸ</em></strong></span> <span class='ocrx_word' id='word_1_223' title='bbox 601 3771 774 3861; x_wconf 84' lang='grc' dir='ltr'><strong><em>ἀγέννητον</em></strong></span> <span class='ocrx_word' id='word_1_224' title='bbox 802 3780 861 3842; x_wconf 88' lang='grc' dir='ltr'><strong><em>τοῦ</em></strong></span> <span class='ocrx_word' id='word_1_225' title='bbox 883 3783 1036 3864; x_wconf 81' lang='grc' dir='ltr'><strong><em>γεννητοῦ</em></strong></span> <span class='ocrx_word' id='word_1_226' title='bbox 1060 3779 1168 3845; x_wconf 77' lang='grc' dir='ltr'><strong><em>αἴτιόν</em></strong></span> <span class='ocrx_word' id='word_1_227' title='bbox 1190 3779 1262 3845; x_wconf 87' lang='grc' dir='ltr'><strong><em>ίστι</em></strong></span> 
     </span>
     <span class='ocr_line' id='line_1_30' title="bbox 218 3866 1261 3997; baseline 0.003 -58"><span class='ocrx_word' id='word_1_228' title='bbox 218 3875 298 3939; x_wconf 77' lang='grc' dir='ltr'><strong><em>τοῦ</em></strong></span> <span class='ocrx_word' id='word_1_229' title='bbox 323 3866 410 3938; x_wconf 72' lang='grc' dir='ltr'><strong><em>εἶναι</em></strong></span> <span class='ocrx_word' id='word_1_230' title='bbox 425 3881 675 3997; x_wconf 82' lang='grc' dir='ltr'><strong><em>σημαινομένου,</em></strong></span> <span class='ocrx_word' id='word_1_231' title='bbox 699 3880 841 3961; x_wconf 80' lang='grc' dir='ltr'><strong><em>γέννημα</em></strong></span> <span class='ocrx_word' id='word_1_232' title='bbox 857 3883 1072 3962; x_wconf 76' lang='grc' dir='ltr'><strong><em>σσνεισφίρον</em></strong></span> <span class='ocrx_word' id='word_1_233' title='bbox 1088 3880 1127 3962; x_wconf 79' lang='grc' dir='ltr'><strong><em>τῇ</em></strong></span> <span class='ocrx_word' id='word_1_234' title='bbox 1144 3877 1261 3942; x_wconf 80' lang='grc' dir='ltr'><strong><em>ἑαυτοῦ</em></strong></span> 
     </span>
     <span class='ocr_line' id='line_1_31' title="bbox 198 3965 1303 4087; baseline 0.001 -49.022"><span class='ocrx_word' id='word_1_235' title='bbox 198 3965 339 4057; x_wconf 71' lang='grc' dir='ltr'><strong><em>οὐσίᾳ</em></strong></span> <span class='ocrx_word' id='word_1_236' title='bbox 360 3968 419 4036; x_wconf 90' lang='grc' dir='ltr'><strong><em>τὸν</em></strong></span> <span class='ocrx_word' id='word_1_237' title='bbox 440 3972 566 4050; x_wconf 79' lang='grc' dir='ltr'><strong><em>αἴτιον,</em></strong></span> <span class='ocrx_word' id='word_1_238' title='bbox 598 3966 713 4049; x_wconf 82' lang='grc' dir='ltr'><strong><em>οῦσίας</em></strong></span> <span class='ocrx_word' id='word_1_239' title='bbox 742 3972 811 4037; x_wconf 80' lang='grc' dir='ltr'><strong><em>έσιὶ</em></strong></span> <span class='ocrx_word' id='word_1_240' title='bbox 842 3973 1021 4087; x_wconf 74' lang='grc' dir='ltr'><strong><em>δηλωτικὸν</em></strong></span> <span class='ocrx_word' id='word_1_241' title='bbox 1049 3973 1087 4037; x_wconf 84' lang='grc' dir='ltr'><strong><em>τὸ</em></strong></span> <span class='ocrx_word' id='word_1_242' title='bbox 1110 3980 1303 4059; x_wconf 70' lang='grc' dir='ltr'><strong><em>γέννημια,3η</em></strong></span> 
     </span>
     <span class='ocr_line' id='line_1_32' title="bbox 221 4061 1261 4192; baseline 0.002 -57"><span class='ocrx_word' id='word_1_243' title='bbox 221 4061 316 4135; x_wconf 71' lang='grc' dir='ltr'><strong><em>ἀλλ’</em></strong></span> <span class='ocrx_word' id='word_1_244' title='bbox 348 4062 406 4149; x_wconf 85' lang='grc' dir='ltr'><strong><em>οῦχ</em></strong></span> <span class='ocrx_word' id='word_1_245' title='bbox 435 4068 547 4148; x_wconf 88' lang='grc' dir='ltr'><strong><em>ἕξεως,</em></strong></span> <span class='ocrx_word' id='word_1_246' title='bbox 584 4072 643 4154; x_wconf 84' lang='grc' dir='ltr'><strong><em>τῆς</em></strong></span> <span class='ocrx_word' id='word_1_247' title='bbox 674 4066 849 4192; x_wconf 79' lang='grc' dir='ltr'><strong><em>ἀγεννητοη</em></strong></span> <span class='ocrx_word' id='word_1_248' title='bbox 879 4070 1010 4186; x_wconf 69' lang='grc' dir='ltr'><strong><em>φησεως</em></strong></span> <span class='ocrx_word' id='word_1_249' title='bbox 1038 4065 1134 4135; x_wconf 79' lang='grc' dir='ltr'><strong><em>οῦδὲν</em></strong></span> <span class='ocrx_word' id='word_1_250' title='bbox 1163 4071 1261 4160; x_wconf 77' lang='grc' dir='ltr'><strong><em>ἑαυτῇ</em></strong></span> 
     </span>
     <span class='ocr_line' id='line_1_33' title="bbox 225 4154 1260 4284; baseline 0.004 -51"><span class='ocrx_word' id='word_1_251' title='bbox 225 4165 513 4284; x_wconf 81' lang='grc' dir='ltr'><strong><em>σονεισοιγοῦσης,</em></strong></span> <span class='ocrx_word' id='word_1_252' title='bbox 548 4169 622 4245; x_wconf 85' lang='grc' dir='ltr'><strong><em>πῶς</em></strong></span> <span class='ocrx_word' id='word_1_253' title='bbox 651 4162 709 4233; x_wconf 87' lang='grc' dir='ltr'><strong><em>οῦκ</em></strong></span> <span class='ocrx_word' id='word_1_254' title='bbox 737 4162 778 4233; x_wconf 86' lang='grc' dir='ltr'><strong><em>ἀν</em></strong></span> <span class='ocrx_word' id='word_1_255' title='bbox 807 4167 856 4252; x_wconf 85' lang='grc' dir='ltr'><strong><em>ειή</em></strong></span> <span class='ocrx_word' id='word_1_256' title='bbox 887 4161 999 4244; x_wconf 86' lang='grc' dir='ltr'><strong><em>οῦσίσ,</em></strong></span> <span class='ocrx_word' id='word_1_257' title='bbox 1032 4154 1116 4232; x_wconf 78' lang='grc' dir='ltr'><strong><em>ἀλλ’</em></strong></span> <span class='ocrx_word' id='word_1_258' title='bbox 1147 4164 1260 4249; x_wconf 72' lang='grc' dir='ltr'><strong><em>ἕξις’</em></strong></span> <span class='ocrx_word' id='word_1_259' title='bbox 1240 4196 1260 4258; x_wconf 86' lang='grc' dir='ltr'><strong><em>η</em></strong></span> 
     </span>
    </p>
   </div>
   <div class='ocr_carea' id='block_1_3' title="bbox 218 4256 556 4351">
    <p class='ocr_par' dir='ltr' id='par_1_3' title="bbox 218 4256 556 4351">
     <span class='ocr_line' id='line_1_34' title="bbox 218 4256 556 4351; baseline 0.016 -26.128"><span class='ocrx_word' id='word_1_260' title='bbox 218 4256 416 4348; x_wconf 81' lang='grc' dir='ltr'><strong><em>ἆγίννητος</em></strong></span> <span class='ocrx_word' id='word_1_261' title='bbox 438 4263 556 4351; x_wconf 84' lang='grc' dir='ltr'><strong><em>φύσις</em></strong></span> 
     </span>
    </p>
   </div>
   <div class='ocr_carea' id='block_1_4' title="bbox 0 0 1442 5084">
    <p class='ocr_par' dir='ltr' id='par_1_4' title="bbox 0 0 1442 5084">
     <span class='ocr_line' id='line_1_35' title="bbox 0 0 1442 5084; baseline 0 0"><span class='ocrx_word' id='word_1_262' title='bbox 0 0 1442 5084; x_wconf 95' lang='lat' dir='ltr'><strong><em> </em></strong></span> 
     </span>
    </p>
   </div>
  </div>
 </body>
</html>
