2867 5084
488 991 594 1043 mn.
616 994 805 1043 ιυνυιειτιι.
1097 983 1156 1045 129

135 1141 258 1225 βάτων,
283 1138 423 1227 άπάτωρ
447 1138 484 1208 ού
509 1143 646 1209 δύναται
668 1138 762 1210 εἶναι.
793 1141 852 1209 κάν
875 1170 911 1210 τε
926 1145 1004 1230 εἴπῃ
1022 1138 1157 1230 άμητωρ

138 1241 172 1305 ίν
194 1235 324 1326 σι’-ρανηλ
347 1244 399 1306 καί
423 1235 563 1324 άπάτιορ
587 1241 643 1306 ε’πί
666 1244 725 1326 τῆς
739 1245 805 1327 γῆς,
831 1241 966 1306 δύναται
981 1244 1042 1325 γάρ
1058 1245 1156 1308 τοῦτο

137 1337 192 1403 καὶ
222 1338 277 1404 ι’πί
308 1341 365 1401 τοῦ
394 1341 541 1423 σωτῆρος
570 1339 737 1422 λέγεσθαι.
773 1342 848 1416 πῶς
870 1328 927 1403 σύν
950 1338 1008 1404 ε’πὶ
1029 1333 1156 1405 τέλειδ

137 1429 329 1511 ἀπόστολος
358 1434 474 1521 φράζει
498 1437 599 1519 λέγων
623 1431 663 1499 “ό
684 1436 720 1501 δὲ
741 1434 786 1519 μή
808 1436 1099 1520 γενεαλογούμενος
1122 1437 1158 1515 ἐξ

137 1527 246 1595 αύτιύν
276 1531 473 1597 δεδεκάτιοκε
505 1531 562 1596 τὸν
588 1528 739 1616 Ἁβραάμ
768 1531 825 1596 τόν
859 1533 1072 1616 πατριάρχην.
1117 1534 1181 1599 τόν

135 1626 198 1711 γὰρ
224 1628 279 1706 “ε’ξ
301 1623 425 1694 αύτιύν”
451 1625 618 1712 άκρηλείας
641 1629 710 1695 ἐστὶ
735 1631 923 1715 δηλιοτικόν.
970 1626 1073 1696 όπότε
1095 1629 1155 1714 γὰρ

85 1724 172 1789 miz
195 1727 261 1790 τῶν
284 1726 363 1790 υἱῶν
383 1721 509 1809 Ἰσραὴλ
531 1726 574 1809 μὴ
589 1726 881 1811 γενεαλογούμενος
898 1727 932 1805 ἐξ
947 1725 1054 1791 ἄλλων
1071 1727 1157 1793 πάν-

136 1849 203 1900 τως
226 1822 334 1887 ἐθνῶν
358 1818 421 1904 εἶχε
444 1820 501 1908 τηῖν
523 1824 740 1908 γενεαλογίαν.
779 1824 835 1890 διά
858 1826 892 1889 δὲ
915 1822 953 1888 τό
975 1823 1019 1908 μη
1041 1824 1157 1909 γεγρά-

136 1927 231 2007 ιγθαι
258 1919 316 2006 τὴν
345 1920 461 1986 ἑαυτοῦ
484 1927 607 2006 μητέρα
631 1916 650 2007 ἢ
672 1927 815 2004 πατέρα,
846 1920 929 1986 άλλα
953 1916 1023 1987 ἀντὶ
1048 1919 1156 1988 άλλων

137 2008 361 2104 ηαντάζονται
385 2018 416 2082 σί
440 2016 645 2104 συκοφάνται
666 2020 724 2104 τῆς
740 2014 910 2104 ἀληθείας.
943 2014 1036 2104 ἡμεῖς
1052 2020 1087 2085 δὲ
1102 2022 1157 2085 καί
1168 2035 1195 2084 10

138 2116 195 2199 την
217 2120 341 2198 μητέρα
365 2110 465 2179 αύτσύ
488 2114 521 2180 ίν
545 2113 771 2197 παραδόσεων
794 2112 933 2201 ηύρομεν
949 2121 1001 2181 καί
1018 2115 1074 2181 τόν
1090 2142 1156 2181 πα-

136 2218 226 2293 τέρα.
273 2201 310 2298 ἦν
339 2212 399 2295 γάρ
430 2202 527 2290 ούτος
547 2216 613 2279 τῶν
635 2215 736 2296 γενῶν
759 2214 898 2289 Σιδόνος
919 2219 972 2277 καί
996 2217 1061 2277 τῶν
1084 2219 1158 2277 Χα-

137 2316 292 2376 ναναίων.
338 2310 472 2376 διέπεσε
493 2316 603 2375 τοίνυν
628 2305 645 2373 ό
667 2310 828 2394 μυθιύδης
850 2303 951 2373 αύτού
975 2308 1080 2392 λόγος,
1103 2313 1158 2376 καί

134 2405 243 2490 μάτην
266 2402 367 2471 αὑτοῦ
389 2411 443 2472 καί
467 2401 484 2492 ἡ
509 2408 671 2472 πολιτεία.
703 2402 741 2471 ού
757 2406 818 2490 γάρ
834 2405 872 2470 τὸ
888 2400 1031 2486 άψύχοις
1047 2402 1157 2471 ἀσκεῖ-

136 2510 224 2569 σθαι
252 2502 335 2586 μετὰ
360 2509 593 2581 κακοπιστίας,
624 2506 722 2567 τοῦτο
746 2504 829 2589 ζωῆς
852 2502 996 2568 ἐστικαὶ
1022 2502 1157 2581 ἐλπίδος
1169 2520 1196 2568 15

136 2603 369 2667 διδασκαλεῖον
392 2605 443 2666 καί
468 2608 640 2687 σιστηρίας.
672 2599 875 2684 πάνταγὰρ,
899 2603 1009 2685 φησίν,
1035 2599 1081 2677 είς
1100 2599 1157 2664 δό-

138 2700 198 2778 ξαν
222 2700 304 2764 θεού
326 2704 481 2780 γινέσθω.

108 2817 128 2865 Β
226 2801 254 2862 8.
285 2791 386 2861 Ἀλλὰ
414 2797 492 2877 περὶ
519 2793 643 2860 τούτων
671 2799 724 2860 καί
749 2789 837 2880 αύτῷ
860 2788 1039 2876 ἀρκεῖσθαι
1061 2790 1158 2881 ἡγοῦ·

137 2917 210 2974 μαι.
256 2899 499 2974 συνετρίψαμεν
529 2890 590 2977 γάρ
623 2894 682 2957 τοῦ
712 2887 873 2974 σκορπίου
902 2891 961 2969 τὰς
983 2897 1156 2977 πτέρυγας,

138 2993 192 3056 καί
216 2989 470 3069 κατεσπάσαμεν
493 2982 594 3053 αύτυύ
616 2988 675 3066 τὰς
699 2987 861 3070 δυνάμεις.
893 2985 972 3074 δἠνις
992 2988 1053 3073 γάρ
1077 3004 1197 3055 nte-²0

137 3087 247 3169 ριοτδς
274 3076 370 3165 οἶτος
397 3088 449 3152 καί
475 3092 649 3167 σκορπίος,
679 3091 843 3169 πτέρυγας
865 3085 946 3166 ἔχων
968 3086 1051 3150 κατὰ
1074 3087 1158 3149 πολ·

139 3184 219 3262 λοίς
240 3184 401 3266 τρόπους,
424 3186 477 3248 καί
500 3181 697 3265 πετόμενος,
721 3185 774 3248 καί
796 3181 998 3265 μιμούμενος
1019 3183 1078 3263 μὲν
1100 3184 1159 3266 τῆς

138 3282 312 3366 ἐκκλησίας
340 3281 398 3367 την
426 3286 629 3362 παρθενίαν,
661 3273 718 3344 σύκ
747 3280 828 3360 ἔχων
857 3279 893 3344 δὲ
921 3277 1072 3361 καθαράν
1100 3278 1158 3362 τὴν

138 3380 338 3464 συνείδησιν.
370 3379 426 3444 ίπὶ
448 3376 508 3462 γάρ
530 3375 637 3463 τούτῳ
655 3378 707 3441 καί
724 3387 796 3454 τοῖς
811 3374 941 3458 ὁμοίοις
957 3369 1057 3441 αύτοῦ
1072 3375 1158 3460 πλη-

138 3479 259 3558 ροῦται
280 3475 319 3540 τὸ
342 3480 684 3560 “κεκαυτηριασμένων
706 3473 764 3558 τὴν
787 3473 988 3555 συνείδησιν,
1018 3474 1071 3538 καὶ
1093 3485 1196 3537 utu-25

138 3571 288 3641 λυόντων
315 3583 446 3657 γαμεῖν,
478 3567 667 3654 ἀπέχεσθαι
692 3571 892 3659 βρωμάτων,
923 3568 944 3635 ἃ
967 3565 985 3634 δ
1008 3568 1089 3647 θεὸς
1111 3570 1158 3646 είς

137 3668 330 3755 μετάληψιν
359 3669 544 3754 ίποίησεν”.
589 3663 757 3752 ἁγιάζεται
784 3669 844 3750 μὲν
873 3665 929 3732 διά
957 3666 1052 3750 λόγον
1075 3669 1159 3731 θεοῦ

103 3769 266 3846 (ζζῶντος
293 3770 344 3833 καί
375 3765 562 3844 ἐντεύξεως,
594 3761 646 3830 ὅτι
668 3764 780 3831 πάντα
801 3762 884 3829 καλὰ
905 3765 958 3828 καί
980 3759 1075 3848 ἡδέα,
1104 3763 1158 3826 καί

139 3860 240 3933 σύδίν
262 3859 453 3951 ἀπόβλητον
475 3861 569 3944 παρά
583 3865 670 3947 θεῷ·
691 3861 903 3944 χλευάζονται
919 3860 954 3926 δὲ
969 3856 1160 3925 τελειότατα

139 3956 183 4031 δι’
211 3959 251 4040 ἃς
272 3967 440 4047 κίκτηνται
463 3959 598 4036 ἕκαστος
620 3959 851 4034 συνεισάκτσυς
872 3965 1035 4043 γυναῖκας,
1059 3948 1099 4020 δι’
1120 3951 1200 4031 άςοο

138 4062 273 4129 είωθαν
300 4060 559 4145 φιλοτιμεῖσθαι
587 4055 670 4136 ἔχειν
694 4055 741 4132 είς
763 4052 954 4139 ὑπηρεσίαν.
999 4047 1083 4118 ἀλλὰ
1105 4054 1159 4116 καί

135 4156 273 4233 τούτου,
295 4152 342 4235 ὥς
363 4154 456 4241 ἔφην,
478 4151 538 4231 τάς
558 4157 722 4237 πτέρυγας
743 4149 1016 4225 κατασπάσαντες
1032 4148 1086 4212 καί
1100 4146 1158 4231 τὴν

136 4251 290 4341 κεφαλὴν
317 4249 588 4327 καταθλάσανεες
615 4251 661 4334 τηλ
690 4245 775 4332 ξύλῳ
805 4249 862 4330 τῆς
884 4246 982 4330 ζωῆς,
1010 4250 1162 4311 τουτέστι

191 4352 340 4408 Epiphanius.
361 4353 399 4396 ΙΙΙ.
991 4350 1008 4400 9
