2867 5084
239 977 300 1040 308
464 991 671 1040 σπτψινιοτ
688 989 783 1039 ΚΑΤΑ
801 989 989 1039 mmm
1004 991 1033 1037 r.

237 1141 296 1228 τὴν
319 1142 481 1227 ἐνέργειαν
496 1144 548 1206 καὶ
566 1139 624 1226 τὴν
638 1140 795 1226 βούλησίν
814 1139 885 1206 ἔστι
899 1139 1001 1223 μόνον
1025 1134 1151 1222 ὅμοιος,
1176 1134 1257 1204 ἀλλά

238 1237 305 1306 κατ’
330 1235 471 1305 αὐτότὸ
495 1233 655 1304 εἶναικαὶ
678 1234 862 1325 ὑφεστάναι
885 1240 939 1303 καὶ
961 1233 1120 1318 ὑπάρχειν
1144 1232 1300 1318 όμοιόςεοθ

179 1376 182 1381 -
238 1338 309 1404 ἐστι
324 1337 407 1403 κατὰ
419 1337 529 1401 πάντα
541 1338 587 1421 τῷ
605 1340 705 1418 πατρὶ
723 1339 769 1420 τῷ
784 1334 984 1420 γεννήσαντι,
999 1331 1043 1411 ὡς
1059 1333 1130 1410 υἱός
1146 1338 1255 1414 πατρί.

328 1441 374 1500 19.
423 1429 494 1500 Ἐὰν
532 1434 563 1499 οἱ
600 1435 707 1498 καινοὶ
745 1432 902 1515 αἱρετικοὶ
939 1430 1258 1515 προσδιαλεγόμενοι

214 1526 315 1617 δὴμῖν
344 1527 517 1618 ἀγέννητον
540 1533 672 1614 λέγουσι
703 1531 756 1594 καὶ
780 1529 942 1614 γεννητὸν,
976 1530 1112 1611 ἐροῦμεν
1135 1523 1256 1603 αὐτοῖς,

238 1629 352 1715 ἐπειδὴ
376 1627 654 1713 κακουργήσοντες
682 1626 721 1691 τὸ
744 1630 801 1711 τῆς
824 1621 940 1704 οὐσίας
963 1623 1067 1708 όνομα
1091 1624 1125 1691 ἓν
1146 1623 1258 1710 χρήσει

236 1737 308 1802 τοῖς
330 1725 497 1807 πατράσιν
520 1720 667 1806 ῦπάρχον
690 1719 735 1800 τός
758 1721 907 1809 ἄγραφον
936 1719 974 1787 οὐ
1004 1724 1152 1804 δέχεσθε,
1185 1715 1257 1786 οῦδὲ

236 1817 332 1906 ἡμεῖς
358 1821 396 1886 τὸ
426 1819 598 1907 ἀγέννητον
622 1820 772 1907 ἄγραφον
797 1816 833 1887 όν
863 1819 1038 1902 δεξόμεθα.
1080 1818 1257 1906 ἄφθαρτον

236 1920 296 2000 μὲν
319 1921 372 1983 καὶ
396 1912 537 2002 ἀόρατον
561 1921 612 1984 καὶ
637 1916 808 1985 ἀθάνατον
824 1919 909 2001 λέγει
933 1913 950 1980 ό
973 1913 1180 1993 ἀπόστολος,
1205 1907 1258 1979 οῦ-

201 2027 229 2075 10
239 2016 359 2081 δέττοτε
383 2017 418 2082 δὲ
441 2010 541 2081 αὐτόν
565 2011 738 2101 ἀγέννητον
762 2010 931 2095 ὠνόμασεν
953 2010 1107 2100 ἡγραιγη.
1147 2005 1254 2079 ἔπειθ’

239 2107 300 2193 ότι,
326 2108 370 2190 ὡς
393 2120 596 2199 προείρηται,
622 2109 640 2178 ό
664 2109 837 2197 ἀγέννητος
860 2107 992 2176 οόδέπω
1023 2117 1178 2195 σημαίνει
1202 2106 1257 2195 τὴν

236 2214 295 2277 τοῦ
319 2209 446 2295 πατρὸς
469 2211 605 2287 ἔννοιαν,
640 2213 691 2275 καί
723 2207 776 2274 ὅτι
803 2209 860 2273 τὸν
889 2208 1040 2293 γεννητόν
1071 2210 1165 2284 ἰδίως
1188 2206 1257 2271 υἱὸν

238 2302 370 2374 οῦδέπω
394 2319 541 2393 σημανεῖ,
567 2304 650 2374 ἀλλά
672 2316 859 2373 κοινοποιεῖ
880 2306 966 2388 πρός
992 2304 1102 2369 πάντα
1124 2303 1167 2370 τά
1188 2315 1280 2388 γεν-Β

200 2402 203 2409 ’
238 2404 318 2490 νητδι
340 2405 398 2492 τὴν
422 2407 559 2471 ἔννοιαν.
592 2402 609 2469 ό
632 2406 692 2488 γάρ
716 2402 821 2471 εἶπιὺν
842 2403 994 2488 γεννητόν
1018 2400 1144 2485 ὅτιμὲν
1168 2407 1257 2486 γέγο-

201 2512 289 2568 15νεν
319 2501 492 2586 ἐσήμανεν,
528 2497 674 2583 οάδαμοῦ
704 2505 739 2568 δὲ
768 2502 806 2566 τὸ
836 2496 951 2575 ἀίδίωςΙ
982 2500 1050 2563 οἶόν
1081 2498 1257 2581 νοούμενον

237 2599 462 2684 παρεδήλωσε.
495 2598 547 2663 διὸ
571 2594 687 2675 ἀιδίως
710 2600 895 2674 ἐννοοῦντες
919 2598 989 2661 υἱόν
1013 2599 1094 2662 θεοῦ
1112 2592 1151 2660 οῦ
1169 2593 1259 2673 δεξό-

236 2702 328 2776 μεθα
350 2698 448 2758 τοῦτο
472 2695 557 2775 πρὸς
579 2696 718 2772 τούτοις,
744 2693 795 2759 ότι
818 2694 856 2758 τὸ
879 2699 936 2758 τοῦ
961 2693 1087 2776 πατρὸς
1110 2695 1165 2759 καὶ
1188 2692 1258 2758 υἱοῦ

237 2787 343 2871 ὄνομα
365 2791 423 2874 την
446 2791 531 2871 πρός
559 2817 590 2855 τι
621 2797 731 2870 σχέσιν
761 2799 922 2870 σημαίνει.
969 2789 1021 2856 διὸ
1047 2783 1107 2855 κάν
1132 2795 1258 2871 πατέρα

236 2885 338 2970 μόνον
355 2881 575 2969 ὀνομάζωμεν,
597 2888 710 2969 ἔχομεν
727 2892 772 2970 τῷ
790 2884 929 2969 όνόματι
944 2893 1001 2953 τοῦ
1019 2887 1147 2970 πατρὸς
1164 2912 1257 2954 συνυ-

198 2990 467 3069 θθπακουομένην
483 2983 541 3070 την
558 2986 686 3051 ἔννοιαν
698 2990 757 3049 τοῦ
770 2987 851 3049 υἱοῦ·
869 2986 977 3073 πατὴρ
990 2986 1050 3071 γάρ
1065 2986 1136 3050 υἱοῦ
1149 2982 1255 3070 πατὴρ

237 3083 374 3166 λέγεται.
391 3077 450 3148 κάν
467 3083 537 3147 υἱόν
552 3082 654 3164 μόνον
671 3078 895 3166 ἀνομάσωμεν,
920 3085 1032 3166 ἔχομεν
1056 3082 1113 3167 την
1132 3081 1324 3148 έννοιονΰῖ-

237 3181 446 3264 τοῦπατρὸς,
467 3177 519 3245 ότι
537 3182 608 3258 υἱός
626 3179 753 3264 πατρὸς
768 3182 905 3264 λέγεται.
931 3181 1098 3264 έχεταιγὰρ
1115 3181 1255 3265 θάτερον

237 3283 394 3360 θατέρου,
404 3282 458 3344 καὶ
470 3273 507 3344 οῦ
521 3277 736 3345 διακόπτεται
750 3274 768 3364 ἡ
783 3285 900 3359 σχέσις,
912 3272 995 3343 ἀλλά
1007 3282 1059 3343 καὶ
1070 3277 1176 3359 μόνον
1190 3274 1254 3344 ἑκά·

237 3397 332 3455 τερον
343 3375 515 3456 λεγόμενον
530 3377 714 3460 συνεισάγει
725 3381 869 3458 θατέρου
883 3374 1085 3460 τηνὲννοιαν,
1103 3378 1158 3441 καί
1173 3371 1213 3441 οῦ
1226 3369 1258 3440 τὸ

199 3480 229 3532 25
239 3467 344 3552 ὄνομα
364 3470 476 3550 μόνον,
502 3467 585 3538 ἀλλὰ
606 3474 690 3556 μετὰ
712 3477 770 3538 τοῦ
794 3467 955 3554 ὀνόματος
977 3471 1032 3536 καὶ
1053 3475 1112 3557 τῆς
1129 3473 1263 3559 φάσεως

238 3568 296 3653 τὴν
320 3566 513 3652 οἰκειότητα.
558 3576 686 3653 πατέρα
708 3570 769 3654 γάρ
799 3573 949 3646 νοοῦντες
976 3569 1033 3633 τόν
1062 3569 1146 3636 θεὸν
1177 3564 1264 3638 θεοῦ

237 3667 375 3748 νοοῦμεν
398 3671 535 3747 πατέρα,
560 3671 612 3730 καὶ
638 3666 707 3732 υἱόν
731 3670 882 3744 νοοῦντες
904 3671 987 3733 θεοῦ
1012 3666 1092 3732 θεὸν
1122 3672 1270 3750 νοοῦμεν

237 3763 295 3828 τὸν
318 3764 463 3848 ῥηθέντα
489 3762 559 3828 υἱὸν
583 3767 682 3842 θεοῦ,
716 3764 772 3829 καὶ
804 3761 920 3844 όμοιον
950 3765 1060 3848 ἐκείνῳ
1089 3764 1176 3830 κατὰ
1207 3766 1273 3853 τὴν

238 3861 339 3946 φῦσιν
370 3849 407 3923 οῦ
435 3862 488 3924 καὶ
519 3870 644 3926 νοεῖται
674 3862 752 3939 υἱός.
804 3858 977 3945 ἀγέννητον
1002 3864 1037 3926 δὲ·
1067 3855 1104 3925 οά
1131 3863 1274 3946 λέγεται

198 3966 227 4015 3⁰
236 3960 389 4043 γεννητοῦ
413 3951 595 4042 ἀγέννητον,
621 3953 697 4024 οὐδὲ
720 3957 872 4043 γεννητὸν
896 3955 1070 4042 ἀγεννητου
1093 3960 1271 4046 γεννητόν·
1289 3942 1324 4001 ¹

323 4062 373 4118 2⁰.
402 4048 531 4140 Ἐπειδὴ·
555 4062 665 4121 τοίνυν
689 4053 764 4121 οὔτε
792 4055 848 4138 την
879 4055 963 4137 πρὸς
993 4053 1119 4140 ἄλληλα
1149 4065 1270 4140 σχίσιν

238 4147 303 4226 ἔχει
324 4149 366 4214 τά
387 4155 445 4216 τοῦ
470 4148 643 4237 ἀγεννητοσ
672 4153 725 4217 καὶ
755 4155 908 4236 γεννητοῦ
938 4151 1013 4218 οὔτε
1042 4162 1266 4240 συνεμφαίνει

236 4240 294 4326 την
318 4245 427 4327 φύσιν,
451 4259 637 4314 κοινοποιεῖ
660 4250 695 4313 δὲ
717 4246 802 4327 πρὸς
824 4248 865 4314 τά
882 4248 986 4314 λοιπά
1002 4249 1177 4336 ποιήματα
1202 4247 1263 4319 τοῦ

543 4614 554 4645 ι’
