2867 5084
479 978 576 1031 μανι.
594 982 803 1033 mmmm.
1111 971 1129 1033 ’ί
1136 973 1148 1033 1

130 1122 304 1211 όπέλαβον
326 1123 426 1195 αι”τόν
448 1133 675 1218 γεγεννῆσθαι.
721 1130 830 1198 ι’λθών
854 1121 910 1199 σόν
932 1135 986 1199 καί
1009 1134 1154 1220 ποιήσας

130 1224 190 1311 τήν
215 1227 428 1312 δημιουργίαν
451 1227 536 1312 πρὸς
559 1234 723 1314 σωτηρίαν
743 1232 808 1295 τῶν
835 1224 1027 1313 ἀνθρώπιον
1049 1257 1153 1317 μηχα-

131 1322 191 1407 νὴν
216 1323 436 1410 συνεστήσατο
459 1324 596 1406 ἔχουσαν
619 1324 745 1393 δώδεκα
767 1327 895 1406 κάδους,
919 1323 990 1414 ἥτις
1012 1324 1079 1394 όπό
1094 1332 1151 1414 της

132 1428 282 1508 σφαίρας
316 1428 519 1508 στρεφομένη
554 1417 712 1506 άνιμᾶται
745 1427 810 1488 τῶν
848 1424 1058 1510 θνησκόντων
1092 1425 1152 1504 τὰς

132 1517 252 1604 ψυχάς.
283 1521 335 1584 καὶ
359 1518 479 1598 ταότας
502 1515 519 1585 ό
541 1527 641 1606 μέγας
664 1520 800 1611 φωστηρ
822 1533 897 1600 ταῖς
915 1516 1025 1588 άκτίσι
1041 1524 1175 1608 λαβιόνυ

130 1616 308 1700 καθαρίζει
335 1619 388 1683 καί
417 1618 621 1699 μεταδίδωσι
648 1621 688 1705 τῇ
716 1618 850 1706 σελήνη·
880 1623 933 1686 καί
956 1616 1042 1685 οότιυ
1065 1621 1150 1706 πλη-

103 1719 251 1799 θροῡται
273 1717 330 1800 τῆς
353 1712 486 1801 σεληνης
509 1711 526 1781 δ
550 1716 660 1794 δίσκος
683 1711 794 1800 όπαρ)
812 1713 890 1802 ἡμῖν
906 1717 1151 1802 προσαγορευό-

130 1836 241 1895 μενος.

219 1917 270 1975 50.
301 1907 368 1975 Καὶ
390 1905 470 1997 δρᾷς
491 1909 579 1996 πόση
602 1908 720 1976 τούτου
742 1913 800 1976 τοῦ
823 1910 940 1998 γόητος
961 1907 980 1998 5
1005 1912 1151 1998 ληρώδης

131 2007 280 2092 φλυαρία
302 2006 357 2073 καί
378 2013 485 2093 μέθης
507 2007 613 2094 λήθη,·
641 2006 683 2073 τὰ
704 2006 766 2092 γάρ
790 2003 843 2074 ὑπ’
870 2003 970 2075 αότοό
993 2009 1151 2094 λεγόμενα
1162 2025 1190 2072 10

133 2103 181 2182 είς
204 2104 311 2223 λήθην
332 2105 552 2221 μεταδίδωσι,
567 2108 620 2171 καί
644 2101 707 2171 όσα
724 2106 815 2172 δοκεῖ
829 2107 933 2189 λέγειν
948 2106 1150 2190 μετασκευά-

132 2203 181 2282 ζει
202 2206 256 2266 καί
274 2196 494 2283 άνασκεοάζει,
517 2230 559 2269 τα
546 2202 644 2269 ιδια
660 2202 830 2268 καταλύων
847 2205 1009 2288 δόγματα,
1033 2202 1150 2270 ἄλλοτε

130 2299 191 2382 ιιὲν
223 2295 329 2377 άλλως
359 2302 412 2365 καὶ
441 2298 548 2378 άλλως
565 2298 798 2422 διηγούμενος,
828 2303 881 2365 καί
904 2300 946 2366 τὰ
968 2297 1090 2417 όστερα
1110 2300 1151 2366 τὰ

131 2399 252 2478 πρῶτα
279 2400 376 2462 καιία
374 2396 448 2476 όει,
479 2396 580 2463 καί“
561 2425 582 2463 α
611 2397 644 2463 ἐν
673 2395 821 2480 πρώτοις
854 2398 1028 2463 κατέλυσεν
1051 2385 1152 2474 αὖθις

134 2490 505 2576 1555050501‹a,‘wg
529 2521 582 2561 ινα
605 2494 675 2561 δεί
643 2501 693 2580 ίςη
718 2488 842 2580 ότιάφ
861 2494 979 2561 ἑαυτοῦ
996 2488 1190 2559 ovum-1⁵

135 2613 267 2675 στηκτν,
295 2587 380 2657 άλλα
411 2588 475 2657 άπὸ
504 2592 690 2676 πνεύματος
720 2585 911 2674 ἀκαθάρτου
935 2590 1151 2674 ἐλαυνόμενος

133 2685 221 2753 ίίλλα
242 2683 308 2754 ἄντ’
334 2686 442 2754 άλλων
466 2691 640 2773 διηγεῖται,
670 2688 826 2775 καθάπερ
855 2690 887 2755 σί
910 2692 1149 2776 φρενιτιιόντες.

134 2784 210 2872 ἤτοι
236 2785 297 2872 γὰρ
324 2786 382 2873 την
405 2794 590 2871 παρουσίαν
614 2789 698 2872 λέγει
720 2790 779 2853 τοό
802 2794 914 2870 κυρίου
936 2782 1028 2873 ἡμῶν
1047 2781 1152 2872 ’ίησοό

85 2889 295 2969 563Χριστοό,
318 2883 402 2967 μετὰ
424 2883 534 2951 πολλὰ
556 2885 609 2970 ίτη
625 2888 683 2951 τοό
699 2890 856 2968 γενέσθαι
871 2885 948 2963 τοὺς
974 2887 1151 2971 φωστῆρας
1245 2966 1249 2975 .

133 2974 237 3068 ἦλθεν
264 2977 283 3068 5
312 2988 496 3066 παρουσία,
525 2986 579 3048 καί
608 2981 691 3064 μετά
712 2982 771 3068 τὴν
794 2976 871 3065 παρ’
894 2977 985 3104 αότηλ
1007 2982 1191 3066 μηχαυηνίο

133 3083 335 3166 καλουμένην
357 3083 422 3145 τῶν
445 3078 571 3148 δώδεκα
593 3074 760 3146 κάδων.’
742 3083 794 3147 αεὶ
811 3078 872 3164 γὰρ
889 3079 921 3145 ίν
938 3073 1064 3163 σι’-ρανω
1050 3077 1151 3156 ι’ξό-

133 3202 193 3245 του
215 3183 325 3263 γέγονε
346 3175 495 3261 τυγχάνει
516 3174 557 3242 τά
579 3174 738 3263 άστρα,
723 3173 798 3242 ότοι
819 3186 966 3258 στοιχεῖα
989 3170 1028 3239 αό
1033 3175 1071 3240 τά
1093 3201 1151 3240 κα·

133 3278 204 3343 λείν
226 3272 467 3359 δοάλονται,”
447 3299 521 3359 ητοι
544 3274 750 3358 διαστήματα
772 3276 830 3339 τοῦ
854 3268 994 3357 σόρανοῦ
1016 3274 1069 3338 καί
1092 3277 1150 3354 μέ-

132 3399 205 3458 τρα.
251 3368 340 3456 ὅμως
369 3366 438 3438 άπό
466 3371 621 3458 τετάρτης
643 3367 765 3456 ἡμέρας
787 3374 844 3458 τῆς
866 3376 1087 3453 κοσμοποιίας
1108 3367 1150 3434 τά

132 3469 247 3537 πάντα
275 3471 382 3548 καλῶς
404 3475 569 3547 τέτακται,
594 3466 651 3534 σάκ
673 3470 720 3547 εἰς
740 3468 865 3553 βλάβην
889 3472 954 3533 τῶν
976 3461 1043 3532 ὑπὸ
1066 3469 1198 3545 θεσόῖαΙ

131 3573 380 3652 κυριευομένων.
410 3563 429 3654 5
453 3568 488 3634 δὲ
510 3569 567 3632 τοῦ
583 3569 733 3650 Χριστοῦ
755 3572 924 3649 παρουσία
946 3564 979 3631 ἐν
1001 3567 1046 3649 τῷ
1070 3590 1149 3629 πεν·

131 3665 352 3751 τεκαιδεκάτφ
376 3665 441 3732 ἴτει
466 3670 618 3749 Τιβερίου
638 3669 808 3746 Καίσαρος
829 3659 949 3748 ἤρξατο
971 3664 1029 3727 τοῦ
1053 3659 1150 3746 κηρό-

132 3786 274 3884 γματος,
307 3762 390 3846 μετὰ
421 3759 615 3847 τριακοστόν
649 3760 721 3838 ἔτος
748 3763 805 3846 τῆς
833 3755 933 3826 αι’-τοῦ
961 3757 1148 3843 γεννήσεως,

105 3860 222 3946 οὸπερ
253 3886 394 3948 κατηντα
426 3860 472 3939 εἷς
508 3855 833 3940 πεντακισχιλιοστόν
870 3852 1149 3924 πεντακοσιοστὸν

133 3963 211 4040 ἔτος
236 3962 295 4046 τῆς
321 3963 542 4042 κοσμοποιίας
568 3958 621 4023 καί
649 3952 843 4038 τριακοστόν
872 3956 930 4038 τῆς
955 3948 1055 4020 αὐτοῦ
1077 3946 1149 4068 ἡλι-
1134 3966 1189 4019 -30

131 4065 219 4139 κίας,
240 4054 457 4173 τριακοστόν
458 4055 493 4121 δὲ
514 4053 664 4138 τρίτσν”
647 4078 708 4131 ιιυς
730 4054 787 4118 τοῦ
811 4054 962 4135 σταυροῦ.
996 4051 1070 4126 πῶς
1092 4036 1149 4112 σάν

133 4152 244 4225 άπὸ
235 4154 369 4242 πρώτης
396 4155 499 4219 ταῦτα
527 4177 560 4217 ιν
589 4143 716 4237 οὖρανηι
748 4144 886 4235 ὑπῆρχε,
916 4169 1028 4233 φωστη
1014 4149 1087 4228 όρίς
1113 4170 1148 4212 τε

132 4252 234 4322 ταδ’
220 4251 344 4336 άστρα,
378 4250 407 4320 εἰ
435 4249 471 4317 δὲ
498 4249 598 4334 λέγει,
633 4246 699 4330 πρό
727 4245 845 4314 τούτου
873 4242 983 4311 ἐλθὼν
1012 4241 1149 4328 ἐποίησε
