2867 5084
242 947 304 1008 254
467 958 674 1007 σσιοκαισκ
689 955 785 1005 xm
803 957 989 1004 κιντταασ
1006 957 1035 1009 ε.

153 1116 159 1122 ’
241 1109 424 1195 έκκλησίας,
455 1102 496 1173 δι’
521 1095 559 1193 ἧς
587 1109 641 1174 καλ
670 1103 790 1185 ἄλλους
812 1104 995 1190 πτόραντες
1017 1103 1181 1181 πολλάκις
1202 1096 1257 1168 άν-

240 1210 416 1272 θέλκουσιν
445 1199 515 1269 άπὸ
543 1207 601 1291 τῆς
629 1202 815 1290 ἐκκλησίας,
846 1200 1110 1287 παρελκόσαντες
1137 1199 1258 1282 ἄνδρας

239 1328 275 1368 τε
297 1306 348 1367 καὶ
372 1312 534 1386 γυναῖκας.
565 1300 649 1385 μετὰ
670 1300 731 1385 γάρ
744 1295 908 1365 Ἰουδαίων
930 1299 1108 1382 βούλονται
1130 1298 1170 1363 τὸ
1186 1295 1257 1362 Πά-

242 1422 302 1480 σχα
325 1399 504 1465 ἐπιτελεῖν·
528 1404 697 1463 τουτέστιν
720 1386 748 1481 ᾦ
769 1400 872 1480 καιρῷ
897 1398 929 1462 οί
944 1392 1097 1462 Ἰουδαῖοι
1121 1398 1257 1461 ποιοῦσι

215 1495 281 1561 ατὰ
309 1491 386 1580 παρ’
412 1494 526 1574 αὐτοῖς
549 1494 691 1576 ’Ἀζυμα,
722 1492 797 1559 τότε
830 1489 926 1558 αὐτοὶ
960 1495 1189 1579 φιλονεικοῦσι
1220 1489 1256 1556 τό

239 1593 359 1675 Πάσχα
382 1590 481 1678 άγειν.
512 1595 564 1657 καί
589 1594 691 1678 δῆθεν
715 1586 768 1655 ὅτι
790 1585 896 1668 οὕτως
917 1581 956 1675 ἦν
979 1586 997 1676 ἡ
1022 1591 1177 1677 ἐκκλησία
1200 1613 1256 1675 φε-

239 1697 368 1773 ρομένη,
415 1693 447 1756 εἴ
471 1692 581 1775 γεκαὶ
606 1688 700 1772 λόγον
725 1693 1051 1773 σεσυκοφαντημένον
1074 1686 1290 1754 όεικνόουσιῦίι

238 1799 311 1865 τοῖς
334 1787 627 1871 ἐκκλησιαστικαῖς,
651 1785 734 1850 κατὰ
756 1787 853 1848 τοῦτο
876 1784 913 1849 τὸ
936 1791 1049 1868 μέρος,
1075 1783 1256 1871 φάσκοντες

241 1880 310 1949 ἀπὸ
341 1889 591 1947 Κωνσταντίνου
622 1881 678 1947 διὰ
705 1882 762 1968 τὴν
792 1882 876 1964 πρὸς
904 1881 962 1947 τόν
990 1885 1141 1964 βασιλέα,
1166 1882 1254 1968 φησὶ,

203 1993 230 2042 10
241 1982 534 2065 προσωποληψίαν
556 1980 818 2045 καταλελοίπατε
840 1979 898 2063 τὴν
920 1982 986 2043 τιῦν
1008 1984 1164 2062 πατέρων
1183 1976 1255 2060 περὶ

239 2081 297 2142 τοῦ
320 2077 441 2157 Πάσχα
464 2077 577 2160 ἑορτῆς
601 2069 814 2151 ἀκολουθίαν,
838 2080 890 2141 καλ
914 2077 972 2162 τὴν
995 2072 1118 2160 ἡμέραν
1141 2075 1256 2160 μετηλ-

240 2174 357 2254 λάξατε
388 2174 435 2251 είς
459 2172 497 2238 τὸ
520 2175 666 2256 καθῆκον
688 2176 747 2238 τοῦ
769 2175 941 2255 βασιλέως.
986 2174 1073 2250 τινὲς
1095 2174 1132 2239 δὲ
1157 2172 1254 2237 πόλιν

238 2272 320 2338 κατὰ
342 2271 382 2337 τό
405 2272 492 2337 λ’όιον
515 2270 702 2358 φιλόνεικον
725 2266 891 2354 ὁρίζονται
907 2265 960 2334 ὅτι
976 2266 1031 2335 ὅτε
1044 2270 1086 2334 τά
1101 2271 1254 2360 γενέθλια

239 2373 297 2433 τοῦ
321 2376 582 2445 Κωνσταντίνου,
606 2368 681 2434 τότε
701 2367 983 2452 μετεποιησασθε,
1008 2367 1100 2452 φησὶ,
1125 2365 1164 2431 τὸ
1185 2365 1254 2431 Πά-

201 2481 228 2530 15
240 2490 309 2547 σχα.
351 2464 406 2530 καὶ
435 2466 465 2530 εἴ
491 2468 550 2549 μὲν
573 2470 612 2551 τῇ
637 2462 716 2551 αὐτῇ
740 2460 844 2549 ἡμέρᾳ
866 2464 904 2528 τό
928 2464 1047 2545 Πάσχα
1071 2461 1167 2548 ἤγετο
1189 2456 1252 2528 κατ’

239 2564 310 2640 ἐ’τος
333 2561 387 2626 καὶ
418 2565 457 2646 τῆ
487 2557 568 2646 αὐτῇ
599 2558 731 2646 αίρίσθη
760 2566 858 2626 τοῦτο
887 2571 999 2627 ποιεῖν
1024 2556 1090 2624 όπό
1118 2564 1178 2647 τῆς
1200 2558 1254 2626 ἐπὶ

238 2664 492 2724 Κωνσταντίνου
527 2667 747 2743 συναχθείσης
776 2657 925 2735 συνόδου,
961 2657 1110 2722 πιθανόν
1147 2647 1186 2743 ἦν
1218 2655 1278 2722 τόε

238 2751 315 2838 παρ’
341 2750 456 2830 αὐτοῖς
478 2754 666 2837 λεγόμενον·
705 2754 808 2821 ὁπότε
831 2757 867 2819 δὲ
890 2750 964 2819 καθ’
990 2755 1126 2820 ἕκαστον
1149 2755 1256 2821 ένιαυ·

238 2851 295 2915 τὸν
319 2845 357 2914 οὗ
381 2848 517 2916 όόναται
541 2852 678 2932 ἔχεσθαι
699 2856 758 2937 τῆς
776 2847 876 2935 αι’·τῆς
894 2851 1009 2938 ψήφου
1025 2848 1043 2934 ἦ
1060 2846 1253 2929 ἀκολουθία,

198 2949 392 3012 νοόιέπεσεν
423 2943 440 3010 ό
471 2942 578 3013 αὐτῶν
609 2949 712 3035 λόγος.
760 2944 798 3012 οό
820 2948 881 3032 γάρ
905 2948 962 3014 διὰ
983 2950 1022 3012 τό
1043 2942 1255 3032 γενέθλιονό

237 3043 392 3127 βασιλεὺς
415 3043 651 3131 έπεμεληοατο,
676 3043 760 3112 ἀλλὰ
782 3045 839 3110 διὰ
861 3045 918 3131 την
942 3046 1059 3111 ένωσιν
1074 3049 1133 3131 τῆς
1149 3045 1258 3132 έκκλη·

238 3148 321 3219 σίας.
368 3144 414 3226 τῷ
443 3140 505 3227 γάρ
535 3140 605 3208 ’όντι
635 3143 693 3208 δόσ
722 3149 861 3226 μέγιστα
889 3137 966 3227 ἡμῖν
995 3137 1258 3226 κατώρθωσενό

239 3238 322 3316 θεὸς
350 3239 406 3304 διὰ
435 3244 493 3304 τοῦ
517 3247 757 3326 προειρημένου
781 3246 1033 3304 Κωνσταντίνου
1055 3242 1113 3304 τοῦ
1136 3248 1259 3326 θεοφι-

243 3335 399 3401 λεστάτου
422 3340 474 3401 καί
499 3332 765 3420 άειμακαρίστσυ,
799 3334 838 3400 τό
873 3335 1011 3412 συνάξαι
1034 3336 1257 3423 οἰκουμενικὴν

197 3429 395 3507 Ἁσόνοόον,
425 3433 480 3496 καὶ
507 3433 672 3499 έκθέσθαι
700 3433 758 3519 τὴν
782 3432 815 3498 έν
838 3440 962 3519 Νικαίφ
986 3432 1179 3499 ίκτεθεῖσαν
1202 3439 1259 3500 πί·

242 3550 314 3592 στιν
343 3531 396 3591 καὶ
427 3525 692 3615 ὁμολογηθεῖσαν
721 3524 797 3612 μεθ’
825 3524 1020 3616 ὑπογραφῆς
1047 3533 1114 3594 τῶν
1145 3533 1259 3598 συνελ-

241 3623 374 3688 θόντων
398 3624 606 3704 ἐπισκόπων,
636 3629 884 3711 καθαιρεθῆναι
905 3629 965 3709 μὲν
981 3624 1129 3708 Ἄρειον,
1162 3628 1201 3694 τὸ
1224 3629 1301 3695 dl!

241 3720 391 3805 καθαρόν
420 3725 478 3807 τῆς
506 3729 652 3801 πίστεως
679 3727 882 3810 κηρυχθῆναι
912 3728 1012 3800 πᾶσι,
1042 3726 1095 3788 καὶ
1119 3724 1159 3789 τὸ
1182 3727 1257 3809 περὶ

239 3823 297 3884 τοῦ
322 3817 443 3899 Πάσχα
472 3819 518 3896 εἷς
546 3820 663 3886 ένωοιν
685 3817 778 3903 ἡμῶν
800 3817 856 3885 ὑπ’
881 3816 989 3886 αὐτῶν
1012 3821 1257 3909 όιορθωθῆναι.

198 3918 380 3982 θοέκπαλαι
400 3915 462 3999 γάρ
485 3919 537 3981 καὶ
562 3911 631 3982 άπὸ
653 3921 719 3983 τῶν
742 3917 857 4001 πρώην
877 3918 1003 3999 χρόνων
1026 3919 1138 4003 διέστη
1163 3920 1258 4007 ένιῇ

240 4012 392 4099 ἐκκλησίᾳ
423 4013 594 4098 διαφόρως
627 4008 803 4098 άγόμενον,
838 4013 954 4095 χλεόην
989 4014 1151 4096 ἐμποιοῦν
1180 4012 1256 4082 καθ’
1265 4084 1268 4091 ,

240 4109 376 4174 ἕκαστον
406 4112 493 4188 έτος,
523 4113 587 4174 τῶν
615 4113 675 4191 μὲν
698 4108 765 4192 πρὸ
787 4109 971 4191 ἑβδομάδος
994 4111 1182 4178 ποιούντων
1204 4113 1259 4180 καί

240 4204 512 4287 φιλονεικούντων
535 4202 800 4292 πρόςάλληλους,
823 4208 890 4269 τῶν
913 4208 948 4272 δὲ
970 4207 1053 4290 μετὰ
1075 4207 1257 4292 ἑβδομάδα,
