2867 5084
267 920 331 980 450
360 949 366 961 ι
495 928 699 976 mmmm·
717 928 812 975 κιαι
830 928 1016 976 mmm
1033 927 1062 977 ι’.

266 1080 324 1146 τὸν
347 1075 392 1157 ὡς
406 1078 463 1143 τὸν
478 1077 570 1144 θεόν.
599 1076 720 1141 λοιπὸν
736 1076 828 1142 δὲτὰ
843 1075 939 1159 μωρὰ
954 1080 1057 1159 λέγειν
1083 1073 1140 1141 καί
1156 1069 1297 1140 ἀκούειν

267 1178 407 1253 πολλοῖς
429 1180 487 1255 μέν
518 1174 607 1239 ἐστιν
636 1173 683 1250 εἰς
712 1169 859 1258 ἀπάτην,
896 1184 968 1250 τοῖς
998 1174 1034 1238 δὲ
1063 1182 1216 1249 ουνετοῒς
1247 1171 1296 1247 είς

266 1273 390 1359 χλεύην.
434 1278 485 1348 τίς
507 1271 567 1354 γὰρ
590 1274 655 1335 τῶν
685 1272 945 1355 φρενοβλάβειαν
975 1269 1105 1346 ἑαυτοῖς
1133 1276 1293 1353 κεκτημέ·

268 1396 333 1435 νων
355 1371 408 1434 καὶ
430 1367 621 1453 μεμηνότων
650 1361 688 1431 ού
716 1366 851 1432 δύναται
880 1367 934 1433 καὶ
963 1364 1082 1443 ἀλλους
1110 1365 1290 1447 έκμαίνειν,

244 1467 323 1531 οκαὶ
344 1465 488 1549 μάλιστα
517 1464 593 1541 τούς
622 1470 864 1545 συνεπομένους
896 1466 949 1529 καὶ
973 1460 1223 1542 ύπακούοντας;
1262 1463 1291 1528 εἰ

268 1565 328 1648 γάρ
351 1589 401 1641 τις
424 1560 588 1648 ἠρώτησεν
612 1557 710 1626 αὐτὸν
740 1560 793 1625 καὶ
817 1560 894 1638 τούς
916 1555 979 1627 ἀπ’
1004 1555 1121 1636 αόταῦ,
1157 1561 1201 1645 μή
1231 1574 1338 1642 potam

269 1662 421 1745 διήγησαι
443 1658 524 1724 θεὸν
549 1659 670 1724 εἰδέναι
692 1656 749 1722 τὸν
766 1653 957 1741 ἀσύγκριτον
974 1661 1025 1723 καί
1043 1652 1287 1743 ἀκατάληπτον,

268 1756 325 1821 τὸν
348 1757 430 1821 κατὰ
452 1755 490 1818 τό
513 1749 600 1830 εἶδος
629 1755 690 1836 μὲν
719 1753 762 1837 μὴ
792 1754 1139 1837 καταλαμβανόμενον,
1175 1761 1289 1819 πίστει

269 1854 306 1918 δὲ
327 1852 566 1935 γινωσκόμενον
589 1861 661 1927 τοῖς
676 1846 776 1915 αύτού
795 1853 934 1928 δούλοις,
960 1848 1043 1917 ἀλλὰ
1060 1850 1216 1937 ὀιηῖγησαί
1231 1873 1288 1934 μοι

231 1949 345 2025 ιστούς
368 1954 542 2029 πυθμένας
563 1950 620 2032 τῆς
642 1951 708 2032 γης,
741 1947 783 2013 τά
804 1961 939 2030 ταμιεῖα
961 1952 1018 2032 της
1041 1943 1198 2030 ἀβύσσου,
1231 1945 1289 2023 τὰς

271 2048 396 2130 φλέβας
416 2048 473 2129 της
495 2043 680 2128 θαλάσσης,
696 2040 816 2110 (Ἅιδου
837 2045 894 2111 τὸν
916 2046 1032 2121 τόπον,
1056 2041 1153 2127 ἀέρος
1175 2043 1217 2109 τὰ
1231 2048 1287 2126 μέ·

268 2169 339 2226 τρα,
365 2138 511 2224 ούρανιόν
533 2141 571 2221 τὸ
594 2136 681 2218 εἶδος
712 2143 829 2208 καὶτὰ
852 2143 950 2226 πάχη,
983 2150 1016 2207 τί
1038 2146 1075 2205 τό
1100 2140 1200 2224 ἀκρον
1223 2143 1286 2205 τῶν

270 2239 348 2318 ἀνω,
372 2247 405 2305 τί
427 2238 464 2303 τὸ
486 2244 589 2322 τέρμα
610 2243 676 2304 τῶν
698 2239 796 2315 κάτω,
819 2248 853 2304 τί
875 2239 909 2305 έν
932 2241 1033 2326 δεξιᾷ,
1056 2245 1090 2303 τί
1112 2239 1147 2304 έν
1170 2233 1287 2304 εύωνύ-

269 2363 361 2419 μοις,
395 2341 453 2421 τῆς
480 2344 615 2413 κτίσεως
643 2340 701 2422 τῆς
730 2337 846 2401 ἑαυτοῦ
876 2338 1030 2413 πλάσεως
1062 2335 1101 2399 τὸ
1132 2334 1286 2449 βιήγημο,

232 2439 334 2500 15των
369 2434 425 2499 έπι
457 2458 576 2547 γηςγ
544 2428 724 2518 ἀμυθήτων
758 2433 815 2497 τὸν
845 2430 991 2547 ἀριθμόν
1020 2432 1075 2497 καί
1104 2432 1146 2498 τά
1175 2439 1285 2548 μέτρα,

270 2531 389 2597 λοιπὸν
412 2556 515 2594 ταιτα
543 2527 693 2612 ἤκουσας,
730 2525 775 2606 ιός
803 2524 985 2615 ηκοόσαμεν
1014 2529 1107 2612 παρὰ
1136 2533 1203 2595 τῶν
1232 2523 1284 2594 ὑπ’

270 2623 370 2693 αὐτοῦ
393 2623 621 2711 ἠπατημένων,
652 2627 698 2703 εἰς
722 2626 919 2711 σοφιστικὰς
947 2629 1136 2713 ιροφάσεις
1165 2652 1286 2709 παρεκ-
1310 2631 1354 2688 1

268 2725 435 2799 κλίναντες
458 2723 607 2807 εἰρωνείᾳ
640 2722 761 2787 λοιπὸν
785 2725 934 2806 λέγουσιν
957 2719 1013 2789 ἀπ’
1039 2724 1164 2790 ἐκείνου
1184 2749 1287 2806 μεμα-

270 2819 410 2905 θηκότες
434 2813 487 2883 ὅτι
508 2817 619 2882 πάντα
640 2824 744 2884 ταῦτα
766 2819 808 2885 τά
823 2821 994 2904 σωματικά
1017 2829 1070 2886 καί
1087 2821 1159 2886 ἔστι
1181 2824 1234 2887 καὶ
1251 2815 1285 2885 οί·

232 2915 443 2997 ἳσόσνάμεθα
467 2914 597 2980 εἰδέναι.
635 2915 692 2979 τὸν
721 2916 802 2980 θεόν
827 2921 861 2983 δὲ
883 2919 940 2983 τὸν
974 2912 1057 2982 αότά
1080 2917 1288 3002 πεποιηκότα

270 3013 406 3095 οἴδαμεν
430 3014 546 3098 σαφῶς
568 3011 723 3088 ποταπὸς
753 3014 823 3078 ἐστι
852 3019 904 3079 καί
934 3019 1008 3091 πῶς
1036 3015 1109 3080 ἐστι
1136 3017 1189 3080 καί
1220 3009 1289 3090 οἷός

270 3109 416 3178 ἐστικαὶ
439 3117 490 3188 τίς
512 3109 592 3175 ἐστι.
631 3116 681 3185 τίς
704 3111 739 3174 δὲ
762 3106 904 3188 ἀκούσας
926 3117 1030 3176 ταῦτα
1052 3107 1110 3176 ούκ
1133 3106 1174 3176 ἀν
1190 3137 1288 3176 κατα-

269 3209 435 3292 γελάσειεν
470 3202 589 3285 εόέίόςς
633 3205 753 3291 εὔηθες
786 3208 846 3291 γάρ
877 3209 948 3274 ἐστι
976 3210 1015 3273 τὸ
1043 3205 1121 3273 ὅλον
1151 3204 1206 3273 ὅτι
1233 3207 1288 3272 τὸν

268 3312 414 3388 τεχνίτην
436 3308 489 3369 καὶ
514 3298 707 3388 ἀσύγκριτον
729 3306 784 3369 καὶ
807 3302 1037 3391 άνεκὸιηγητον
1064 3308 1150 3389 λέγει
1167 3305 1288 3372 εἰδέναι

230 3404 321 3468 25κοί
344 3395 559 3486 ἠκριβωκέναι
595 3403 659 3469 (καί
685 3402 759 3467 είίίε
782 3402 869 3483 ἔλεγε
891 3407 930 3487 τῇ
953 3410 1068 3470 πίστει
1091 3402 1215 3469 εἰδέναι
1236 3403 1287 3466 καί

261 3493 492 3581 «ἠκριβωκέναι,
527 3491 611 3561 ἀλλὰ
632 3496 676 3583 μὴ
700 3496 782 3563 κατά
805 3499 930 3584 είδησίν
952 3526 1027 3564 τινα
1049 3499 1288 3585 ψηλαφησεωςλ

269 3593 392 3675 ἐτόλμα
414 3593 467 3657 καὶ
489 3596 637 3676 τολμῶσι
660 3597 778 3677 λέγειν,
811 3594 853 3660 τά
876 3598 910 3661 δὲ
933 3592 989 3662 ὑπ’
1007 3591 1107 3662 αὐτοῦ
1131 3597 1354 3681 γενόμεναετ

269 3693 328 3756 τοῦ
351 3684 556 3773 άσυγκρίτου,
592 3689 708 3755 διὰτὸ
731 3690 873 3756 κατάτό
897 3689 984 3773 εἶδος
1008 3694 1174 3776 δυνάμενα
1197 3693 1290 3780 παρὰ

268 3791 335 3854 τῶν
369 3782 521 3871 ὁρώντων
558 3782 898 3869 ύπερθαομάζεοίίαι,
944 3792 1082 3877 φάσκειν
1121 3785 1222 3857 αύτόν
1255 3817 1290 3858 τε

229 3885 324 3951 θοκαί
359 3882 436 3961 τοὺς
474 3879 573 3948 αὐτοῦ
615 3885 659 3968 μη
697 3886 834 3963 εἰδέναι,
879 3888 1025 3969 μάλιστα
1067 3888 1178 3973 πάντη
1224 3892 1292 3954 τῶν

270 3989 375 4048 θείων
411 3984 548 4067 γραφῶν
588 3984 705 4067 σαφῶς
741 3985 818 4064 περὶ
858 3989 941 4050 θεοῦ
980 3990 1211 4070 κηρυττοοοῶν
1252 3986 1293 4051 τὸ

272 4075 413 4160 ἀόρατον
442 4075 540 4143 αύτὸν
570 4073 655 4144 εἶναι
686 4076 742 4142 καὶ
766 4074 997 4167 ἀκατάληπτον
1027 4086 1080 4148 καί
1111 4078 1293 4167 άπερινόη-

270 4199 344 4250 τον,
381 4173 483 4255 μόνον
516 4176 552 4240 δὲ
584 4181 698 4239 πίστει
731 4173 764 4238 ἐν
793 4172 936 4265 ἀληθείᾳ
966 4180 1209 4263 γινωσκόμενον
1240 4176 1295 4248 ὅτι

595 4510 774 4616 Α
