2867 5084
83 199 527 489 -
665 324 674 335 S

374 1019 379 1030 -
477 992 598 1046 mm.
618 954 821 1049 υυιιντιόι.
1097 984 1156 1046 291

130 1144 317 1231 μυστήριον
337 1148 396 1210 τοῦ
419 1148 519 1225 θεοῦ,
554 1142 611 1212 οὐκ
634 1147 668 1214 ἒν
691 1155 797 1237 σοφίᾳ
819 1150 932 1236 λόγου,
962 1150 1020 1216 ἵνα
1039 1148 1084 1234 μὴ
1106 1173 1161 1215 κε-

132 1246 231 1330 νωθῇ
255 1238 273 1309 ό
296 1243 438 1325 σταυρὸς
459 1246 518 1308 τοῦ
541 1248 718 1328 Χριστοῦ.”
752 1242 770 1312 ό
793 1237 850 1313 οῦν
874 1247 907 1314 ἓν
930 1254 1036 1334 σοφίᾳ
1057 1245 1160 1330 λόγου

134 1338 292 1408 ἀπαιτῶν
313 1339 352 1405 τὸ
372 1342 563 1428 μυστήριον,
585 1344 670 1425 μετὰ
692 1347 750 1429 τῆς
776 1351 1011 1431 μωρανθείσης
1033 1349 1159 1430 σοφίας

134 1440 217 1522 ἔχων
236 1438 276 1504 τὸ
290 1443 398 1522 μέρος,
423 1433 607 1506 ἀπιστείτω
623 1443 669 1525 τῷ
684 1448 864 1528 μυστηρίῳ,
891 1438 946 1509 ὅτε
959 1437 1019 1508 κάν
1035 1441 1161 1518 ἐκείνας

135 1535 332 1604 ἀπιστεῖται
354 1536 388 1602 ίν
412 1543 517 1624 σοφίᾳ
539 1536 637 1623 λόγου
661 1533 679 1602 ό
701 1541 852 1618 Παῦλος,
884 1538 1004 1625 ἵναμὴ
1027 1539 1185 1623 κενωθῇῡ

136 1630 156 1700 ό
179 1635 322 1718 σταυρὸς
343 1637 402 1700 τοῦ
425 1639 583 1718 Χριστοῦ.
617 1636 646 1701 εί
668 1637 704 1702 δὲ
727 1636 761 1702 ἐν
781 1639 912 1714 τούτοις
934 1631 1158 1720 ἀποκρίνεται,

84 1726 197 1808 ςενοῦκ
221 1731 255 1797 ἐν
278 1738 383 1817 σοφίᾳ
405 1732 513 1816 λόγου,
538 1727 622 1797 ἀλλὰ
636 1741 765 1818 μωρίαν
781 1738 894 1800 πᾶσαν
910 1729 1159 1817 αυλλογιστικὴν

136 1835 263 1914 σοφίαν
293 1828 423 1912 ἐλέγξας
453 1828 509 1894 διὰ
537 1833 595 1916 τῆς
617 1825 855 1916 ἀονλλογίστου
883 1829 1068 1914 δυνάμεως,
1102 1826 1161 1913 τὴν

135 1933 255 1992 πίστιν
277 1924 379 2011 μόνην
401 1926 562 2011 λαμβάνει
585 1927 670 2011 πρὸς
693 1935 857 2015 σωτηρίαν
879 1932 945 1994 τῶν
960 1928 997 1993 τὸ
1012 1927 1160 2013 κήρυγμα

136 2024 331 2106 δεχομένων.
377 2019 453 2088 οῦόέ
484 2019 696 2108 ἀποκρίνεται
726 2029 800 2104 πῶς
830 2021 980 2110 όπατηρ
1013 2019 1160 2100 ἀπαθῶς
1172 2035 1203 2086 Ιο

136 2124 236 2208 γεννᾷ
257 2118 315 2186 τόν
338 2118 425 2198 υίὸν,
459 2119 515 2185 ίνα
542 2121 587 2208 μὴ
616 2129 748 2210 κενωθῇ
776 2123 814 2189 τό
839 2122 1019 2207 μυστήριον
1040 2124 1099 2207 τῆς
1127 2119 1161 2185 ἐκ

137 2218 269 2303 πατρὸς
297 2217 448 2301 υίότητος
476 2221 534 2282 τοῦ
557 2224 763 2303 μονογενοῦς,
801 2216 885 2286 ἀλλὰ
911 2223 1161 2304 μαραινομένην

136 2317 198 2401 τὴν
221 2321 344 2400 σοφίαν
367 2318 432 2380 τῶν
449 2320 601 2396 συνετῶν,
624 2317 716 2384 καθὰ
735 2324 917 2403 γέγραπται
940 2318 1027 2381 “ποῦ
1044 2311 1160 2399 σοφὸς,

137 2416 208 2480 ποῦ
230 2412 452 2498 γραμματεὺς,
487 2417 554 2479 ποῦ
577 2414 755 2501 σνζητητὴς
781 2418 841 2479 τοῦ
866 2414 987 2491 αιίῦνος
1008 2411 1185 2491 τούτου,·”.

138 2511 288 2594 ἐλέγχων,
313 2504 370 2575 οῦκ
394 2509 427 2576 έν
450 2517 556 2597 σοφίᾳ
577 2510 691 2596 λόγου,
726 2511 846 2598 ἵναμὴ
873 2510 929 2577 διὰ
950 2509 992 2576 τὰ
1016 2510 1049 2576 ἐκ
1072 2510 1162 2593 λσγι-
1173 2521 1201 2572 15

138 2611 235 2691 σμιῦν
262 2602 518 2691 ὑποπτευόμενα
538 2612 679 2694 κενωθῇ,
714 2612 809 2696 φημί,
841 2604 975 2694 εῦσείίης
998 2608 1117 2684 ἔννοια,
1142 2602 1160 2691 ἦ

137 2703 220 2787 περὶ
243 2704 371 2787 πατρὸς
390 2706 445 2770 καί
467 2705 549 2784 υἱοῦ,
580 2700 649 2771 ἀλλ’
674 2701 821 2784 ἀπαθῶς
846 2713 975 2789 πατέρα
1002 2708 1054 2771 καί
1078 2702 1161 2782 υίὸν,

105 2807 273 2883 Βπατίρα
294 2803 353 2884 μέν
376 2802 411 2880 ἐξ
433 2802 550 2867 ἑαυτοῦ
574 2804 785 2890 γεγεννηκότα
801 2802 877 2871 ἀνευ
901 2799 1085 2887 ἀπορροίας
1107 2801 1162 2865 καὶ

137 2900 279 2975 πάθους
299 2897 356 2962 τόν
378 2899 466 2977 νίὸν,
501 2900 573 2964 υίὸν
603 2901 636 2966 δὲ
661 2897 777 2983 ὅμοιον
809 2905 862 2968 καί
897 2897 964 2967 κατ)
988 2896 1104 2966 οὐσίαν
1128 2897 1162 2963 ἔτι

137 2993 366 3080 τοῦπατρὸς,
395 2997 521 3062 τέλειον
543 2997 576 3063 ίκ
598 3001 740 3080 τελείου,
770 3003 928 3086 μονογενῆ
957 2994 1203 3073 ῦποστάντα,ιο

137 3104 217 3170 τοῖς
237 3103 386 3171 πιστοῖς,
420 3087 441 3176 ἢ
470 3093 722 3179 ἔποπτευόμενα
751 3093 995 3181 ἀσυλλογίστως
1021 3094 1161 3181 κηρύξει.

138 3193 212 3258 τῶν
232 3190 292 3276 γάρ
316 3186 451 3257 ἀτόπων
475 3191 563 3257 ἐστίν
587 3192 620 3258 ἐκ
643 3199 752 3280 σοφοῦ
768 3198 851 3261 θεοῦ
875 3200 997 3279 σοφίαν
1021 3189 1164 3278 όφιοτα-

139 3295 244 3374 μένην
267 3284 437 3369 ἀκούοντα,
472 3284 517 3367 τός
547 3294 663 3377 σοφιῦς
686 3286 756 3357 οίόε
777 3295 835 3376 τῆς
858 3291 893 3370 έξ
914 3290 1031 3356 ἑαυτοῦ
1053 3310 1166 3372 γεννη-

141 3392 265 3472 θείσης
293 3392 416 3473 σοφίας
444 3392 600 3471 γενέσθαι
630 3388 755 3475 πατὴρ,
791 3387 906 3465 πάθος
934 3387 1057 3452 ἐννοεῖν
1085 3383 1163 3465 περί

140 3482 202 3572 την
225 3490 349 3572 σοφίαν
371 3480 593 3572 ἀφίστασθαι,
618 3485 647 3551 εί
665 3487 781 3568 μέλλοι
798 3485 833 3564 ἐξ
848 3479 948 3549 αότοῦ
963 3477 1030 3549 κατ’
1049 3475 1206 3548 οῦσίαντῠ

141 3577 247 3665 όμοία
267 3585 315 3667 τῷ
338 3585 434 3668 σοφῷ
456 3577 475 3667 ἦ
500 3589 605 3670 σοφία
633 3578 855 3668 ἀφίστασθαι.
902 3581 931 3648 εί
958 3581 1019 3666 γὰρ
1042 3572 1166 3664 μητεό

142 3678 254 3767 σοφὸς
286 3679 368 3757 θεὸς
400 3681 535 3762 μεθέξει
577 3687 701 3766 σοφίας
741 3685 911 3757 συνθέτως
949 3677 1055 3764 σοφὸς
1085 3670 1166 3760 ἡμῖν

114 3788 282 3855 ονοεῖται,
307 3771 376 3842 ἀλλ’
393 3773 586 3856 ἀσυνθέτως
609 3772 707 3855 αότός
723 3777 793 3844 ίστι
814 3777 929 3865 σοφός,
954 3771 1070 3851 οὐσίας
1084 3769 1165 3849 ἐστὶ,

140 3870 267 3963 μήτεὴ
292 3879 398 3961 σοφία
421 3873 509 3940 ἐστίν
532 3871 550 3940 ὃ
573 3875 653 3952 υἱὸς,
684 3874 757 3960 ἑξῆς
779 3885 914 3942 νοείται.
960 3867 1044 3939 ἀλλὰ
1066 3865 1084 3954 ἦ
1109 3888 1167 3932 σο·

141 3980 209 4061 φὶα
232 3966 332 4038 οῦυία
354 3970 444 4038 ἐστίν
466 3967 536 4037 ἀπὸ
558 3975 667 4059 σοφοῦ
697 3967 822 4050 οὐσίας,
848 3967 952 4037 ὅέστι
974 3973 1088 4054 σοφία,
1112 3958 1209 4028 οῦοο

141 4078 203 4138 σία
226 4065 245 4136 ό
267 4068 341 4148 υίὸς
361 4065 521 4148 ῦποστὰς,
557 4065 657 4153 όμοία
679 4069 772 4135 ἔσται
794 4070 848 4134 καί
877 4062 946 4133 κατ’
971 4060 1087 4130 οῦσίαν
1107 4062 1169 4127 τοῦ

141 4171 257 4257 σοφοῦ
279 4166 418 4252 πατρὸς,
443 4162 499 4255 ἀφ’
525 4157 629 4250 οῦπερ
652 4162 777 4252 ῦπέστη
802 4170 907 4252 σοφία
930 4158 947 4228 ό
971 4160 1050 4239 υἱός.

158 4289 162 4293 ·
231 4271 262 4331 7.
297 4263 364 4330 Διό
385 4267 439 4332 καί
462 4263 596 4343 είωθώς
619 4259 636 4330 ό
658 4264 820 4350 μαιάριος
840 4261 978 4339 Παῦλος
998 4259 1107 4336 καλῶς
1127 4255 1172 4322 τὰ

963 4364 1017 4416 19*
