2867 5084
283 954 345 1016 432
509 966 715 1015 τουυκυτον
733 968 827 1016 τιτι
846 968 1033 1016 mmm
1049 970 1077 1016 υ.

281 1120 459 1203 προφορᾶς
480 1111 500 1199 ἡ
517 1114 677 1201 θεότητος
694 1110 791 1182 οῦσία
807 1124 1010 1183 συνίσταται.
1042 1114 1118 1182 οῦτε
1140 1115 1201 1199 γὰρ
1223 1134 1318 1182 nav-⁰

281 1215 416 1298 χήσεται
438 1209 458 1299 ἡ
481 1215 547 1277 τιῦν
570 1207 762 1296 ἀνθρώπιον
794 1211 815 1300 ἢ
839 1212 946 1279 ἀλλων
981 1212 1141 1300 προφορὰ
1166 1208 1212 1290 τός
1234 1214 1298 1296 θεῷ

282 1310 387 1377 ἐνδεεῖ
403 1310 500 1389 δόξαν
516 1317 788 1398 περιποιοινμίνη,
813 1305 833 1396 ἢ
848 1312 1106 1390 καλλωπίζσοσα
1123 1308 1205 1376 θεὸν
1221 1334 1301 1374 παν-

282 1407 480 1490 τοκράτορα,
519 1405 600 1474 θεόν
638 1407 879 1493 προσκυνητὸν,
921 1406 1002 1473 θεόν
1033 1407 1216 1493 ἐπιστάτην
1251 1404 1302 1471 καὶ

253 1511 333 1593 ‚ml
335 1529 414 1590 στην
429 1531 481 1569 και
474 1505 697 1588 δημιουργόν
713 1507 810 1570 ίᾛδιον
846 1503 921 1571 οίτε
943 1504 1003 1589 γάρ
1028 1506 1159 1622 ίαυτην
1168 1501 1302 1589 ῦπερίν-

283 1598 430 1680 δοξυν(
412 1612 552 1718 rsyelwt,
577 1604 629 1666 καί
653 1603 854 1686 κοσιιητριαν
876 1607 936 1667 τοῦ
961 1603 1047 1668 ἰδίου
1078 1629 1118 1667 αι
1121 1627 1179 1689 τος
1211 1605 1303 1686 δημι-

282 1702 410 1784 ουργοῦ,
435 1695 552 1765 ἐπεί’
532 1727 571 1764 αν
594 1699 742 1785 ταυτην
734 1686 961 1786 προσκυνητὴν
986 1697 1155 1813 ηγησαιτο,
1181 1694 1218 1764 οῦ
1241 1725 1302 1784 μην

283 1800 515 1878 προσκινοῦσα
531 1797 612 1861 τόν
604 1797 899 1880 τροσκυνοῦιιενον.
930 1801 983 1862 καί
999 1796 1105 1879 μάτην
1120 1796 1205 1863 κατὰ
1220 1797 1303 1862 πάν-

282 1917 348 1957 τιυν
372 1893 468 1976 λόγον
490 1904 573 1959 κινεῖ
595 1889 613 1956 ό
637 1894 695 1970 σὸς
719 1894 823 1979 λόγος,
845 1889 960 1960 Ἁέτιε.

197 2008 201 2013 ’
246 2010 275 2059 ιο
367 1989 426 2069 κζ’.
458 1991 499 2055 Εἰ
522 1995 624 2055 παντὶ
645 1995 785 2076 γεννητῷ
808 1990 900 2056 αἰτία
916 1989 1188 2075 σογκεκληρωται,
1213 1984 1356 2056 ἂναὶ-974

282 2110 354 2163 τιος
378 2088 412 2153 δὲ
436 2083 453 2173 η
479 2084 650 2174 άγέννητος
673 2088 782 2172 φάσις,
815 2085 872 2153 οῦκ
894 2090 1004 2153 αἰτίαν
1035 2090 1130 2169 δηλοῖ
1151 2086 1191 2152 τὸ
1215 2081 1302 2171 ἀγεν-

283 2209 388 2269 νητον,
415 2179 499 2249 ἀλλὰ
524 2181 708 2250 ῦπόστασιν
732 2192 892 2267 σημαίνει.
940 2190 943 2195 ’

365 2276 564 2368 Ἀνατροπη.
605 2285 670 2348 Καὶ
694 2286 793 2347 παντὶ
816 2286 959 2368 γεννητῷ
977 2282 1068 2347 αἰτία
1084 2281 1303 2367 συγκεκλήρω-

283 2404 348 2456 ται,
372 2382 426 2444 καὶ
450 2375 507 2461 οάχ
530 2376 753 2464 ὁμολογοῦμεν
775 2384 883 2457 τοῦτο,
909 2377 953 2457 (ῦς
976 2376 1045 2444 ἀπὸ
1069 2383 1128 2443 σοῦ
1151 2386 1302 2463 μεμαθη-

248 2476 384 2554 Ιῡκότες.
430 2481 559 2563 προορᾷ
581 2477 641 2560 γὰρ
667 2474 683 2562 ίη
708 2487 823 2554 πίστις
853 2481 910 2559 τῆς
934 2473 1095 2562 ἀληθείας
1123 2481 1224 2542 τοῦτο
1253 2478 1325 2542 καὶΒ

284 2574 509 2657 προομολογεῖ
530 2577 582 2638 καί
607 2575 771 2651 διδάσκει,
805 2571 858 2639 ότι
881 2574 962 2652 θεός
991 2575 1081 2639 ἐστιν
1109 2569 1127 2638 δ
1156 2572 1305 2652 ἀναίτιος

283 2671 395 2756 πάσης
419 2671 528 2748 αἰτίας
551 2675 602 2736 καὶ
635 2667 753 2758 ἀμιγὴς
774 2675 827 2737 καὶ
855 2666 1087 2749 ἀνυπεύθυνος
1108 2670 1222 2757 πάσης
1238 2672 1305 2738 ἰσό-

282 2791 388 2851 τητος.
429 2767 484 2832 διὰ
506 2773 603 2833 τοῦτο
625 2770 685 2854 γὰρ
709 2773 761 2834 καί
787 2764 881 2834 αότοὶ
905 2766 943 2835 οῦ
967 2773 1216 2852 προσκυνοῦμεν
1239 2773 1305 2837 πᾶν

284 2864 322 2928 τὸ
351 2862 555 2951 ῦποβεβηκὸς
582 2867 640 2952 την
670 2862 770 2931 αῦτοῦ
804 2870 862 2931 τοῦ
897 2872 980 2934 θεοῦ
1015 2861 1146 2944 οόσίαν,
1184 2866 1307 2934 διὰτὸ

245 2961 374 3049 λομδνιμ
398 2969 538 3045 πρέπειν
561 2969 606 3049 τῷ
631 2960 851 3050 ἀνυπευθύνῳ
877 2965 915 3028 τὸ
939 2971 1038 3049 σέβας
1060 2970 1179 3046 νέμειν,
1205 2965 1310 3051 πατρὶ

283 3063 330 3145 τῷ
354 3057 515 3148 ἀγεννητῳ
538 3066 591 3128 καί
616 3063 674 3146 υἰηῦ
698 3065 744 3146 τῷ
769 3061 804 3140 ἐξ
825 3057 925 3126 αὐτοῦ
959 3062 1013 3127 καί
1036 3057 1119 3146 ἁγίῳ
1141 3061 1310 3146 πνεύματι

282 3162 329 3242 τῷ
353 3153 409 3224 ἀπ’
436 3155 612 3225 αὐτοῦκαὶ
636 3157 692 3223 διὰ
714 3162 772 3222 τοῦ
795 3163 1002 3243 μονογενοῦς,
1027 3159 1143 3244 ἐπειδὴ
1161 3156 1261 3226 οῦδὲ-ν
1278 3161 1311 3229 ἒν

283 3259 322 3341 τῇ
346 3257 457 3340 τριάδι
479 3257 611 3322 κτιστὸν
634 3255 689 3321 καὶ
714 3251 779 3319 ίπό
803 3257 912 3322 αἰτίαν
937 3257 1105 3339 ἐμπῖπτον
1129 3257 1231 3324 ἐστίν.
1271 3254 1312 3325 οῦ

214 3416 221 3429 ,
283 3352 344 3436 γὰρ
369 3354 403 3432 ἐξ
425 3379 481 3418 υικ
505 3351 608 3419 όντων
637 3360 670 3417 τί
698 3353 832 3419 ἐστιν’
819 3381 851 3420 εν
879 3359 919 3441 τῇ
949 3354 1074 3438 τριάδι,
1109 3349 1154 3432 ιός
1183 3357 1238 3421 καί
1271 3357 1314 3424 τὰ

245 3446 368 3518 ιυάλλα
395 3450 437 3516 τὰ
467 3447 532 3516 ίπδ
556 3452 665 3517 αἰτίαν
689 3451 891 3516 πεπτωκότα
923 3456 977 3516 καί
1007 3451 1116 3516 αἰτίαν
1143 3455 1314 3539 κεκληρω-

282 3554 373 3630 μένα.
413 3544 506 3613 διὸ
490 3556 621 3614 αναιτία
645 3552 729 3613 οὐσα
758 3575 816 3634 της
843 3550 998 3636 τοιαύτης
1027 3549 1135 3626 αἰτίας
1164 3576 1183 3636 η
1215 3553 1339 3636 τριὰςε

282 3634 392 3760 μόνην
409 3645 526 3731 ἕαοτην
550 3642 707 3722 ἀπλανῶς
731 3645 859 3724 ἐδίδαξε
882 3653 1158 3731 προσκυνεῖσθαι,
1192 3648 1313 3738 ἐπειδὴ

282 3743 365 3830 μόνη
396 3741 476 3828 αότη
510 3738 657 3820 ἀναίτιός
686 3743 766 3809 ἐστι.
814 3744 857 3809 τὰ
886 3746 922 3810 δὲ
951 3747 1063 3810 πάντα
1097 3740 1168 3810 ὑπὸ
1199 3747 1315 3817 αἰτίαν

283 3847 534 3926 περιπέπτωκε·
559 3839 599 3905 τά
621 3842 680 3924 μὲν
703 3840 763 3926 γάρ
781 3841 851 3907 ἔστι
865 3841 1021 3927 γεγονότα
1035 3843 1087 3907 καί
1102 3851 1316 3928 κεκτισμένα,

244 3937 392 4024 σοπατὴρ
417 3939 452 4001 δὲ
475 3934 636 4015 ἀκτιστος,
668 3939 740 4003 υίὸν
770 3939 850 4020 ἔχων
879 3939 914 4017 ἐξ
942 3933 1043 4004 αῦτοῦ
1065 3949 1317 4027 γεγεννημένον,

284 4031 353 4100 ἀλλ’
380 4028 416 4098 οῦ
440 4036 580 4114 κτιστὸν,
619 4038 672 4100 καί
696 4032 790 4119 ἅγιον
813 4039 944 4119 πνεῦμα
968 4035 1003 4114 ἐξ
1024 4032 1125 4102 αὐτοῦ
1149 4037 1320 4127 ἐκπορευ-

285 4131 418 4215 όμενον,
452 4135 504 4198 καὶ
534 4129 572 4199 οῦ
603 4134 928 4220 δεδημιουργημένον.
972 4132 1098 4201 τούτων
1133 4135 1172 4202 δὲ
1208 4135 1322 4221 οὕτως

285 4227 424 4309 ἐχόντων
447 4229 523 4297 οἰτε
545 4230 661 4309 πάθος
688 4232 888 4317 κεκλήρωται
917 4231 1026 4298 αἰτίου
1055 4227 1073 4297 δ
1102 4237 1322 4319 προσκυνοῦ-

147 4448 316 4672 ’ἱ
