2867 5084
1177 530 1182 547 0

866 567 870 576 ι

473 945 576 1000 mx.
595 949 857 1003 ωιεεακιιαοι
1110 943 1174 1006 549

151 1099 192 1166 δὲ
214 1101 272 1188 τῆς
294 1093 506 1178 ἀναστάσεῶς
534 1122 635 1186 φησιν
664 1096 879 1191 όπροφήτης
906 1105 981 1170 ’καὶ
1008 1103 1173 1189 κόψονται
1244 1148 1253 1170 ι

148 1195 237 1264 κατά
261 1195 376 1284 φυλήν,
400 1196 486 1283 φυλή
509 1203 680 1264 κατέναντι
702 1199 821 1284 φυλῆς·
856 1198 942 1287 φυλή
965 1204 1024 1267 τοῦ
1047 1202 1170 1270 Νάθαν

108 1326 111 1330 ·
150 1288 232 1361 καθ’
251 1294 378 1381 ἑαυτήν,
400 1296 454 1360 καί
478 1294 513 1359 αἱ
534 1305 682 1379 γυναῖκες
703 1289 811 1362 αὐτῶν
833 1293 908 1362 καθ’
926 1297 1059 1378 ἑαυτάς·
1083 1299 1169 1387 φυλή

166 1395 229 1458 τοῦ
253 1386 356 1458 Ἰούδα
384 1386 460 1458 καθ’
489 1391 620 1480 ἑαυτήν,
657 1395 712 1460 καί
735 1392 770 1458 αἱ
794 1403 943 1478 γυναῖκες
968 1390 1075 1463 αὐτῶν
1101 1393 1176 1464 καθ’

167 1489 303 1568 έσυτάς”
330 1493 383 1555 καὶ
410 1488 451 1557 τὰ
471 1489 553 1576 ἑξῆς.
596 1486 683 1556 οὕτω
703 1488 760 1556 καὶ
782 1490 815 1557 σί
836 1485 1022 1558 ἀπόστολοι
1044 1494 1205 1561 διατάσ-5

167 1611 267 1655 σσυσι
288 1590 326 1673 τῇ
350 1586 510 1674 ἐκκλησίᾳ,
541 1583 627 1654 οὕτω
654 1586 709 1654 καὶ
732 1583 749 1653 ό
771 1586 881 1673 κύριος
904 1589 1049 1668 διέταξεν
1077 1589 1111 1657 έν
1132 1593 1180 1676 τῷ

168 1679 359 1770 εὐαγγελίῳ,
397 1681 465 1751 ἀπὸ
496 1687 575 1768 μιᾶς
606 1683 644 1751 τό
678 1683 863 1772 ὑπόδειγμα
895 1681 973 1771 ἡμῖν
1005 1685 1179 1772 κηρύττων,

134 1781 279 1869 υφήσας
300 1784 339 1868 τῇ
371 1781 469 1868 μητρὶ
502 1776 602 1848 αύτοῦ
639 1783 702 1870 ’μή
734 1806 799 1866 μου
828 1781 952 1850 ἅπτου·
993 1782 1088 1851 ούπω
1118 1784 1180 1870 γάρ

168 1875 352 1967 ἀναβέβηκα
374 1878 459 1963 πρὸς
485 1878 542 1945 τὸν
565 1884 721 1966 πατέρα’.
765 1877 870 1961 οὕτως
898 1877 916 1947 ὃ
938 1888 969 1947 Γ
968 1881 1045 1963 ιεζεὶ
1074 1906 1181 1967 προσ-

166 1983 296 2063 έρχεται
316 1980 355 2062 τῇ
377 1979 601 2061 Σουμανίτιδι,
636 1973 880 2064 ἀπωθούμενος
901 1979 1030 2067 ταύτην,
1059 1981 1115 2047 ἵνα
1135 1979 1179 2066 μή
1191 1995 1220 2047 10

166 2070 314 2163 ἀφανίσῃ
343 2073 381 2140 τὸ
408 2074 529 2160 τάγμα,
564 2076 619 2141 ἵνα
649 2075 693 2162 μή
728 2072 843 2164 ύβρίση
873 2075 930 2141 τὸν
959 2077 1087 2162 θεσμὸν
1114 2081 1181 2145 τῶν

164 2175 359 2260 προφητῶν.
409 2167 484 2238 ὅδὲ
506 2171 679 2260 προφήτης
700 2173 864 2259 πνεύματι
896 2169 977 2260 ἁγίῳ
1001 2175 1181 2262 φερόμενος

165 2270 353 2339 κατιόδονον
377 2268 463 2354 έῶρα
484 2270 542 2355 τήν
557 2277 764 2353 Σουμανῖτιν,
789 2276 1008 2355 παραμυθίας
1030 2271 1066 2337 δέ
1086 2269 1181 2356 χάριν

165 2364 368 2453 ύπερβέβηκε
389 2366 446 2455 τήν
468 2367 576 2445 τάξιν,
610 2368 665 2434 καὶ
693 2362 866 2448 ἀνεδέξατο
894 2367 980 2451 πρὸς
1006 2367 1064 2453 τήν
1093 2364 1181 2454 ῶραν

165 2471 387 2550 παραμυθίας
414 2467 472 2550 τῆς
493 2465 643 2548 γυναικὸς
662 2464 773 2551 χάριν,
811 2466 885 2532 ἰ’σσν
912 2462 1115 2553 ἡγησάμενος
1141 2464 1219 2534 um

166 2560 342 2631 ἅπτεσθαι
363 2566 428 2628 τῶν
453 2557 553 2627 αὐτοῦ
575 2563 689 2628 ποδῶν
717 2561 810 2648 παρὰ
838 2560 1017 2648 συνήθειαν
1045 2563 1103 2648 τήν
1124 2588 1180 2648 γυ-

166 2671 265 2727 ναῖκα
287 2663 344 2747 τῆς
366 2655 466 2747 αὐτῆς
488 2660 521 2727 ίν
542 2664 581 2747 τῇ
605 2661 737 2747 διανοίη
751 2660 923 2738 κακώσεως
944 2686 979 2728 τε
993 2658 1049 2726 καὶ
1064 2659 1179 2746 λύπης.

94 2779 159 2832 1016
167 2760 224 2825 καί
245 2763 279 2823 τί
298 2780 357 2841 μοι
378 2756 488 2824 πολλὰ
510 2758 613 2842 λέγειν
642 2761 719 2844 περὶ
748 2757 874 2824 τούτων
898 2761 964 2824 τῶν
986 2757 1063 2836 τούς
1084 2757 1182 2837 κύνας
1203 2776 1205 2783 ·

167 2861 378 2940 μιμουμένων
400 2854 453 2920 καὶ
468 2854 544 2933 τούς
559 2852 619 2935 ύας
634 2854 834 2941 ζηλούντωνς
856 2858 933 2941 περί
949 2856 985 2923 δὲ
998 2858 1057 2923 τού
1074 2855 1181 2924 εἰπεῖν

168 2951 286 3022 ἑαυτὸν
307 2951 465 3036 Χριστὸν,
493 2959 561 3019 τίνι
581 2961 700 3037 μανίας
729 2946 766 3019 όν
789 2947 846 3019 ούκ
868 2947 992 3040 ὀφθείη
1015 2952 1053 3018 τὸ
1076 2952 1222 3038 δόγμαλθ

167 3053 235 3117 τῶν
257 3049 386 3116 σύνεσιν
414 3055 624 3136 κεκτημένων,
655 3043 677 3138 ἢ
687 3052 802 3135 ’λέγειν
831 3046 884 3116 ότι
905 3049 1079 3137 προφήτης
1099 3050 1181 3136 έγῶ,·

168 3153 205 3214 τί
224 3147 283 3233 γὰρ
311 3152 518 3234 προφητείας
546 3141 623 3231 παρ’
648 3141 760 3225 αὐτοῖς
791 3142 878 3226 εἶδος
906 3145 1122 3234 φαινόμενον,
1160 3141 1182 3234 ἢ

169 3254 271 3312 ποῖον
293 3247 442 3329 Χριστοῦ
463 3245 661 3327 θαυμαστὸν
683 3244 776 3330 ἔργον
797 3251 939 3329 γίνεται,·
973 3244 1002 3310 εί
1024 3245 1060 3310 δὲ
1082 3239 1181 3323 αὐτὸς

169 3340 327 3427 Χριστός,
336 3343 383 3420 είς
393 3352 494 3408 ποῖον
506 3341 615 3424 κύριον
627 3340 747 3430 ήλπικέ
757 3367 793 3409 τε
803 3343 856 3407 καί
867 3347 1066 3409 πεπίστευκε
1073 3370 1084 3423 ,·
1095 3347 1128 3409 τί
1139 3341 1181 3409 τὰ

168 3442 229 3528 τῆς
242 3439 369 3527 πλάνης
383 3437 659 3526 κενοφωνήματας
681 3445 714 3505 τί
725 3442 790 3504 τῶν
804 3434 950 3526 ἀνοήτων
961 3437 1003 3505 τά
1015 3437 1181 3524 δόγματος
1190 3451 1221 3505 25

170 3531 255 3604 ἀλλὰ
277 3531 407 3622 ἀρκέσει
427 3535 482 3603 καὶ
503 3540 580 3622 περί
602 3535 722 3622 ταύτης
742 3535 784 3603 τὰ
806 3535 853 3615 είς
875 3532 974 3621 αύτήν
997 3535 1158 3623 εἰρημένα.
1190 3540 1196 3550 ”

137 3658 159 3708 Β
257 3641 305 3702 10.
337 3634 403 3700 Καὶ
425 3636 486 3713 ἕως
509 3624 573 3700 ῶδε
595 3634 692 3716 έχέτω
713 3632 752 3698 τὸ
775 3641 957 3722 σφραγίσαι
978 3637 1032 3700 καί
1048 3635 1182 3701 τελειῶ-

171 3754 229 3798 σαι
250 3729 307 3818 τήν
330 3734 441 3798 πᾶσαν
463 3727 554 3818 ήμῶν
585 3733 663 3814 περὶ
690 3730 815 3797 τούτων
842 3736 1094 3816 πραγματείαν,
1122 3733 1181 3796 τοῦ

167 3830 254 3897 θεοῦ
275 3823 353 3914 ἡμῖν
376 3827 594 3916 ἐπιφανέντος
615 3830 668 3894 καὶ
685 3827 925 3914 βοηθήσαντος,
949 3823 994 3906 ῶς
1009 3822 1181 3912 ὁμολογεῖν

169 3927 259 3996 ἔστιν
282 3924 316 3993 ἐκ
337 3924 448 4010 πάσης
471 3928 575 4012 ψυχῆς
597 3928 651 3992 καί
673 3922 831 4004 διανοίας,
869 3919 1070 4008 εὐχαριστεῖν
1092 3919 1221 4010 αύτῷω

168 4026 217 4112 τῷ
231 4028 341 4111 κυρίῳ,
366 4019 471 4089 ὅτιτὸ
487 4022 684 4108 ἐπάγγελμα,
708 4020 726 4088 ὃ
742 4019 1017 4108 ἐπηγγειλάμεθα,
1041 4020 1075 4088 έν
1091 4015 1180 4108 αύτῷ
1214 4066 1220 4077 1

168 4124 216 4208 τῶ
238 4126 340 4209 κυρίῳ
361 4118 610 4208 κατηξιώθημεν
636 4121 825 4199 τελειῶσαι,
862 4117 942 4184 κατὰ
966 4116 1123 4204 αίρέσεῶν
1144 4124 1182 4187 τό

171 4244 259 4309 φημι
285 4217 343 4286 τόν
377 4216 525 4304 διήγησιν
553 4225 606 4287 καί
630 4213 818 4306 ἀνατροπὴν
846 4217 1081 4303 ποιησάμενοι,
1110 4210 1182 4302 ἅμα
