2867 5084
588 1005 709 1059 mm.
729 1008 920 1058 Ανοοιοιοι.
1200 999 1264 1063 377

233 1156 419 1242 τυγχάνεις,
444 1153 462 1222 ὁ
483 1161 538 1223 καί
562 1152 632 1224 άπὸ
654 1162 720 1224 τῶν
743 1152 935 1242 ἀνθρώπων
959 1159 1036 1238 τοὺς
1050 1162 1196 1243 τρόπους
1210 1165 1266 1230 καλ

234 1256 300 1342 τὴν
324 1256 474 1321 διάνοιαν
497 1262 731 1340 παρεκτρέψας
759 1259 826 1322 τῶν
853 1255 912 1342 τὴν
941 1258 1071 1325 σύνεσιν
1099 1263 1157 1324 τοῦ
1180 1263 1264 1327 θεοῦ

235 1358 442 1439 κεκτημένων
464 1356 517 1418 καλ
540 1353 599 1439 τὴν
629 1361 746 1420 πίστιν
769 1353 908 1436 ἐχόντων
935 1358 994 1441 τῆς
1015 1351 1185 1440 ἀληθείας.
1224 1353 1263 1423 οῦ

238 1451 303 1536 γάρ
327 1451 374 1528 εἰς
395 1444 526 1533 ἀγαθὸν
542 1451 720 1534 προκόψας
735 1446 893 1533 ἀνόμοιος
907 1458 1040 1536 γέγονας
1055 1448 1262 1536 ἀνθρώποις,

240 1544 311 1614 ἄλλ’
337 1547 371 1614 έκ
392 1550 451 1634 τῆς
473 1544 552 1613 ὁδοῦ
580 1552 639 1633 τῆς
667 1543 828 1635 άληθείας
857 1550 1073 1631 παρακλίνας
1107 1547 1287 1632 άνάμοιοςε

193 1645 353 1732 ’ὓέγένου
381 1648 448 1711 τῶν
477 1646 557 1710 υἱῶν
579 1650 637 1731 της
669 1650 729 1712 τοῦ
758 1650 841 1712 θεοῦ
871 1646 1055 1730 ἐκκλησίας,
1090 1647 1263 1735 πρόφασιν

239 1743 351 1828 λοβῶν
373 1743 430 1808 τὸν
453 1743 524 1808 υἱὸν
546 1746 605 1807 τοῦ
627 1747 711 1810 θεοῦ
740 1743 797 1807 τὸν
825 1744 908 1809 κατά
930 1745 987 1810 τὸν
1010 1739 1110 1810 αῦτοῦ
1133 1752 1263 1830 πατέρα

239 1840 331 1920 ὄντα,
355 1844 408 1906 καὶ
432 1835 590 1922 ἀνόμοιον
613 1845 714 1924 πατρί
740 1842 851 1925 λέγων,
875 1841 914 1907 σὺ
938 1837 1095 1924 άνόμοιος
1116 1849 1260 1928 γέγονας,

235 1939 426 2023 κληρωθελς
447 1941 545 2001 τοῦτο
567 1938 606 2002 τὸ
623 1936 736 2020 ὄνομα,
759 1945 874 2025 μηκέτι
890 1935 1006 2024 ὅμοιος
1022 1936 1176 2025 ὑπάρχων
1195 1945 1262 2008 τῶν

236 2035 274 2102 ἒν
296 2038 369 2120 θεῶ
394 2035 598 2117 σωζομένων.
1272 2059 1301 2107 1⁰

315 2129 384 2198 Ἵνα
407 2132 508 2216 δὲμὴ
533 2131 611 2214 περὶ
633 2133 693 2210 τὰς
724 2128 824 2198 αὐτοῦ
849 2133 996 2219 ζητήσεις
1024 2135 1262 2218 κατατριβόμε-

236 2254 295 2309 νος
318 2225 484 2296 άναλίσκω
505 2229 632 2313 χρόνον,
657 2225 714 2318 ἀφ’
739 2221 785 2296 ῶν
808 2233 925 2310 λέξεων
944 2226 1041 2307 αὐτὸς
1058 2227 1259 2318 ὑφηγήσατο,

238 2329 452 2407 διαλεκτικῶς
473 2328 610 2414 γράφων
625 2331 703 2406 τισί,
729 2333 808 2413 φέρε
830 2327 872 2393 τά
887 2323 954 2394 κατ’
975 2323 1075 2393 σάτον
1091 2331 1262 2414 διελέγξω-

235 2451 306 2512 μεν.
339 2427 431 2504 ἔδοξε
452 2426 513 2509 γάρ
537 2424 740 2511 διαλεκτικήν
764 2452 838 2491 τινα
860 2421 1060 2510 ὑποφαίνειν
1077 2426 1204 2511 πλάνην
1227 2427 1261 2493 ἒν

236 2519 329 2608 αῦτῶ
352 2526 398 2607 τῷ
422 2518 523 2587 αἰτοῦ
546 2521 758 2606 συντάγματι,
782 2525 829 2607 τῶ
853 2518 927 2587 οῦδ1
953 2523 1009 2589 ἕνα
1035 2522 1131 2607 λόγον
1154 2525 1261 2605 ἔχοντι
1272 2542 1300 2593 15

186 2627 387 2697 maiorem
421 2621 480 2706 τῆς
512 2618 738 2707 άφελεστάτης
766 2623 818 2685 καί
854 2616 1103 2706 άκεραιοτάτης,
1138 2622 1190 2686 καὶ
1227 2621 1260 2687 έν
1305 2624 1310 2635 ’

234 2719 403 2799 πνεύματι
431 2713 513 2803 άγίιμ
541 2722 595 2783 καί
625 2718 724 2804 πράῳ
751 2724 999 2803 κεκοσμημένης.
1044 2713 1122 2783 ὅλον
1152 2720 1187 2785 δὲ
1211 2713 1258 2784 δι’

234 2812 317 2882 ὅλου
341 2815 380 2879 τὸ
403 2816 520 2880 δοκοῦν
542 2812 643 2880 αὐτοῦ
667 2815 873 2900 πονημάτιον
901 2816 940 2880 τὸ
969 2816 1016 2893 εἰς
1043 2811 1130 2900 ἡμᾶς
1158 2815 1260 2882 έλθὸν

231 2914 269 2981 έν
293 2912 444 2997 πρώτοις
464 2913 634 2991 κατέταξα,
658 2913 713 2978 ἵνα
736 2908 793 2979 ἀπ’
812 2906 912 2977 αἰτοῦ
934 2912 1159 2998 ποιησώμεθα
1175 2912 1260 2998 πρὸς

225 3008 338 3079 αὐτὸν
360 3009 418 3097 τὴν
442 3009 562 3095 λοιπὴν
585 3005 775 3097 ἀνατροπὴν
796 3013 855 3096 τῆς
878 3012 1061 3089 διαλέξεως.
1268 3027 1300 3078 2⁰

255 3232 334 3307 Καὶ
362 3232 436 3304 ἔστι
465 3229 551 3303 τάδε
578 3230 619 3302 τὸ
648 3226 930 3328 συνταγμάτων
956 3229 1234 3323 τοῦῖένομοίου

538 3406 545 3435 ,
665 3343 818 3416 Ἀετίου.

324 3521 372 3580 10.
418 3508 549 3598 Ἐπειδὴ
587 3511 620 3577 ἒν
663 3514 767 3597 καιρῶ
806 3512 865 3575 τοῦ
906 3509 1141 3593 ἐπενεχθέντος
1181 3507 1259 3598 ἡμῖν

210 3606 434 3696 διωγμοῦ(
417 3610 485 3675 υπὸ
507 3614 574 3676 τῶν
604 3612 765 3691 χρονιτῶν
793 3609 885 3685 τινὲς
918 3612 984 3674 τῶν
1011 3615 1259 3695 προειρημένων

214 3708 516 3799 σφετερισάμενοι
543 3707 628 3790 μετὰ
656 3707 709 3770 καί
740 3702 849 3770 ἄλλων
882 3707 1017 3770 πολλῶν
1052 3706 1299 3791 πονηιιάτιονῖδ

212 3802 497 3876 οπουδασθέν“
480 3817 557 3892 ημῖν
582 3803 774 3884 ίδιαζόντως
800 3805 876 3886 περὶ
900 3797 1076 3888 άγεννήτου
1098 3806 1182 3868 θεοῦ
1205 3805 1258 3869 καὶ

206 3906 392 3989 γεννητοῦ
422 3902 650 3989 παρενθήκαις
681 3925 718 3966 τε
740 3925 792 3964 και
818 3894 1016 3984 άφαιρέοεσι
1038 3901 1260 4017 διαφθείραν-

205 4025 289 4082 τες
312 3998 539 4080 ἐξέδωκαν,
505 4026 564 4086 την
585 3994 773 4064 ἀκόλουθον
789 3991 1031 4080 άμείψαντες’
1013 4022 1150 4083 αγιυγην,
1173 3985 1260 4082 ἦλθε
1300 4044 1303 4055 .

206 4102 270 4168 (δὲ
294 4097 379 4182 μετὰ
401 4101 507 4164 ταῦτα
529 4093 610 4162 αυτδ
640 4090 732 4174 slg‘
714 4097 816 4182 ημᾶς,
853 4091 944 4171 τινάς
969 4096 1035 4158 τιῦν
1065 4094 1260 4159 σπουδαίων

214 4194 315 4317 ἡμῖν
350 4189 431 4260 αὐτὸ
460 4192 776 4278 προσκεκομικὸτος,
817 4186 1028 4311 ηναγκάσθην
1060 4185 1117 4255 σία
1150 4190 1299 4278 πατὴροο

216 4274 344 4372 σῦθις
371 4292 579 4376 διακαθάρας
610 4290 784 4374 ἐκπέμψαι
811 4285 888 4372 ῦμτν
922 4286 961 4353 τὸ
989 4287 1259 4374 σῦγγραμμα,ω
