2867 5084
286 935 304 977 x
713 932 885 983 ennelino.

289 1088 460 1161 eeplralaeosi
488 1087 613 1161 libroque
642 1087 675 1142 de
704 1088 839 1142 mensuris
869 1097 896 1143 et
925 1086 1100 1158 ponderibus.
1152 1087 1179 1141 ln
1211 1087 1310 1160 qnibns

289 1172 415 1229 omnibus
439 1173 550 1229 edendis
573 1173 623 1227 etsi
640 1172 776 1244 Oporinos
800 1171 891 1245 paullo
913 1173 1014 1227 iuniore
1033 1189 1098 1227 usus
1115 1180 1156 1227 est
1172 1172 1309 1244 diligentia

289 1275 369 1333 quam
392 1258 459 1313 alios
482 1257 582 1312 multos
610 1257 656 1328 qni
685 1257 729 1312 illa
754 1265 842 1312 aetate
871 1257 1018 1328 scriptores
1042 1256 1159 1313 Graecos
1190 1273 1204 1311 e
1233 1255 1310 1311 libris

289 1343 479 1415 manuscriptis
509 1342 625 1414 primum
655 1340 799 1405 ediderunt
826 1359 892 1396 usos
915 1358 976 1397 esse
999 1341 1134 1403 ridemus.
1169 1358 1219 1396 nec
1247 1358 1309 1396 raro

289 1427 388 1483 leviora
411 1427 511 1483 codicis
535 1426 604 1489 titia,
629 1427 788 1498 praesertim
811 1426 965 1498 degenere
988 1425 1210 1498 orthographico,
1234 1435 1309 1481 recte

289 1513 421 1576 correxit,
459 1521 550 1567 tamen
572 1511 638 1566 locis
661 1527 716 1567 non
740 1511 832 1584 paneis
855 1511 950 1566 vitiose
972 1511 1072 1583 scripta
1096 1510 1216 1566 exhibuit
1240 1527 1310 1582 quae

289 1606 364 1652 reete
387 1596 487 1669 scripta
509 1596 639 1668 leguntur
660 1596 686 1650 in
710 1595 819 1650 codiee:
849 1595 882 1650 de
905 1612 959 1668 quo
982 1612 1065 1669 quum
1097 1597 1122 1649 in
1147 1596 1236 1667 priore
1259 1612 1311 1651 co-

289 1682 355 1738 dicis
377 1682 521 1743 volumine,
545 1697 601 1754 quo
623 1696 696 1735 nunc
718 1697 850 1744 caremus,
886 1697 918 1735 ex
941 1680 1061 1736 Cornarii
1084 1680 1309 1752 interpretatione

289 1766 380 1821 Latina
397 1766 428 1820 ad
445 1765 565 1821 collirem
580 1765 668 1837 ipsum
686 1766 763 1827 lacto.
788 1774 932 1837 antequam
948 1765 1083 1838 Oporinos
1105 1774 1206 1820 tentum
1224 1765 1311 1820 Grae-

289 1867 350 1906 cum
374 1850 511 1910 edidisset.
535 1850 648 1921 aliisque
670 1849 775 1905 indiciis
791 1850 973 1906 coniecturam
998 1859 1101 1905 tantum
1117 1850 1204 1905 lacere
1220 1849 1309 1911 liceat.

290 1945 362 1991 certa
386 1935 419 1989 de
442 1935 525 1990 altera
549 1944 624 2006 parte
647 1952 716 2008 quae
738 1935 771 1989 ad
794 1943 887 1990 nostra
906 1944 1028 2007 tempora
1044 1935 1167 2007 pervenit
1189 1951 1232 1989 res
1256 1943 1308 1998 est,

288 2020 315 2075 in
339 2036 392 2093 qua
415 2019 550 2092 Oporinus
580 2020 677 2091 passim
702 2019 807 2092 singula
835 2020 925 2075 omisit
952 2019 1095 2082 vocabula,
1134 2036 1217 2075 unnnr
1241 2019 1310 2074 adeo

289 2121 397 2158 versum
425 2105 561 2176 integrum
591 2104 701 2172 (1013.
731 2123 758 2177 p.
776 2108 847 2168 400,
866 2106 905 2160 25
935 2098 982 2159 διὸ
1014 2097 1143 2160 11111ταῦ
1166 2093 1232 2170 ἑνὸς
1254 2105 1311 2159 τοῦ

290 2179 359 2245 οὔτε
382 2182 461 2244 κατὰ
479 2181 573 2263 χάριν
594 2180 685 2261 οὔτε),
710 2206 760 2245 nee
783 2206 844 2244 mro
861 2191 958 2244 erravit
979 2206 1032 2244 non
1055 2188 1191 2244 intellecta
1207 2188 1309 2244 codicis

289 2273 439 2345 scriptura,
473 2274 633 2346 praesertim
661 2273 707 2328 ubi
735 2272 861 2328 librarius
892 2273 1007 2346 syllabas
1041 2274 1147 2329 usitatis
1177 2274 1312 2346 expressit

289 2358 455 2430 compendiis
479 2356 624 2413 scribendi.
668 2358 721 2421 Sic.
746 2367 775 2413 nt
798 2358 925 2430 exemplis
949 2358 1085 2414 nonnullis
1108 2367 1177 2421 utar,
1202 2359 1227 2412 in
1250 2358 1310 2429 ipsa

289 2444 374 2515 prima
397 2443 493 2515 pagina
516 2443 627 2511 11113.
649 2461 676 2516 p.
691 2447 718 2504 4,
736 2444 773 2499 24
799 2443 840 2497 cd.
857 2447 979 2513 nostrae)
1001 2460 1086 2516 quum
1104 2437 1310 2514 ἐπισεσειυμί-

289 2545 343 2599 νης
364 2536 438 2582 reete
461 2527 592 2599 seriptum
615 2527 651 2582 sit
673 2528 698 2581 in
716 2529 818 2591 codice,
842 2527 933 2583 literas
949 2544 982 2582 σε
1005 2544 1060 2583 uno
1084 2536 1113 2582 nt
1136 2528 1166 2583 lit
1188 2528 1214 2582 in
1233 2528 1312 2583 coili-

289 2610 367 2666 cibus
390 2610 473 2666 ductu
497 2627 637 2683 expressas
659 2629 709 2684 pro
733 2629 784 2680 σπ,
817 2629 886 2685 quac
909 2613 983 2684 ipsae
1012 2629 1122 2684 quoque
1145 2612 1311 2668 coniunctim

290 2695 373 2751 scribi
395 2695 492 2758 solent,
517 2697 621 2768 acecpit
643 2705 671 2751 et
692 2691 923 2770 ἐπισπεισμένης
944 2696 1036 2752 edidit.
1114 2698 1142 2759 9,
1162 2701 1176 2752 7
1202 2687 1312 2771 ἀγγέλ-

291 2778 352 2835 λων
373 2780 400 2834 in
423 2771 544 2852 ἀνίμων
565 2781 695 2853 corrupit.
790 2784 903 2846 18,14.
925 2774 1060 2856 ὑψηλὴν,
1084 2798 1168 2855 quum
1190 2781 1269 2837 litera
1292 2800 1313 2854 η

290 2882 351 2920 cum
374 2876 402 2937 ψ
425 2882 479 2920 uno
502 2865 586 2921 ductu
609 2882 736 2937 expressa
760 2866 804 2929 sit,
829 2884 878 2939 pro
901 2858 1017 2939 ὑψιλὴν
1038 2867 1151 2938 accepit,
1175 2883 1226 2921 nee
1246 2865 1312 2921 vidit

290 2967 378 3005 veram
402 2950 518 3006 nominis
541 2950 702 3023 scripturam
712 2941 850 3023 Ὓψηλιν
865 2968 935 3014 esse,
959 2967 1039 3023 quam
1055 2968 1106 3023 ego
1123 2967 1155 3006 ex
1170 2950 1312 3024 Stephano

290 3034 417 3107 Byzantio
441 3035 557 3090 restitui.
597 3035 697 3091 Eodem
721 3052 815 3091 errore
838 3053 865 3109 p.
883 3040 932 3100 44,
955 3038 1000 3092 15.
1024 3029 1237 3109 πολεμήσασαι
1261 3053 1312 3108 pro

289 3114 492 3192 πολεμίσασαι
522 3120 640 3193 aceepit,
675 3128 702 3175 et
730 3138 755 3192 p.
779 3122 913 3184 138,17.
937 3113 1238 3196 συκοφαντησάντων
1261 3137 1311 3193 pro

290 3194 590 3279 συκοφαντισάντιυν.
685 3208 802 3269 47,14.
828 3199 996 3276 ἐπιθυμίαν
1023 3205 1114 3261 intulit
1142 3222 1191 3278 pro
1215 3199 1314 3261 ἐπιτι-

289 3284 364 3360 μίαν
386 3298 413 3344 et
437 3293 485 3352 49,
505 3292 532 3344 7.
555 3281 638 3368 πόνῳ
666 3307 716 3362 pro
745 3283 833 3368 τόνῳ.
944 3291 992 3353 59,
1011 3292 1039 3347 9.
1063 3284 1237 3362 συνηλίσθη
1260 3307 1312 3363 pro

290 3368 483 3446 nvnnnle'ndn
506 3374 607 3446 posuit,
636 3383 667 3429 ut
689 3374 855 3448 Epiphanius
884 3375 910 3429 in
934 3373 1022 3430 verbis
1044 3374 1132 3430 Lucae
1155 3376 1213 3429 det.
1241 3377 1312 3438 1,4.

290 3448 523 3529 συναλιζόμενος
544 3459 571 3513 in
593 3458 662 3514 libro
686 3476 737 3515 suo
760 3460 895 3532 reperisse
916 3459 1046 3522 videatur,
1070 3467 1100 3513 ut
1121 3458 1149 3513 in
1172 3457 1314 3515 codicibus

290 3540 427 3613 plerisque
450 3542 580 3615 seriptum
604 3552 654 3607 est,
689 3560 773 3615 quum
802 3561 894 3600 revera
924 3537 1176 3616 συναυλιζόμενος
1202 3542 1312 3616 legerit,

291 3641 360 3696 quae
383 3635 456 3682 recta
478 3636 521 3682 est
542 3628 690 3700 scriptura,
726 3646 779 3702 qna
808 3629 894 3685 utitur
923 3629 1003 3684 eliam
1032 3628 1059 3682 in
1081 3627 1316 3701 Anaeephelaeosi

290 3709 342 3764 vol.
356 3712 380 3765 l.
404 3712 510 3784 peto,
526 3713 553 3768 8.
584 3713 716 3767 intactum
740 3731 803 3780 uero
827 3713 962 3786 Oporinos
985 3712 1096 3785 reliquit
1117 3706 1314 3786 συνηυλίσθη

290 3794 358 3850 inira
381 3812 409 3867 p.
427 3797 496 3859 578,
516 3799 542 3852 7.
567 3797 621 3852 sive
644 3797 671 3851 in
695 3798 833 3871 Anacepb.
856 3797 909 3853 vol.
931 3800 955 3854 1.
980 3815 1006 3870 p.
1025 3798 1095 3861 261,
1114 3800 1141 3853 5.
1191 3798 1315 3870 Apparet

290 3896 322 3934 ex
345 3878 387 3934 liis
402 3874 601 3948 συναλίζεται,
625 3881 698 3954 quod
713 3881 814 3955 legitur
836 3882 888 3937 vol.
907 3885 931 3938 l.
955 3900 982 3954 p.
997 3884 1068 3945 336,
1090 3884 1134 3938 15.
1152 3881 1197 3937 ubi
1214 3882 1314 3938 eodem

290 3962 377 4019 Lucae
399 3964 460 4019 loco
489 3966 575 4020 utitur
597 3966 772 4039 Epiphanius,
802 3961 1012 4034 συναυλΐζεται
1041 3983 1103 4022 esse
1126 3965 1314 4023 scribendum.

376 4050 424 4112 63,
445 4049 494 4107 23.
517 4050 628 4121 legitur
650 4050 676 4106 in
699 4052 793 4108 codice
812 4047 865 4107 ‘lvo
885 4045 928 4125 μὴ
952 4045 1049 4107 πολὺν
1070 4041 1209 4123 κάματον
1222 4047 1315 4126 ποιή-

290 4147 391 4203 σιυμαι
415 4126 614 4208 ἀναγνώσεως
635 4136 699 4200 τοῖς
721 4130 901 4209 δυναμένοις
934 4131 983 4191 καὶ
1013 4126 1074 4191 ἀπὸ
1095 4136 1170 4206 μιᾶς
1190 4153 1316 4211 μαρτυ-

291 4209 359 4289 ρίας
380 4211 408 4278 ἔ,
429 4211 576 4293 ἐξελέγξαι
599 4212 653 4274 τὸν
673 4210 778 4294 γόητα.
808 4221 854 4277 ubi
877 4222 1012 4293 llporinns
1043 4221 1070 4275 in
1098 4220 1175 4276 litera
1198 4215 1229 4289 ἒ,
1259 4237 1317 4294 qua
