2867 5084
238 948 300 1010 230
464 962 669 1011 εσισκιιιοτ
686 961 781 1010 xm
800 961 987 1010 Αινιιειτιισ
1004 962 1035 1010 ιι.

237 1112 278 1178 τὸ
301 1107 473 1198 ἀόριστον,
504 1114 581 1195 περί
604 1113 640 1177 δὲ
661 1114 720 1177 τοῦ
744 1109 959 1196 προσφάτου,
983 1109 1040 1177 διὰ
1060 1109 1120 1196 τήν
1143 1111 1261 1196 ἔνσαρ-

238 1235 296 1278 κον
318 1216 515 1294 παρουσίαν,
540 1205 593 1275 ότι
614 1210 667 1275 καὶ
689 1207 792 1274 πάλιν
816 1207 957 1287 δοξάσω,

325 1313 402 1386 (75.)
433 1308 487 1373 ἵνα
503 1311 558 1372 καὶ
580 1305 728 1372 ἐνταῦθα
750 1305 788 1371 τό
812 1307 917 1391 σαφὲς
939 1299 1159 1391 ἀποδειχθείη
1183 1309 1261 1390 περὶ

239 1393 285 1470 τόν
308 1407 363 1470 καὶ
378 1400 396 1471 ό
412 1399 601 1483 ἀπόστολος
617 1406 733 1490 εἴρηκε,
757 1406 834 1486 περὶ
851 1398 951 1468 αὐτοῦ
969 1404 1089 1481 διττῶς
1103 1402 1163 1489 τήν
1180 1399 1260 1489 ἀλή·

214 1508 337 1568 ὅθειαν
366 1498 618 1586 ὑποτιθέμενος.
664 1505 717 1567 καί
741 1499 779 1566 τὸ
804 1498 917 1584 “ἀχρις
939 1489 978 1564 σύ
1000 1501 1181 1586 παραδιδῷ
1203 1500 1260 1588 τήν

237 1602 410 1685 βασιλείαν
432 1604 478 1686 τῷ
502 1603 572 1684 θεῷ
596 1601 649 1665 καὶ
673 1601 804 1682 πατρί,”
829 1594 885 1663 διά
906 1596 965 1681 τήν
981 1593 1050 1662 ἀπὸ
1064 1596 1187 1681 χρόνου
1203 1591 1260 1683 ἀρ-

235 1697 294 1782 χήν
317 1704 491 1795 γενομένην
513 1695 670 1779 ε’νσάρκου
693 1702 890 1778 παρουσίας.
928 1690 946 1780 ἡ
969 1694 1031 1778 γάρ
1053 1694 1178 1781 θεότης
1200 1699 1259 1761 τοῦ

237 1798 433 1878 μονογενοῦς
455 1797 494 1879 ἦν
517 1789 566 1859 ἀεὶ
587 1794 646 1859 σίν
661 1796 774 1877 πατρὶ,
799 1788 881 1875 ὅπερ
899 1792 968 1858 ἐστὶ
983 1791 1162 1879 μονογενής
1178 1792 1281 1871 θεὸςῠ

240 1890 335 1969 λόγος
358 1891 390 1956 ἐκ
413 1890 541 1972 πατρὸς
563 1888 743 1973 προελθών
762 1885 911 1972 ἀνάρχως
925 1888 981 1954 καὶ
996 1883 1153 1971 ἀχρόνους.
1186 1889 1259 1957 ἐπεὶ

202 1990 313 2065 tomas
346 1987 606 2073 πληρωθήσεται
639 1986 677 2052 τὸ
711 1989 815 2073 ῥηθὲν
854 1983 920 2052 ἀπὸ
953 1989 1011 2052 τοῦ
1049 1982 1189 2071 ἀγγέλου
1222 1987 1259 2053 τό

240 2087 390 2166 ’πνεῦμα
412 2091 524 2166 κυρίου
547 2085 761 2152 ἐπελεύσεται
783 2085 838 2151 ἐπὶ
863 2085 916 2162 σὲ,
940 2085 993 2149 καὶ
1018 2082 1157 2167 δύναμις
1179 2079 1261 2162 ύψί-

237 2204 318 2247 στου
352 2181 541 2249 ἐπισκιάσει
574 2185 664 2262 σοι,·”
693 2182 875 2268 ἐπειδήπερ
911 2181 1017 2265 ἔλεγεν
1051 2174 1134 2268 αὐτῇ
1164 2185 1258 2269 *τέξῃ

237 2278 325 2357 υἱόν,
354 2283 407 2344 καί
430 2281 579 2358 καλέσεις
600 2279 638 2345 τό
662 2276 766 2361 ὄνομα
790 2274 891 2344 αύτοῦ
911 2275 1068 2362 Ἰησοῦν,”
1089 2279 1147 2345 ἵνα
1170 2280 1258 2367 δείξη

238 2373 370 2444 ἀνωθεν
398 2377 456 2443 τὸν
486 2377 567 2445 θεὸν
598 2378 693 2462 λόγον
722 2375 987 2461 κατεληλυθότα,
1017 2378 1071 2443 καὶ
1095 2376 1129 2442 ἐν
1152 2378 1260 2465 μήτρᾳ

200 2477 295 2560 ίδτῆς
318 2469 417 2561 αύτής
432 2483 605 2560 παρθένου
631 2479 848 2558 σαρκωθέντα
870 2477 923 2539 καί
940 2477 1073 2552 τελείως
1088 2473 1261 2560 ἒνανθρω-

237 2571 405 2655 πήσαντα,
436 2573 556 2656 ἵναμή
581 2575 710 2658 διορίση
734 2571 792 2657 τήν
816 2571 971 2653 ἕνσαρκον
994 2573 1165 2637 τελείωσιν
1190 2568 1260 2638 άπὸ

236 2671 294 2751 τῆς
317 2667 435 2733 ἐνθέου
458 2670 668 2747 τελειώσεως,
692 2668 775 2752 μετὰ
795 2668 991 2754 προσθήκης
1005 2671 1064 2733 τοῦ
1081 2672 1173 2734 “καί’
1190 2669 1260 2737 ἕλε-

236 2789 290 2848 γεν
313 2760 395 2850 αὐτῇ
419 2765 493 2830 “διὸ
516 2769 568 2832 καί
584 2767 623 2830 τό
639 2766 840 2852 γεννώμενον
856 2762 950 2849 άγιον
966 2765 1170 2852 κληθήσεται
1189 2766 1300 2846 υἱόςῦίί

238 2863 347 2926 θεού”.
394 2857 464 2928 εἶτα
488 2862 610 2930 ’έδώσει
637 2860 727 2948 αύτῷ
760 2857 777 2927 ό
810 2862 890 2940 θεὸς
919 2862 976 2927 τόν
1000 2861 1124 2947 θρόνον
1146 2864 1259 2949 Λαβὶδ

198 2959 295 3022 ἳθτοῦ
319 2957 445 3042 πατρός
468 2955 578 3039 αὐτοῦ,
602 2965 654 3027 καὶ
677 2960 868 3045 βασιλεύσει
891 2959 946 3025 ἐπὶ
971 2958 1027 3025 τόν
1044 2954 1260 3046 ολκονΊακὼβ

238 3054 285 3133 είς
313 3054 389 3135 τοὺς
418 3057 556 3137 αἰῶνας,
586 3059 641 3124 καὶ
670 3062 728 3141 τῆς
756 3060 929 3143 βασιλείας
958 3051 1058 3122 αύτοῦ
1083 3052 1142 3123 ούκ
1164 3057 1259 3125 ἔσται

236 3154 361 3232 τέλος”.
408 3150 766 3238 άντιδιαστελλομένιον
802 3161 912 3220 τοίνυν
949 3153 1075 3219 τούτων
1109 3161 1258 3241 θατέρου

237 3250 323 3335 πρός
351 3252 511 3336 θάτερον,
548 3254 586 3319 τὸ
621 3254 698 3320 ’(δεῖ
727 3247 826 3318 αάτὸν
854 3251 1041 3336 βασιλεύειν
1071 3249 1166 3334 ἀχρις
1195 3241 1258 3319 ού”

237 3353 292 3413 καὶ
315 3351 524 3432 *βασιλεύσει
547 3351 602 3417 ἐπὶ
626 3350 683 3417 τὸν
707 3345 797 3416 οἷκον
817 3345 929 3434 Ἰακιίιβ
952 3349 998 3427 εἷς
1012 3348 1090 3427 τοός
1106 3349 1259 3430 αἰῶνας,”

197 3448 302 3522 κυρταὶ
327 3442 384 3511 οὐκ
407 3442 499 3514 εἶπεν
522 3449 568 3526 είς
590 3448 647 3514 τόν
670 3448 776 3513 αιίόνα
797 3447 908 3529 μόνον,
933 3439 1000 3512 ἀλλ’
1015 3446 1063 3525 εἷς
1084 3446 1163 3526 τοὺς
1179 3447 1260 3515 αἰῶ-

237 3550 318 3621 νας),
349 3549 401 3610 καί
426 3545 527 3611 πάλιν
550 3544 588 3610 τὸ
613 3542 713 3610 “όταν
736 3547 913 3629 παραδιδῷ
935 3543 993 3629 τήν
1014 3545 1190 3628 βασιλείαν
1213 3549 1260 3633 τῷ

237 3641 309 3725 θεῷ
332 3643 385 3706 καὶ
409 3646 541 3725 πατρί,”
564 3637 909 3727 ἀντιπαρατιθέμενον
932 3644 978 3726 τῷ
997 3643 1069 3708 “nai
1088 3644 1148 3725 τῆς
1162 3650 1262 3728 βασι-

238 3739 329 3816 λείας
357 3735 457 3804 αύτοῦ
486 3734 544 3805 οὐκ
571 3740 665 3806 ἔσται
686 3741 814 3818 τέλος,”
846 3735 1043 3826 ἀμφοτέρων
1066 3739 1101 3804 δὲ
1123 3738 1168 3807 τὰ
1189 3758 1287 3808 τοι-Β

237 3840 321 3902 αὔτα
344 3839 420 3920 περὶ
443 3844 556 3921 κυρίου
578 3839 632 3902 καί
654 3841 804 3920 Χριστοῦ
827 3837 1022 3923 φησάντων,
1053 3831 1263 3914 ἀξιοπίστων

200 3931 396 4001 ὃθάπάντων
419 3932 532 4014 όντων,
555 3938 614 4000 τοῦ
636 3936 696 4019 μὲν
720 3924 855 4020 ἀγγέλου
881 3933 1026 4020 Γαβριὴλ
1041 3929 1136 4019 άγίου
1154 3932 1264 4017 ὄντος,

237 4036 296 4098 τοῦ
327 4034 362 4099 δὲ
388 4028 482 4118 άγίσυ
505 4028 697 4099 ἀποστόλου
721 4030 999 4117 πνευματοφύρου
1023 4028 1134 4111 όντος,
1165 4040 1201 4100 τί
1223 4029 1266 4102 ἂν

238 4136 385 4216 φαίησαν
408 4131 440 4196 οἱ
462 4133 520 4217 τῆς
536 4131 672 4217 ζωτικῆς
686 4134 913 4214 πραγματείας
929 4126 1093 4213 ἄγνωστοι
1100 4158 1112 4211 ,·
1133 4127 1181 4218 μὴ
1198 4130 1269 4218 ἀρα

238 4219 414 4307 ἀντίθετυς
436 4229 486 4314 εἴη
510 4224 528 4315 ἦ
550 4225 661 4315 γραφή
684 4225 771 4310 πρὸς
793 4224 909 4313 ἑαυτήν
927 4224 970 4293 τὰ
983 4225 1096 4294 πάντα
1111 4221 1167 4294 ἀεὶ
1183 4222 1270 4319 ἀλη-
