2867 5084
183 935 226 999 34
410 952 613 1003 ιιιιιοιιιιοιι
628 951 725 1005 xm
743 951 928 1005 ωπεεακ
945 953 975 1000 ιι.

180 1103 415 1191 κλησιαστικής
427 1104 644 1183 διδασκαλίας
653 1098 830 1186 ἀλλότριον.
838 1100 1036 1171 παντάπασι
1051 1102 1203 1171 τὸθιίον

180 1203 235 1266 καὶ
251 1195 366 1286 άμιγὲς
377 1209 491 1281 κακίας
501 1197 669 1287 άπάρχειν.
700 1200 782 1280 θεὸς
793 1201 855 1286 γάρ
867 1195 1072 1267 οόδδνκακδν
1083 1200 1204 1288 ἐποίη-

182 1321 249 1373 σιν,
273 1293 358 1366 άλλά
375 1299 485 1367 πάντα
499 1299 583 1368 καλὰ
597 1302 682 1379 λίαν,
705 1295 835 1384 ἀγαθὸς
850 1293 896 1366 ών
910 1297 970 1384 τήν
985 1297 1096 1385 φάσιν,
1121 1293 1203 1365 άκα·

179 1396 350 1480 τάληπτος
375 1397 434 1485 τήν
462 1392 594 1478 οόσίαν,
622 1398 735 1464 πάντα
756 1402 933 1482 περιέχων,
963 1391 1063 1475 αότός
1084 1396 1121 1462 δὲ
1143 1390 1200 1462 ὑπ’

158 1487 317 1574 ιοῦδενδς
338 1496 578 1581 περιεχόμενος.
619 1493 695 1562 οότε
709 1502 820 1562 τοίνυν
833 1495 873 1560 τὸ
888 1493 988 1561 κακόν
1001 1483 1041 1580 ήν
1056 1488 1108 1561 άελ
1124 1491 1202 1561 οὕτε

182 1589 216 1657 έκ
238 1596 321 1659 θεοῦ
342 1593 381 1659 τὸ
404 1592 502 1661 κακὸν
523 1598 699 1680 γεγένηται.
730 1593 812 1680 μήτε
834 1583 891 1659 οὖν
913 1589 1009 1669 ὄντος
1026 1593 1085 1656 τοῦ
1100 1595 1201 1658 κακοῦ

180 1689 261 1776 μήτε
284 1687 379 1770 ὄντος
400 1687 463 1770 άεὶ,
485 1690 567 1776 μήτε
588 1690 623 1757 ἐκ
644 1693 729 1757 θεοῦ
750 1695 977 1776 γεγενημένου,
1001 1686 1124 1755 λοιπὸν
1147 1689 1252 1773 ζη-αιῖ

179 1799 249 1854 τεῒν
272 1788 343 1856 έστι
363 1800 466 1856 ποῖον
486 1788 612 1873 τρόπον
638 1787 678 1853 τὸ
699 1787 745 1876 μή
768 1783 806 1855 ὂν
828 1785 895 1867 aaz,
912 1782 1024 1873 άρχήν
1048 1786 1084 1852 δὲ
1107 1786 1202 1872 ἐσχη-

180 1885 238 1963 κός
258 1888 318 1970 τοῦ
340 1881 435 1965 εἶναι,
458 1887 556 1972 λήγον
578 1885 689 1952 δὲκαὶ
714 1881 952 1969 ἀπολλύμενον,
976 1886 1031 1951 καὶ
1046 1883 1093 1965 είς
1107 1886 1202 1962 τέλος

142 1981 225 2069 λομή
247 1989 449 2068 παραμένον,
472 1980 584 2051 πόθεν
607 1983 680 2066 ἔσχε
701 1982 760 2070 τήν
783 1977 891 2069 άρχήν.
922 1984 975 2049 καί
999 1977 1079 2049 ὅταν
1100 1984 1200 2048 τοῦτο

180 2079 384 2168 ζητήσωμεν,
414 2084 548 2166 πρώτον
577 2081 768 2168 διανοητέον
795 2080 885 2148 ἐστὶν
915 2075 1034 2146 ὁποῖόν
1064 2078 1137 2147 ἐστι
1161 2078 1202 2145 τὸ

179 2178 279 2246 κακόν
305 2181 361 2247 καὶ
383 2178 417 2247 έν
439 2185 529 2266 ποίην
550 2184 674 2264 γίνεται
697 2176 736 2245 τὸ
759 2177 873 2258 κακὸν,
902 2180 957 2244 καί
979 2176 1009 2244 εἰ
1032 2177 1122 2244 ἔστιν
1145 2175 1203 2259 ἒμ-

178 2276 388 2365 περίγραφόν
409 2302 458 2357 τι,
481 2270 504 2363 ή
525 2279 638 2360 σῶμα,
663 2272 708 2356 ώς
730 2276 839 2345 εἰπεῖν
846 2326 855 2355 ,
878 2269 900 2363 ἢ
922 2271 1109 2341 ὑπόστασιν
1125 2275 1201 2356 ἔχει,

178 2367 200 2460 ἢ
221 2379 274 2443 καὶ
298 2377 393 2459 ῥίζαν
413 2375 552 2442 δύναται
569 2378 760 2462 κεκτῆσθαι.
790 2377 844 2441 καί
861 2369 941 2440 όταν
956 2375 1061 2439 ταῦτα
1076 2372 1110 2438 έν
1126 2371 1198 2439 ἑαυ-

143 2484 252 2551 1ετοῖς
274 2472 566 2559 διασκοπήσωμεν,
590 2467 820 2539 ἀνυπόστατον
843 2468 1061 2558 εὑρεθήσεται
1082 2467 1121 2536 τὸ
1143 2495 1203 2536 κα-

179 2568 236 2637 κὸν
263 2573 317 2637 καί
346 2572 509 2654 μηδεμίαν
534 2570 627 2653 ῥίζαν
659 2570 748 2652 ἔχον,
778 2564 864 2636 ἀλλὰ
890 2570 953 2647 ἕως
975 2568 1077 2652 ἔργων
1098 2565 1201 2650 μόνον

179 2664 250 2733 ἐστὶ
278 2671 458 2753 πρακτικῆς
484 2661 702 2752 ἀνθρωπίνης
735 2665 897 2751 ἐνεργείας
930 2660 1226 2735 άποτελεστικόν.Β

179 2761 213 2828 έν
241 2767 288 2849 τῷ
316 2765 377 2849 γὰρ
406 2774 518 2830 ποιεῖν
546 2758 632 2849 ἡμᾶς
653 2762 693 2828 τὸ
714 2764 812 2830 κακόν
835 2764 940 2843 ἐστιν,
970 2763 1004 2831 έν
1027 2764 1064 2831 δὲ
1085 2766 1133 2849 τῷ
1154 2762 1198 2849 μή

179 2871 293 2927 ποιεῖν
320 2856 378 2943 οάχ
405 2856 561 2945 ὑπάρχει,
590 2863 649 2946 τῆς
671 2860 800 2940 ἑννοίας
821 2859 1079 2950 ἐφευρισκοόσης
1105 2858 1201 2927 τὸτί

140 2965 263 3025 ιοποτέ
291 2958 363 3025 ἐστι
389 2957 429 3024 τὸ
455 2956 601 3045 πονηρὸν
632 2957 841 3042 ἐργάσασθαι
869 2953 927 3025 οὐκ
956 2954 1094 3043 ἀρέσκον
1116 2960 1198 3044 θεῷ,

178 3058 232 3122 καὶ
256 3053 331 3124 οὕτε
354 3055 532 3139 δυνάμενον
554 3049 733 3141 ἀντιλέγειν
762 3062 834 3143 θεῷ
857 3055 934 3124 τότε
956 3051 1202 3140 άντιμάχεσθαι

177 3154 265 3238 πρὸς
285 3154 325 3220 τὸ
346 3160 453 3222 θεῖον.
483 3156 552 3220 πᾶν
573 3151 635 3238 γὰρ
657 3154 696 3220 τὸ
717 3151 786 3222 ὕπὸ
808 3151 1001 3239 ἀνθρώπιον
1020 3155 1200 3237 δυνάμενον

179 3248 403 3319 δκκόπτεσθοι
425 3254 479 3318 καὶ
502 3246 718 3334 ἀναιρεῖσθαι
740 3254 855 3336 πολλῷ
872 3250 1101 3336 μάλλονπρὸς
1114 3248 1198 3319 θεὸν

177 3342 323 3432 ἀντέχειν
344 3344 516 3417 άδόνατον.

141 3470 172 3523 25
267 3454 314 3513 16.
337 3443 430 3531 “Apa
452 3447 488 3513 δέ
509 3449 564 3513 καὶ
586 3451 664 3532 περὶ
686 3446 844 3531 διαβόλου
867 3443 972 3525 οὕτως
987 3447 1197 3532 διαληπτέον,

178 3536 237 3610 οὐκ
269 3539 338 3611 άπὸ
372 3552 508 3623 κτίσεως
541 3550 691 3630 φυσικῶς
723 3547 822 3611 κακοῦ
855 3551 1079 3628 κεκτισμένου,
1114 3539 1225 3612 άλλὰΰ

176 3640 286 3728 έαατῷ
313 3641 398 3725 μετὰ
430 3642 547 3728 χρόνον
582 3654 695 3710 ποιεῖν
733 3639 832 3709 κακόν
865 3641 1103 3729 έφευραμένσυ,
1140 3638 1197 3709 οὐκ

177 3733 398 3824 ἀγνοουμένου
432 3741 470 3807 δέ
504 3734 626 3818 ὁποῖος
658 3741 807 3824 ἔμελλεν,
824 3740 965 3810 ἔσεσθαι
972 3790 981 3819 ,
1014 3735 1098 3807 άλλὰ
1129 3767 1198 3807 κτι-

174 3843 320 3916 σθένεος
347 3839 408 3922 μέν
437 3834 507 3920 άμα
534 3839 622 3903 πᾶσι
644 3840 752 3916 καλῶς
773 3837 831 3905 διὰ
850 3838 910 3926 τήν
931 3834 1118 3923 ὑπερβολήν
1139 3842 1199 3925 τῆς

135 3933 389 4023 ωδικαιοσύνης
414 3935 662 4021 χρησιμώτατα,
692 3938 739 4020 τῷ
761 3934 819 4002 τόν
841 3934 924 4003 θεὸν
946 3931 987 4002 δι’
1013 3932 1197 4022 ὑπερβολήν

179 4023 388 4118 άγαθότητος
407 4033 540 4109 πάντας
557 4033 613 4099 καὶ
636 4030 748 4098 πάντα
769 4033 959 4118 θελήσαντα
980 4028 1065 4100 εἶναι
1087 4033 1199 4100 καὶτὰ

176 4120 279 4192 αὐτοῦ
308 4126 424 4215 άγαθὰ
450 4132 538 4196 πᾶσι
565 4135 792 4214 προθέμενον,
822 4129 905 4197 κατὰ
933 4131 1136 4217 συγχώρησιν
1160 4133 1197 4198 δὲ

173 4214 469 4316 οὗτεξουσιότητος
495 4237 673 4313 συγχωρεῖν
699 4236 773 4305 τοῖς
794 4222 925 4295 άπασιν
948 4229 1019 4316 ι’δίᾳ
1039 4229 1197 4316 βουλήσει
