2867 5084
588 968 707 1041 *ινοιντ
724 991 907 1042 mmor.
1203 981 1267 1047 357

236 1140 280 1206 τὸ
292 1140 416 1222 Πάσχα
438 1139 612 1208 ἐπιτελεῖν.
652 1142 711 1207 “τὸ
733 1143 794 1228 γὰρ
806 1142 928 1226 Πάσχα
948 1140 1042 1232 ἡμῶν
1065 1142 1266 1232 8113quth-

238 1237 349 1316 στός.”
383 1232 454 1304 ελτα
468 1244 657 1323 μετέπειτα,
681 1247 748 1306 τίνι
761 1244 808 1326 τῷ
825 1241 912 1327 λόγῳ
926 1239 1010 1324 μετὰ
1024 1242 1175 1309 θάνατον
1191 1237 1267 1309 δνο-

236 1336 367 1419 μάζετε,
393 1344 504 1421 φησὶν,
536 1331 683 1419 ὀνόματα
705 1337 918 1420 τεθνεώτιονς
955 1337 1083 1420 εάχεται
1104 1338 1176 1425 γάρ,
1200 1364 1266 1427 φη·

239 1436 305 1511 σίν,
331 1428 444 1512 ά,ζῶν,
474 1428 496 1519 ἢ
518 1434 708 1517 οἰκονομίαν
732 1435 878 1522 ἐποίησε,
909 1442 944 1502 τί
965 1431 1224 1522 ὠφεληθήσεται
1246 1432 1265 1503 δ

237 1529 406 1611 nemag,-
444 1531 473 1596 εί
503 1533 537 1597 δὲ
567 1528 653 1610 ὅλως
681 1529 753 1618 είχη
784 1537 851 1598 τῶν
880 1532 1029 1599 ἐνταῦθα
1055 1533 1133 1612 τοὺς
1160 1535 1291 1604 έκεῖσεο

239 1626 376 1713 ὤνησεν,
392 1624 457 1712 άρα
472 1632 549 1712 γοῦν
564 1631 679 1714 μηδείς
694 1625 879 1712 εὐσεβείτιο,
901 1631 984 1717 μηδὲ
1001 1625 1265 1714 άγαθοποιείτω,

239 1720 327 1792 ἀλλὰ
348 1726 530 1808 κτησάσθιο
554 1730 672 1812 φίλους
693 1726 795 1805 τινὰς,
820 1723 861 1793 δι’
887 1718 926 1794 οὗ
947 1727 1103 1813 βούλεται
1124 1729 1265 1812 τρόπου,

239 1823 317 1910 ἤτοι
337 1821 481 1906 χρήμασι
504 1832 633 1902 πείσας,
666 1823 742 1910 ἤτοι
771 1826 891 1911 φίλους
919 1820 1066 1905 άξιιδσας
1093 1825 1127 1892 έν
1149 1828 1190 1911 τῇ
1211 1851 1266 1892 τε·

239 1922 355 2006 λευτῇ,
388 1923 442 1985 καί
473 1918 685 2002 εὐχέσθωσαν
714 1924 793 2003 περὶ
821 1917 929 1987 αὐτῶν
937 1974 945 2002 ,
981 1924 1037 1989 ἵνα
1064 1923 1107 2008 μη
1135 1948 1170 1989 τι
1199 1922 1267 1990 ἐκεῖ

238 2017 357 2103 πάθη,
391 2019 474 2103 μηδέ
502 2017 544 2084 τά
572 2013 633 2084 ὑπ’
666 2015 766 2086 αὐτοῦ
796 2020 954 2103 γενόμενα
982 2024 1049 2086 τῶν
1078 2015 1264 2103 άνηκέστιον
1277 2037 1306 2089 10

238 2110 483 2199 ἁμαρτημάτων
500 2116 670 2203 ἐκζητηθῇ.
700 2112 769 2183 ἀλλ’
788 2112 865 2183 οίδὲ
881 2124 1024 2204 νηστεία,
1041 2117 1152 2202 φησὶν,
1171 2118 1265 2184 ἔσται

236 2217 427 2298 τεταγμένη.
478 2218 582 2279 ταῦτα
611 2216 673 2298 γάρ
698 2209 860 2280 Ἰουδαϊκά
888 2214 959 2281 έστι
987 2216 1040 2279 καί
1071 2210 1139 2279 ὑπὸ
1168 2213 1265 2300 ζυγὸν

237 2310 401 2387 δουλείας.
442 2311 580 2396 ’δικαίην
602 2311 663 2394 γὰρ
686 2311 788 2395 νόμος
816 2309 854 2377 οὗ
876 2322 992 2390 κεῖται,
1027 2305 1111 2376 ἀλλὰ
1133 2336 1265 2396 πατρα-

237 2409 349 2485 λοίαις
369 2409 422 2473 καὶ
446 2409 663 2493 μητραλοίαις
684 2409 741 2474 καὶ
763 2411 929 2486 λοιποῖς.”
963 2409 992 2475 εί
1007 2408 1068 2493 γάρ
1085 2404 1170 2486 ὅλως
1183 2407 1263 2493 βοά-

237 2506 341 2588 λομαι
375 2505 556 2590 νηστεύειν,
595 2506 670 2571 οίαν
699 2500 731 2570 δ’
763 2500 804 2572 ἂν
833 2504 1014 2591 αἱρήσομαι
1046 2501 1169 2590 ἡμέραν
1202 2501 1260 2572 ἀπ’
1273 2525 1303 2576 1⁶

237 2603 382 2686 ἐμαυτοῦ
405 2603 550 2687 νηστεάιο
573 2603 629 2669 διὰ
644 2602 702 2688 τὴν
719 2603 921 2687 ἐλευθερίαν.
954 2599 1036 2669 ὅθεν
1051 2598 1129 2687 παρ’
1148 2598 1263 2682 αὐτοῖς

237 2702 501 2787 πεφιλοτίμηται
523 2704 648 2782 μᾶλλον
677 2701 711 2767 έν
739 2704 875 2787 κυριακῇ
904 2701 1087 2785 νηστεύειν,
1120 2699 1263 2784 τετράδα

208 2799 277 2870 coz
297 2796 353 2862 καί
375 2795 612 2881 προσάββατον
636 2798 776 2865 ἐσθίειν.
809 2798 972 2876 πολλάκις
994 2798 1030 2864 δέ
1052 2799 1106 2863 καί
1129 2796 1188 2884 τὴν
1209 2823 1259 2864 τε·

235 2894 345 2978 τράδα
366 2895 587 2980 νηστεύουσιν,
613 2889 682 2977 οίχί
706 2899 835 2981 θεσμῷ,
867 2890 935 2962 ἀλλ’
962 2895 1032 2981 ίδίᾳ
1054 2901 1260 2981 προαιρέσει,

235 2997 350 3080 φησίν.
392 2991 425 3057 έν
447 3017 483 3057 τε
505 3003 579 3070 ταῖς
601 2989 739 3079 ἡμέραις
760 2995 818 3058 τοῦ
841 2994 971 3076 Πάσχα,
997 2988 1052 3058 ὅτε
1074 2987 1158 3076 παρ’
1182 2988 1304 3079 ἡμῖντί)

233 3095 419 3183 χαμευνίαι,
431 3083 813 3172 άγνείαιμακοπάθειαι,
827 3093 1036 3176 ξηροφαγίαν,
1049 3084 1151 3171 εὐχαὶ,
1164 3084 1264 3173 άγρο-

234 3193 336 3252 πνίαι
356 3210 393 3251 τε
414 3189 466 3251 καί
491 3198 649 3272 νηστεῖαι,
678 3191 731 3253 καὶ
762 3191 871 3252 πᾶσαν
899 3190 965 3251 τῶν
993 3189 1110 3269 ψυχῶν
1139 3185 1173 3251 αἱ
1197 3208 1264 3250 οω-

232 3290 349 3370 τηρίαι
370 3286 437 3347 τῶν
460 3279 562 3369 ἁγίων
585 3288 721 3364 παθῶν,
757 3280 852 3349 αὐτοὶ
876 3278 932 3368 ἀφ’
958 3283 1065 3349 ἕωθεν
1089 3276 1264 3366 ὀψωνοῦσι
1299 3328 1306 3335 -

234 3387 317 3464 κρέα
336 3380 449 3446 τεκαὶ
473 3375 573 3460 οἶνον,
598 3382 724 3448 ἑαυτῶν
746 3380 806 3458 τὰς
822 3381 948 3467 φλέβας
961 3379 1157 3465 γεμίζοντες,
1182 3373 1263 3445 άνα-

233 3477 443 3563 καγχάζουσι,
466 3479 633 3562 γελῶντες,
655 3477 866 3561 χλευάζοντες
891 3476 968 3555 τοὺς
992 3477 1051 3563 τὴν
1072 3472 1168 3562 άγίαν
1183 3475 1303 3543 ταύῶ

232 3601 296 3660 την
319 3576 473 3658 λατρείαν
495 3579 553 3662 τῆς
576 3576 760 3661 ἑβδομάδος
787 3578 846 3641 τοῦ
869 3572 990 3656 Πάσχα
1016 3574 1260 3651 ἐπιτελοῦντας.

233 3671 295 3741 καὶ
321 3678 384 3758 γὰρ
412 3672 443 3739 εί
469 3675 522 3739 καί
547 3668 769 3740 άποτακτικὸν
799 3672 971 3759 έσχηκασιν
1001 3660 1094 3739 οὗτοι
1123 3670 1260 3754 τρόπον,

233 3764 297 3839 οὖν
318 3767 458 3856 ἤσκηται
479 3764 557 3853 παρ’
583 3767 707 3850 αὐτοῖς,
739 3771 827 3836 πολὺ
858 3772 893 3837 δέ
914 3797 948 3837 τι
969 3771 1184 3856 κρεοφαγιῶν
1206 3767 1261 3832 καὶ

201 3867 454 3946 ουλνοποσιιῦν,
477 3859 547 3933 ἀλλ’
562 3868 592 3934 εί
604 3866 669 3953 ἄρα
681 3871 768 3946 τινὲς
781 3868 921 3934 σπάνιοι
934 3867 967 3933 έν
979 3873 1070 3952 μέσῳ
1082 3862 1189 3930 αὐτῶν
1201 3856 1260 3929 ἀπ’

233 3966 328 4042 λδίας
347 3969 576 4049 προαιρέσεως
597 3965 772 4051 βούλοιντο
793 3968 901 4030 τοῦτο.
935 3964 1061 4045 μᾶλλον
1077 3962 1114 4028 δέ
1129 3960 1213 4027 εἰσιν
1228 3956 1305 4025 οἷον

230 4063 376 4139 πλείους
398 4055 509 4128 αὐτῶν
529 4069 718 4147 κεχρημένοι
735 4062 913 4145 δαψιλέσιν
936 4060 1069 4125 έδωδῶν
1091 4080 1263 4144 οαρκοφα·

229 4167 327 4250 γίαις
347 4159 402 4224 καί
425 4157 648 4239 οἷνοποσίαις,
677 4156 723 4238 ῶς
744 4158 906 4236 πολλάκις
928 4156 1020 4243 έφην.
1063 4154 1169 4222 ταῦτά
1190 4154 1263 4223 έστι

228 4257 281 4327 τά
301 4253 396 4340 παρὰ
414 4247 546 4342 Ἀερίου
568 4260 616 4342 τῷ
638 4265 702 4345 βίῳ
725 4256 933 4341 έξεμεθέντα.
