2867 5084
229 931 290 991 144
456 940 654 988 ιιοιυιυισν
671 939 766 988 xm
784 938 971 988 mmm
987 940 1018 987 υ.

229 1095 398 1177 λουμένης.
429 1086 507 1156 όσαι
530 1089 590 1175 γὰρ
615 1090 779 1176 ἐκκλησίαι
802 1092 860 1173 τῆς
881 1088 1063 1174 καδολικῆς
1080 1087 1252 1173 ἐκκλησίας

230 1191 263 1256 ἐν
284 1187 514 1274 Ἀλεξανδρείᾳ
537 1183 603 1252 ὑπὸ
628 1187 683 1253 ἵνα
700 1183 962 1269 όρχιεπίσκσπον
979 1174 1085 1262 οόσαι,
1110 1188 1165 1250 καί
1182 1177 1249 1250 κατ’

229 1290 318 1353 ἰδίαν
341 1283 475 1362 ταόταις
498 1284 748 1368 ἐπιτεταγμένοι
772 1284 834 1350 εἰσὶ
859 1283 1087 1366 πρεσβύτεροι,
1111 1281 1170 1347 διὰ
1194 1281 1253 1359 τὰς

231 1382 497 1470 ἐκκλησιαστικὰς
519 1388 628 1467 χρείας
650 1385 716 1447 τῶν
732 1381 920 1467 οἰκητόριον,
944 1381 1095 1464 πλησίων
1113 1378 1279 1463 έκασεηςυ

202 1481 399 1566 δέκκλησίας
422 1474 540 1557 αέτιόν,
563 1482 616 1543 καί
634 1474 805 1561 ἆμιγόδων,
829 1475 904 1562 ἤτοι
919 1479 1048 1560 λαυριῖιν
1063 1475 1254 1557 ἐπιχωρίως

229 1581 452 1660 καλουμένων,
483 1572 550 1641 ὑπὸ
572 1579 637 1640 τῶν
659 1574 716 1659 τῆν
742 1568 983 1656 Ἀλεξανδρέων
1011 1572 1253 1638 κατοικούντων

230 1677 339 1742 πόλιν.
371 1674 495 1757 ἐγένετο
519 1674 554 1738 δὲ
577 1661 673 1749 οὗτος
695 1666 863 1753 δ”Λρεισς
879 1673 912 1737 ἐν
925 1671 1057 1754 χρόνοις
1074 1676 1254 1736 Κωνσταν·

230 1780 321 1837 τίνου
344 1774 401 1836 τοῦ
423 1769 565 1854 μεγάλου
588 1771 640 1835 καί
663 1775 846 1852 μακαρίτου
867 1771 1040 1851 βασιλέως,
1065 1768 1139 1833 υἱοῦ
1156 1773 1254 1833 Ιίων·

232 1875 386 1934 σταντίου
408 1872 575 1951 γέροντος,
605 1872 780 1950 γενομένου
808 1866 879 1931 υίοῦ
906 1860 1130 1946 Οὐαλεριανσῦ
1153 1873 1255 1947 βασι-

193 1968 329 2044 ιθλέως,
359 1967 411 2029 καί
436 1959 543 2029 αι’·τιῦν
567 1962 899 2049 συμβασιλευσόντων
922 1965 1167 2048 Διοκλητιανηλ,
1199 1963 1254 2026 καί

232 2063 437 2147 Μαξιμιανηῦ
459 2063 511 2127 καί
536 2071 607 2138 τοῖς
630 2058 752 2138 ἄλλοις.
790 2059 913 2137 πάντες
935 2060 971 2124 δὲ
992 2059 1050 2125 τὸν
1073 2065 1254 2124 Κωνσταν-

231 2172 322 2229 ,τῖνσν
352 2157 408 2224 τὸν
436 2164 564 2240 πατέρα
598 2161 663 2223 τιῖν
696 2157 775 2241 περὶ
803 2155 1035 2222 Κωνστάντιον
1072 2158 1125 2221 καὶ
1157 2155 1254 2221 Κιόν-

137 2306 146 2321 .
231 2282 312 2323 σταν
335 2257 388 2321 καὶ
413 2261 565 2338 Κρίσπον
588 2255 700 2320 ίσασιν
724 2253 975 2337 ἰκθειαζόμενον
998 2254 1032 2320 ἐν
1054 2259 1254 2334 Χριστιανι-

232 2357 321 2440 σμηῖ,
350 2353 403 2417 καὶ
427 2359 539 2420 πίστει
561 2355 600 2439 τῇ
623 2356 688 2418 τῶν
712 2358 880 2435 πατέριον,
911 2347 1116 2435 ἀποστολικῇ
1139 2374 1174 2416 τε
1197 2346 1299 2420 naim

194 2468 223 2517 15
232 2452 421 2537 προφητικῆ
449 2449 482 2517 ἐν
505 2460 579 2528 ταῖς
601 2450 801 2530 ἐκκλησίαις,
832 2449 894 2526 ἕως
917 2445 1017 2513 αὐτοῦ
1041 2450 1098 2513 τοῦ
1118 2441 1253 2529 Ἀρείσυ

231 2547 274 2634 μῆ
292 2552 504 2631 νοθευθείση.
536 2552 717 2632 συμβέβηκε
729 2546 764 2611 δὲ
776 2549 893 2610 τοῦτον
906 2544 1089 2627 ἁποσχίσαι
1104 2545 1253 2631 πλῆθος.

318 2649 347 2709 2.
381 2641 446 2706 Τὸν
470 2644 505 2707 δὲ
523 2640 656 2725 Ἄρειον
678 2646 795 2708 τοῦτον
819 2643 1041 2727 πρεσβύτερον
1064 2640 1144 2706 όντα
1157 2639 1254 2710 Ἀλε-

232 2740 372 2821 ξάνδρου
405 2741 462 2802 τοῦ
497 2746 736 2825 προειρημένου
771 2736 955 2827 όπεισῆλίίε
987 2744 1117 2822 πνεῦμα
1147 2743 1253 2806 σατῖιν

232 2841 284 2900 καί
315 2835 484 2901 ἐπέσεισεν
514 2832 628 2913 αὐτὸν,
658 2835 800 2901 κατὰτὸ
822 2843 1058 2920 γεγραμμένον,
1088 2836 1171 2901 κατὰ
1195 2841 1253 2921 τῆς

188 2933 402 3019 λθέκκλησίας
430 2932 598 3015 κονιορτόν
628 2933 766 3017 ἐγείραι,
798 2942 850 2999 καί
880 2935 1069 3021 ἐξαφέίῆναι
1092 2933 1127 3012 ἐξ
1149 2928 1253 2999 αότσῦ

233 3032 299 3114 πῦρ
328 3023 366 3093 οό
396 3027 434 3093 τὸ
461 3029 571 3111 τυχὸν,
603 3027 621 3092 ὃ
650 3032 825 3117 κατείληφε
854 3036 966 3096 πᾶσαν
993 3035 1051 3116 τῆν
1071 3026 1253 3111 Ῥωμανίαν

232 3125 361 3208 σχεδὸν,
391 3125 536 3209 μάλιστα
566 3129 623 3212 τῆς
651 3121 812 3212 ἀνατολῆς
840 3127 881 3192 τὰ
909 3134 1006 3213 μέρη,
1042 3123 1086 3204 ιός
1116 3128 1167 3194 ἐτι
1197 3131 1253 3195 καλ

232 3227 327 3306 δεῦρο
350 3224 542 3307 πολεμοῦσα
567 3222 583 3310 ῆ
608 3218 708 3290 αὐτοῦ
731 3225 857 3306 αἵρεσις
872 3224 930 3310 τῆν
945 3221 1107 3311 όιληδινῆν
1123 3232 1252 3304 πίστιν,

230 3324 283 3387 καί
307 3319 364 3406 τῆν
387 3321 557 3407 ἐκκλησίαν
580 3315 618 3386 σό
639 3323 779 3388 διέλιπε.
810 3321 893 3386 κατὰ
912 3324 947 3387 δὲ
963 3322 1019 3387 τὸν
1035 3323 1150 3406 καιρὸν
1166 3323 1279 3390 ἐκεί-Β

188 3437 287 3486 κενόν
318 3417 423 3484 ἐδόκει
451 3416 673 3502 πρεσβύτερος
702 3412 786 3485 εἰναι
809 3413 991 3500 δ’Ἁρειος,
1022 3422 1073 3486 καί
1097 3420 1256 3504 γεγόνασι

231 3513 353 3580 πολλοὶ
376 3508 476 3579 αότοό
500 3515 785 3599 συμπρεσβότεροι
807 3510 882 3581 καθ’
908 3516 1044 3602 ἑκάστην
1068 3517 1253 3598 ἐκκλησίαν.

232 3613 295 3679 εἰσί
325 3616 435 3676 τοίνυν
465 3613 601 3690 πλείους
628 3612 685 3677 τὸν
717 3609 864 3697 ἀριθμὸν
894 3613 927 3679 ἐν
949 3618 987 3699 τῆ
1007 3610 1253 3702 Ἀλεξανδρείᾳ,

232 3707 290 3775 σόν
314 3711 352 3794 τῇ
376 3711 431 3773 νῦν
454 3715 627 3795 κτισθείσῃ
652 3713 690 3796 τῆ
708 3716 893 3798 Καισαρείᾳ
915 3713 1106 3798 καλουμένη,
1131 3709 1255 3797 ὃπρό-

230 3831 325 3889 τερον
345 3801 518 3889 Ἁδριανόν
547 3804 732 3889 ἐτύγχανεν,
763 3805 898 3892 ὕστερον
920 3809 1118 3876 Λικινιανὸν
1139 3814 1257 3894 γέγονε

190 3905 419 3989 θογυμνόοιον,
444 3897 501 3969 εἰτ’
520 3893 576 3968 οὖν
598 3905 778 3986 βασίλειον.
808 3911 987 3984 μετέπειτα
1010 3907 1046 3972 δὲ
1069 3906 1102 3974 ἰν
1120 3906 1258 3989 χρόνοις

233 4007 464 4067 Κωνσταντίου
502 4000 611 4079 ἔδοξεν
645 3995 744 4084 αότῆν
782 4000 1043 4087 οἰκοδομηθῆναι
1080 4002 1257 4090 ἐκκλησίαν

234 4103 412 4182 Γρηγορίου
440 4101 499 4164 τοῦ
523 4098 748 4174 Μελετιανοῦ,
777 4100 830 4161 καὶ
854 4092 1026 4180 Ἀρειανοῦ
1055 4095 1256 4184 ἀρξαμένου,

231 4192 466 4274 τελειώσαντος
488 4196 524 4262 δὲ
543 4190 751 4260 Ἀθανασίσυ
774 4194 832 4254 τοῦ
853 4202 1016 4279 μακαρίου
1039 4207 1091 4265 καί
1123 4198 1258 4283 πατρὸς
