2867 5084
252 255 306 311 101
480 266 680 313 ι-ιιιοιωου
701 267 792 314 λκιο
812 268 993 313 Λινιεὲιωτ
1015 272 1041 313 υ.

247 413 353 497 οὕτως
376 417 406 485 εί
427 418 483 483 καὶ
506 417 564 483 δόο
581 417 645 484 εἰσί
662 417 834 505 διαθῆκαι,
858 412 942 485 ἀλλά
958 413 1005 497 εἷς
1021 413 1039 481 ὁ
1055 418 1146 497 θεὸς,
1170 415 1266 497 ότάς

246 513 306 581 δόο
333 521 485 599 θέμενος.
529 517 583 582 καὶ
612 514 670 581 διὰ
696 518 796 581 τοῦτο
825 508 863 580 οό
893 516 951 581 δάο
980 517 1111 601 κέκληκε
1138 514 1264 594 καινάς,

245 605 323 679 οάδὲ
351 611 410 679 δόο
437 610 601 693 παλαιάς,
630 606 716 681 ἀλλά
741 620 823 697 μίαν
844 610 993 679 παλαιὰν
1015 615 1070 679 καὶ
1089 621 1171 697 μίαν
1191 638 1265 679 κατ-

245 708 312 797 νῆν.
357 716 413 778 καί
442 733 526 799 φησι
555 708 720 796 ’διαθήκη
748 710 785 777 δὲ
813 708 870 777 λπί
893 719 1020 795 νεκροίς
1040 716 1161 795 βεβαία
1182 708 1264 789 έστί,

222 804 300 875 οδιό
321 810 376 875 καί
397 803 417 895 ἡ
440 807 554 895 πρώτη
578 804 654 875 ἀνευ
677 806 818 890 αἵματος
840 802 898 875 οὐκ
919 806 1055 892 ἐγένετο.
1086 808 1185 893 ἔλαβε
1201 806 1267 893 γάρ

244 908 396 992 Μωυσῆς
416 904 457 973 τὸ
476 900 560 989 αἷμα
580 907 646 971 τῶν
668 904 813 990 τράγων,
836 908 890 971 καί
913 903 1102 990 ἐρράπισεν
1123 900 1207 973 αάτὸ
1223 904 1266 971 τό

243 1004 374 1087 βιβλίον
396 1006 450 1069 καί
472 1002 529 1070 τὸν
551 1001 641 1068 λαόν.
672 1001 730 1069 διὰ
750 1004 849 1067 τοῦτο
870 1005 925 1069 καί
947 999 967 1087 ἡ
991 1004 1127 1087 δευτέρα
1143 1002 1202 1070 ίπί
1215 1004 1266 1089 τῷ

242 1099 382 1186 θανάτῳ
403 1102 462 1164 τοῦ
485 1103 633 1185 σωτῆρος
655 1098 760 1185 ἐδόθη
783 1100 962 1187 διαθῆκη”·
993 1096 1096 1167 ὁπότε
1117 1100 1267 1184 μάλιστα

243 1196 280 1263 αί
303 1190 490 1283 ἀμφότεραι
513 1192 670 1283 ἀλλήλαις
684 1195 892 1285 συνᾴδουσιν,
917 1194 935 1284 ἡ
951 1200 1011 1281 μὲν
1027 1199 1169 1283 λέγουσα
1184 1193 1264 1265 “oi-x

206 1306 237 1357 10
245 1292 391 1379 ἐκλείψει
413 1291 520 1379 ἀρχιυν
544 1294 579 1373 ἕξ
596 1288 708 1374 Ίοόδα,
733 1288 809 1360 στ’-δὲ
826 1290 1005 1381 ἡγούμενος
1019 1296 1054 1363 έκ
1068 1298 1134 1362 τῶν
1150 1299 1293 1383 μηρῶνιῖ

244 1386 362 1471 αὐτοῦ,
392 1392 454 1470 έως
480 1386 520 1459 ἀν
547 1393 630 1478 έλθη
660 1380 688 1477 ᾦ
710 1385 919 1471 ἀπόκειται,”
948 1390 968 1479 ἡ
992 1395 1028 1460 δέ
1051 1394 1188 1477 δευτέρα
1210 1391 1264 1461 ὅτι

244 1488 348 1568 “θεός
369 1480 407 1575 ῆν
430 1489 464 1557 έν
486 1492 642 1575 Χριστῷ,
665 1489 789 1573 κόσμον
811 1490 1048 1557 καταλλάσσων
1070 1491 1193 1577 ἑαυτῷ,
1217 1492 1263 1579 μῆ

244 1587 454 1674 λογιζόμενος
475 1582 590 1667 αάτοῒς
614 1587 655 1655 τά
677 1587 965 1673 παραπτιόματα”.
995 1592 1049 1655 καί
1064 1589 1177 1655 πολλὰ
1191 1589 1265 1657 ἔστι

244 1689 322 1772 περί
344 1686 461 1753 τούτου·
485 1688 599 1772 λέγειν,
623 1686 680 1752 διά
702 1688 738 1752 δέ·
753 1686 811 1773 τῆν
826 1694 1004 1771 συντομίαν
1020 1684 1263 1772 έπερβηοομαι.

206 1796 236 1849 15
341 1790 390 1851 75.
434 1786 596 1868 Δένδρεσι
633 1784 668 1849 δὲ
698 1783 933 1870 έξηραμμένοις
963 1786 1016 1849 καί
1050 1784 1266 1871 γεγηρακόσιν

244 1876 416 1961 ἀπεικάζει
437 1880 540 1947 πάλιν
562 1879 662 1961 νόμον
684 1884 738 1946 καί
761 1880 954 1967 προφήτας,
984 1882 1088 1968 δῆθεν
1110 1877 1180 1948 ἀπὸ
1202 1886 1263 1949 τοῦ

243 1978 343 2064 ῥητοῦ
367 1967 406 2041 οὗ
428 1978 553 2062 εἴρηκεν
577 1972 615 2041 “ό
638 1976 740 2060 νόμος
761 1980 815 2042 καί
837 1978 870 2043 οἱ
891 1980 1065 2065 προφῆται
1081 1975 1265 2058 έωςλωάν-

242 2077 326 2141 νου”.
364 2075 417 2139 καί
441 2068 535 2140 οὐδὲν
557 2072 675 2139 τούτου
697 2068 928 2159 ἠλιθιώτεροι.
968 2082 1036 2142 τίνι
1055 2078 1116 2162 γάρ
1139 2070 1177 2141 οά
1200 2101 1264 2144 σα-

163 2252 165 2257 ,
243 2172 305 2259 φὲς
327 2166 466 2254 ἀπάρχει
489 2166 541 2237 ότι
563 2172 802 2257 πληρωθέντος
822 2175 882 2238 τοῦ
903 2170 972 2240 ἀπό
993 2177 1060 2239 τῶν
1077 2179 1262 2261 προφητῶν

204 2270 540 2355 τοκοταγγελλομένου
564 2267 786 2355 ἔτελέσθησαν
810 2269 843 2336 ολ
864 2274 1056 2357 προφῆταε,·
1079 2270 1109 2338 εί
1127 2272 1189 2356 γάρ
1211 2274 1291 2340 fun

241 2370 416 2455 προφῆται
450 2364 585 2453 ἤρχοντο
612 2367 883 2451 καταγγέλλοντες
910 2370 1059 2453 Χριστὸν
1088 2368 1263 2454 ἐρχόμενον

242 2459 312 2533 ἀπὸ
341 2470 495 2550 Μαρίας,
524 2461 620 2530 οόπω
648 2463 797 2551 Χριστός
824 2465 1039 2552 ίπεδηῗμησεν.
1084 2466 1171 2533 έοικε
1197 2468 1262 2552 γάρ

242 2558 261 2649 ἡ
285 2559 453 2642 ἀπόθεσις
475 2558 555 2648 αὕτη
577 2560 718 2647 τοτοότιμ
739 2565 804 2629 τινί
828 2562 1017 2647 πράγματι·
1039 2558 1084 2641 ιάς
1104 2564 1261 2648 βασιλεὺς

241 2660 371 2745 μέλλων
400 2655 586 2748 ἀποδημεῖν
615 2659 662 2738 είς
683 2659 792 2743 χώραν
814 2666 1012 2744 προπέμπει
1034 2660 1178 2727 ἐντόπιον
1199 2658 1261 2729 αά-

204 2760 302 2823 5τοῦ
326 2756 499 2843 λφίππους
520 2756 803 2841 προετοιμαστάς,
832 2760 1174 2843 προκατογγέλτορας,
1203 2762 1259 2826 καί

243 2850 324 2921 όσον
347 2850 364 2941 ῆ
389 2860 558 2938 παρουσία
580 2854 706 2941 φθάνει
728 2858 787 2920 τοῦ
804 2856 978 2939 βασιλέως,
1001 2856 1149 2943 τοσούτῳ
1163 2860 1263 2925 πλεί-

243 2974 301 3031 ους
323 2952 355 3018 ολ
377 2954 435 3037 τῆς
457 2957 643 3037 παρουσίας
664 2948 798 3038 κη’ρικες
819 2952 1110 3039 προλαμβάνοντες
1136 2954 1194 3020 καὶ
1224 2954 1260 3023 έν

241 3060 317 3129 ταῖς
338 3047 458 3117 πόλεσι
480 3047 523 3116 τὰ
542 3052 601 3135 τῆς
622 3055 809 3134 παρουσίας
831 3052 1084 3137 διαγγέλλοντες.
1115 3050 1200 3119 ἐπάν
1223 3052 1262 3121 δέ

242 3146 362 3235 φθάσῃ
394 3142 412 3213 ό
441 3144 597 3233 βασιλεὺς
626 3147 793 3215 εἰσελθεῖν
822 3148 869 3227 είς
894 3148 953 3235 τῆν
980 3149 1097 3229 πόλιν,
1130 3156 1182 3228 τίς
1209 3150 1260 3217 ίτι

201 3252 333 3331 ωχρεία
359 3244 524 3333 κηρόκιυν;
551 3250 604 3323 τίς
631 3245 681 3312 έτι
700 3250 794 3330 χρεία
815 3243 991 3331 ἐφίππων,
1020 3239 1042 3332 ἢ
1062 3249 1128 3312 τῶν
1150 3244 1306 3315 ἀλλωνοοί

239 3346 306 3408 τῶν
334 3340 684 3429 προκαταγγελλόντων
712 3342 772 3428 τὴν
793 3345 853 3408 τοῦ
874 3344 1038 3427 βασιλέως
1059 3350 1258 3426 παρουσίαν.

241 3434 345 3507 ὁπότε
372 3436 471 3521 αάτδς
501 3434 518 3506 ὃ
545 3440 701 3524 βασιλείς
734 3438 827 3506 ένδον
860 3436 1018 3525 ὑπάρχεις
1046 3437 1134 3507 οὕτω
1162 3442 1261 3509 καὶὸ

240 3534 341 3619 νόμος
362 3538 417 3605 καί
438 3539 472 3607 ολ
494 3539 667 3625 προφῆται
684 3529 947 3621 ἀχριςῚωάννου.
980 3532 1128 3605 Ἰωάννου
1150 3539 1187 3605 δὲ
1201 3565 1260 3628 κη-
