2867 5084
238 933 300 993 352
462 942 669 993 ονννινιον
685 944 780 992 νυνι
799 944 987 993 ιινοειιιεν
1003 945 1032 992 ν.

234 1094 391 1177 κέκλημαι
413 1087 564 1168 αῦτοός,”
599 1095 651 1157 καί
680 1093 721 1158 τὰ
750 1094 831 1178 ἑξῆς.
881 1090 957 1160 όόὲ
981 1088 1172 1170 ἀπόστολος
1196 1115 1256 1157 σα·

235 1195 309 1276 φώς
339 1192 413 1269 περὶ
445 1184 552 1254 αῦτιῦν
588 1191 672 1271 λίγει
706 1187 753 1255 “ό
782 1192 818 1255 δὲ
847 1190 957 1273 κόριός
985 1190 1057 1256 ε’·στι
1088 1190 1127 1254 τό
1157 1193 1256 1255 πνεῦ-

234 1313 297 1370 μα,
330 1277 368 1350 οῦ.
402 1289 435 1350 δὲ
469 1286 507 1350 τό
539 1291 668 1369 πνεῦμα
691 1294 818 1370 κυρίου,
860 1288 925 1352 ε’κεῖ
948 1288 1152 1370 ίλευθερία.”
1204 1290 1255 1352 καὶ

238 1380 352 1465 “όμεῖς
374 1383 450 1460 ναός
474 1390 555 1448 θεοῦ
580 1384 661 1460 ἕστε,
690 1387 741 1447 καὶ
766 1383 804 1447 τό
828 1388 957 1465 πνεῦμα
980 1392 1092 1466 κυρίου
1117 1385 1202 1450 οίκεῖ
1224 1384 1255 1449 ἐν

207 1477 343 1563 ῥῦμῖν.”
388 1479 415 1546 εί
443 1487 553 1545 τοίνυν
587 1481 665 1556 ναός
697 1484 780 1545 θεοῦ
813 1481 1005 1562 καλούμεθα
1039 1481 1095 1546 διὰ
1129 1483 1256 1567 οίκήσιν

237 1574 331 1663 ἀγίου
364 1577 565 1658 πνεύματος,
604 1585 654 1653 τίς
692 1578 867 1662 τολμήσειε
906 1578 1187 1663 παραιτήσασθαι
1219 1576 1255 1642 τό

236 1680 366 1756 πνεῦμα
388 1679 441 1739 καί
465 1670 739 1756 ἀπαλλοτριῶσαι
766 1679 824 1759 τής
847 1679 904 1739 τοῦ
928 1679 1010 1741 θεοῦ
1034 1672 1165 1753 οὐσίας,
1198 1698 1256 1740 σα·

235 1777 309 1856 φώς
331 1775 388 1836 τοῦ
405 1768 596 1836 ἀποστόλου
613 1774 763 1855 λέγοντος
779 1768 863 1856 ήμάς
879 1774 976 1849 ναοῦς
991 1776 1074 1838 θεοῦ
1090 1779 1253 1856 γίνεσθαι,

237 1868 353 1934 διὰτὸ
377 1868 522 1933 ἐνοικοῦν
546 1872 675 1950 πνεῦμα
705 1866 798 1952 ἅγιον
822 1869 854 1934 ίν
877 1881 948 1946 τοῖς
971 1865 1094 1948 ἀξίοιςς
1125 1873 1200 1946 πώς
1222 1869 1296 1933 (λίνα

201 1961 412 2046 ῖοάλλότριον
441 1968 524 2031 θεοῦ
554 1966 647 2030 1ε’σται
676 1965 713 2029 τὸ
737 1969 867 2048 πνεῦμα
897 1965 937 2030 τό
964 1966 1056 2051 βάθή
1084 1970 1143 2031 τοῦ
1175 1969 1254 2033 θεοῦ

239 2063 394 2147 ἐρευνῶν;
423 2062 542 2146 καὶμὴ
568 2064 638 2144 λε’γε
660 2086 727 2142 μοι,
752 2062 875 2149 ἐρευνᾷ,
900 2066 951 2128 καὶ
976 2061 1071 2128 οόπιυ
1094 2064 1253 2146 γινώσκει,

238 2155 283 2237 τός
305 2161 391 2236 τινὲς
413 2161 561 2241 τολμιῦσι
583 2162 792 2242 βλασφημεῖν
825 2166 877 2224 καὶ
902 2159 1038 2236 ἑαυτοὺς
1067 2156 1253 2239 ἀπολλύειν,

238 2257 312 2323 ἐπεὶ
336 2251 374 2322 ἀν
397 2259 449 2321 καὶ
474 2252 554 2321 αι’·τό
578 2259 695 2334 λίξιυσι
712 2257 863 2336 περὶτοῦ
880 2257 1015 2339 πατρὸς,
1040 2253 1091 2322 ὅτι
1111 2260 1255 2341 καὶπερὶ

239 2351 339 2420 αὐτοῦ
369 2361 550 2438 γέγραπται
585 2350 637 2419 ότι
666 2353 779 2439 ἐρευνᾷ
816 2366 932 2436 ταμεῖα
965 2356 1101 2432 κοιλίας.
1147 2359 1201 2420 καί
1231 2354 1256 2420 ελ

200 2449 367 2536 ῖαάσεβιῦς
391 2453 527 2537 νοήσεις,
563 2450 619 2515 διὰ
641 2450 679 2514 τό
702 2450 745 2536 μή
771 2452 965 2516 ἐπικεῖσθαι
989 2455 1034 2535 τῷ
1066 2451 1200 2535 ε’ρευνᾶν
1222 2458 1257 2516 τό

238 2549 408 2632 γινώσκειν
431 2551 487 2613 ἐπὶ
510 2552 568 2612 τοῦ
594 2546 789 2626 πνείματος,
824 2544 1003 2632 ἀσεμήσαις
1033 2544 1072 2614 ἀν
1101 2552 1157 2614 καὶ
1184 2552 1258 2633 περὶ

238 2651 296 2711 τοῦ
319 2645 446 2727 πατρὸς
469 2643 526 2728 τήν
549 2640 648 2728 αῦτήν
665 2640 923 2728 ἀναγκαζόμενος
938 2652 1159 2729 νταρεκιγίρειν
1176 2642 1260 2713 ῦπό-

239 2767 340 2808 νοιαν.
381 2741 455 2805 οίὲνε
484 2742 544 2824 γὰρ
574 2742 628 2806 ἐπὶ
659 2741 786 2822 πατρὸς
817 2743 1011 2825 ε’ρευνιῦντος
1040 2754 1162 2822 ταμεῖα
1192 2768 1260 2809 κοι-

240 2841 313 2914 λίας
342 2838 536 2920 πρόσκειται
572 2836 610 2901 τό
639 2838 809 2921 γινιόσκειν
844 2838 917 2905 οότε
949 2846 1041 2922 χρεία
1072 2830 1109 2924 ήν
1140 2841 1285 2918 elusim

197 2939 357 3020 matptbg
381 2937 577 3019 δήλουμένής
601 2939 657 3018 τῆς
680 2939 738 2999 τοῦ
764 2940 844 3001 θεοῦ
875 2944 1085 3019 προγνιυσίας
1108 2933 1180 3003 ἀπό
1204 2940 1262 3002 τοῦ

240 3033 372 3117 ἐρευνᾶν
395 3032 432 3097 τό
454 3034 579 3098 τέλειον
602 3037 659 3117 τής
683 3030 890 3117 ἀποφάσεως
913 3032 1055 3119 ε’χοόσής.
1091 3030 1181 3100 οὕτω
1204 3058 1264 3117 μοι

238 3135 290 3196 καὶ
316 3133 391 3213 περὶ
415 3130 602 3213 πνεύματος
624 3130 678 3194 καὶ
702 3131 775 3195 υἱοῦ
797 3138 849 3195 καὶ
868 3131 994 3213 πατρὸς
1008 3131 1064 3215 τήν
1081 3140 1162 3212 μίαν
1178 3136 1265 3217 γνώ-

239 3253 292 3294 σιν
315 3236 366 3295 καί
392 3228 450 3315 τήν
473 3235 683 3313 πρυγνιυσίαν
700 3231 818 3312 σαιγώς
834 3227 967 3313 ἐχοόσής
983 3232 1040 3315 τῆς
1056 3223 1151 3311 ἀγίας
1168 3229 1264 3315 τριά-
1290 3237 1293 3248 “

240 3327 297 3402 (λος
318 3327 375 3412 τήν
398 3326 587 3410 τελειότήτά
609 3350 645 3389 τε
667 3326 721 3389 καὶ
744 3325 936 3411 ταυτότήτα.

197 3438 231 3486 25
331 3433 375 3487 14.
415 3427 478 3487 Καὶ
509 3419 664 3506 ἀμόθήτα
699 3423 768 3488 ίστι
803 3424 880 3504 περὶ
914 3421 1038 3487 τοότιυν
1068 3423 1174 3506 λέγειν
1210 3427 1263 3491 καί

240 3513 309 3584 ἀπὸ
340 3526 436 3594 θείας
464 3523 592 3603 γραιγής
625 3517 720 3604 όγκον
754 3524 942 3602 μαρτνριιῦν
977 3526 1088 3604 φέρειν
1122 3523 1178 3585 καί
1218 3522 1294 3600 είςιὶ

240 3614 367 3693 πλάτος
390 3616 599 3699 ε’πιμήκόνειν
622 3622 674 3681 καὶ
692 3617 837 3700 κάμανον
854 3618 1005 3698 ε’μποιεῖν
1021 3628 1092 3694 τοῖς
1108 3616 1267 3701 ἐντυγχά-

241 3738 361 3779 νουσιν.
401 3707 544 3795 ἀρκετώς
565 3712 625 3796 γάρ
650 3714 683 3779 ἐν
706 3715 798 3799 πόσή
823 3715 946 3797 αίρίσει
970 3713 1079 3779 πολλὰ
1098 3714 1266 3796 εἰπόντες,

239 3812 298 3888 τὰς
321 3810 433 3887 πάσας
456 3810 489 3875 ἐν
513 3815 595 3876 θεοῦ
620 3811 755 3894 όονάμει
779 3810 871 3896 ήμεῖς
895 3813 926 3876 οἱ,
950 3807 1105 3889 ἀσθενεῖς
1129 3808 1268 3900 ἀνετρέ-

197 3924 350 3992 3οψαμεν
373 3912 426 3973 καί
451 3903 668 3990 ἀπεδείξαμεν
692 3906 868 3991 ἀλλοτρίας
891 3908 992 3986 οῦσας
1013 3913 1071 3994 τής
1086 3905 1267 3996 ἀληθείας,

240 4008 293 4071 καὶ
316 4005 453 4091 ἑκάστην
476 4002 582 4072 αότιῦν
605 4009 867 4091 βλασφήμοῦσαν
896 4010 947 4073 καὶ
972 4002 1174 4092 ἀρνουμένην
1206 4011 1268 4097 τήν

241 4100 412 4187 ἀλήθειαν,
442 4104 500 4170 κάν
523 4131 558 4170 τε
581 4104 614 4169 ε”ν
636 4112 752 4186 βραχεῖ
774 4101 832 4167 κάν
855 4129 890 4169 τε
913 4105 946 4169 ίν
969 4106 1101 4189 πολλῷ,
1138 4100 1186 4183 ώς
1210 4112 1267 4176 καί

239 4188 333 4263 οὗτοι
354 4201 459 4280 μάτην
494 4203 540 4280 εἰς
563 4199 620 4267 τὸν
642 4197 755 4281 κόριον
776 4202 1049 4287 μλυσιγήμυῦντες
1074 4204 1129 4268 καὶ
1153 4203 1205 4282 είς
1228 4204 1269 4273 τὸ

529 4502 718 4646 Α
