2867 5084
239 918 300 982 302
466 927 673 977 επιψιανον
691 925 787 975 κατι
805 925 992 975 mamm
1008 927 1037 975 r.

238 1089 343 1148 θείων
353 1081 496 1166 λγραφιῦν
508 1078 566 1162 τὴν
583 1074 761 1161 ὁμολογίαν
776 1078 834 1163 τῆς
849 1082 995 1153 πίστεως
1011 1073 1231 1161 παρειληφότι

240 1176 345 1257 οὕτως
367 1179 489 1259 ἔχομεν,
525 1171 577 1241 ὅτι
601 1170 618 1240 5
648 1174 757 1262 πατὴρ
782 1169 899 1257 ὁμοίου
923 1173 1011 1239 ἐστὶν
1038 1173 1156 1239 ἐαυτοῦ
1186 1172 1231 1239 υίι

239 1276 349 1360 πατὴρ
364 1276 416 1340 καὶ
434 1269 452 1338 5
469 1273 539 1351 υίὸς
554 1268 669 1355 ὅμοιός
685 1270 757 1337 ἔστι
777 1274 836 1336 τοῦ
858 1271 995 1355 πατρὸς,
1013 1269 1048 1349 ἐξ
1069 1259 1109 1335 οὗ
1131 1269 1231 1355 πατριΙ

241 1383 366 1439 νοεῖται
387 1370 467 1450 υίός.
497 1374 595 1436 τοῦτο
619 1364 709 1454 ἡμῶν
729 1369 1054 1452 προσόιοριζομένων
1075 1369 1130 1432 καὶ
1153 1362 1231 1433 σύτο

216 1467 489 1554 σκαθαιρούντων
510 1467 567 1533 τὸν
591 1469 676 1544 νοῦν,
708 1461 753 1542 ὡς
774 1465 858 1550 πρὸς
884 1464 961 1544 τούς
982 1464 1185 1548 Σαβελλίους
1205 1488 1231 1530 κι

238 1567 316 1646 τοὺς
343 1565 497 1645 λοιποὺς,
534 1561 586 1630 ὅτι
615 1561 691 1629 ούτε
719 1559 737 1626 5
766 1562 837 1641 υίὸς
868 1562 1006 1628 δύναται
1034 1557 1120 1628 εἶναι
1147 1585 1231 1627 ποτε

239 1662 315 1731 ούτε
339 1659 356 1728 5
379 1663 489 1748 πατὴρ
514 1661 650 1726 δύναται
673 1654 758 1727 εἶναι
779 1659 859 1739 υίὸς,
885 1654 953 1725 ἀλλ’
979 1655 996 1724 ό
1018 1658 1090 1736 υἱός
1112 1655 1185 1736 υίὸς
1206 1682 1231 1724 κι

240 1759 257 1825 5
280 1760 390 1846 πατὴρ
414 1758 534 1844 πατὴρ,
558 1760 610 1823 καὶ
636 1752 693 1839 ούχ
716 1757 794 1836 υἱός.
833 1756 866 1823 ἒν
888 1756 1020 1836 τούτοις
1040 1755 1102 1841 γάρ
1126 1755 1219 1822 ἐστιν

240 1853 389 1942 οέκρίγίεια
415 1859 468 1942 τῆς
489 1858 555 1920 τῶν
579 1854 772 1938 προσώπων
796 1853 1014 1941 ἐπιγνιύσεως,
1041 1856 1088 1938 τῷ
1111 1851 1172 1917 τόν
1195 1876 1231 1917 ττι

202 1960 317 2038 ιυτέρα
339 1958 468 2036 πατέρα
491 1947 541 2017 άεί
566 1948 645 2016 ὄντα
672 1950 815 2037 άσαρκον
843 1954 903 2034 μέν
932 1947 1018 2019 εἶναι
1044 1955 1097 2016 καί
1129 1943 1231 2015 άθάνι

239 2073 305 2127 τον,
329 2049 386 2114 τόν
410 2050 445 2115 δὲ
468 2048 539 2114 υἱόν
562 2048 633 2113 υλόν
657 2046 738 2114 όντα
760 2045 809 2116 άεὶ
833 2053 886 2115 καὶ
906 2045 1066 2115 ούόέποτε
1089 2043 1171 2112 όντα
1194 2071 1231 2113 πι

239 2154 326 2232 τέρα.
358 2140 409 2213 ἀεὶ
426 2147 461 2212 δὲ
477 2145 646 2231 λεγόντων,-
671 2146 728 2211 διὰ
749 2145 788 2211 τό
804 2144 941 2232 άχρονον
956 2150 1008 2212 καί
1027 2140 1231 2230 άκατάληπτι

240 2249 298 2331 τῆς
319 2240 544 2322 ὑποστάσεως,
569 2242 674 2328 σάρκα
696 2240 910 2329 ἀνειληφέναι
931 2242 1013 2309 κατὰ
1027 2241 1187 2328 βούλησιν
1202 2265 1231 2307 τι

241 2342 378 2427 πατρὸς,
407 2343 459 2406 καί
484 2341 633 2407 θάνατον
662 2335 746 2424 ύπέρ
775 2337 868 2424 ἡμῶν
895 2336 1090 2426 ὑποστῆναι.
1133 2336 1231 2405 τούτο

205 2441 511 2525 ιοδιευκρινημένων
527 2439 559 2503 σί
575 2441 777 2521 θαυμαστοί,
802 2438 834 2504 ολ
856 2441 895 2524 τῇ
912 2439 1037 2523 αἱρέσει
1051 2438 1231 2520 συμμυχοῖ·Ι

240 2563 309 2616 τες,
334 2536 393 2602 δύο
415 2535 739 2619 πραγματεύσασθαι
762 2534 977 2614 σπεύδουσιν,
1006 2537 1039 2600 ἓν
1067 2536 1128 2616 μὲν
1155 2533 1231 2619 τὸγ

241 2637 345 2719 λέγειν
368 2638 497 2715 πατέρα
518 2635 571 2698 καί
603 2631 681 2710 υἱὸν,
712 2628 796 2697 ἀλλὰ
820 2628 993 2719 ἀγέννητον
1020 2630 1075 2713 καὶ
1096 2629 1231 2718 γεννητό

241 2735 293 2797 καὶ
311 2729 368 2796 διὰ
382 2732 479 2795 τοῦτο
494 2728 533 2794 τὸ
548 2729 700 2816 σόφισμα
714 2733 773 2815 τῆς
788 2729 945 2814 αἱρέσεως
961 2729 1108 2812 οίόμενοι
1125 2729 1231 2795 ἐπεισι

241 2852 309 2913 γειν
332 2829 371 2912 τῇ
394 2825 554 2912 ἐκκλησίᾳ.
587 2831 741 2890 συνίσασι
762 2825 823 2909 γὰρ
848 2827 881 2892 οἱ
897 2830 999 2913 σοφοὶ
1020 2826 1061 2892 τὰ
1082 2829 1142 2890 τοῦ
1167 2833 1231 2893 θεο

203 2921 294 2990 ίοότι
316 2923 355 2989 τὸ
378 2920 551 3009 ἀγέννητον
581 2922 715 2988 ἔλαττον
745 2917 830 2989 εἶναι
857 2927 915 2989 τοῦ
937 2923 1065 3008 πατρός
1087 2920 1231 3006 όνόμοιτο

241 3021 361 3108 τὸγὰρ
385 3016 573 3107 ἀγέννητον,
608 3014 661 3084 ότι
690 3018 707 3084 ὃ
735 3021 795 3103 μὲν
825 3017 882 3086 ούκ
911 3021 1067 3108 ἐγεννήθη
1098 3020 1231 3107 νενόητο

243 3115 375 3187 οὐδέπω
399 3120 434 3185 δὲ
457 3119 486 3184 εί
507 3120 560 3184 καί
584 3118 693 3203 πατὴρ
716 3117 787 3183 ἔστι
816 3124 984 3204 σημαίνει·
1017 3117 1056 3183 τὸ
1085 3119 1121 3184 δὲ
1150 3142 1231 3184 ποτε

242 3219 344 3284 πλέον
368 3215 436 3283 ἐστὶ
459 3219 518 3283 τοῦ
541 3209 716 3303 ύγεννήτου
732 3209 894 3298 ὀνόματος
909 3213 955 3280 όν.
993 3215 1027 3281 ἒν
1048 3217 1107 3299 μέν
1129 3216 1231 3300 γὰρτ

243 3309 405 3400 όγεννήτηι
429 3313 515 3400 φημὶ
537 3307 595 3378 σύκ
618 3312 815 3400 ἐμφαίνεται
839 3307 857 3399 ἦ
880 3316 939 3378 τοῦ
963 3312 1089 3398 πατρὸς
1111 3311 1231 3397 όύναμι

203 3409 276 3480 κείν
306 3410 342 3475 d&
369 3413 416 3493 τῷ
446 3409 555 3495 πατήρ
593 3404 731 3491 ὀνόματι
766 3407 850 3492 όμοῦ
885 3409 1081 3496 ἐμφαίνεται
1115 3405 1169 3476 ότι
1205 3434 1231 3477 οι

242 3506 331 3572 ἐστιν
354 3505 425 3582 υἱὸς
448 3501 466 3569 5
488 3505 607 3590 πατὴρ,
639 3507 704 3573 εἴτε
726 3513 844 3590 κυρίως
867 3517 993 3574 νοεῖται
1016 3503 1034 3572 5
1057 3507 1176 3594 πατὴρ,
1207 3534 1231 3575 κι

243 3601 296 3669 ὅτι
317 3602 425 3680 α’ίτιός
447 3601 537 3667 ἐστιν
560 3598 677 3685 ὁμοίου
701 3603 819 3670 ἐαυτοῦ
843 3604 923 3669 υἱοῦ.
956 3608 989 3671 ἓν
1011 3605 1127 3691 μὲνδὴ
1150 3608 1231 3671 τοῦτ

242 3702 352 3786 ἕτερον
375 3700 420 3778 όλ,
444 3695 497 3765 ὅτι
520 3698 713 3784 φθάσαντες
736 3696 893 3786 άνόμοιον
915 3698 982 3768 κατ’
1002 3699 1116 3769 οὐσίαν
1130 3701 1231 3786 γράείκ

241 3799 299 3866 τὸν
321 3796 392 3864 υἱόν
414 3799 462 3882 τῷ
485 3803 597 3881 πατρί.
639 3794 753 3886 ὥσπερ
775 3791 832 3867 σύν
855 3799 1011 3883 ἐνόμισαν
1033 3801 1231 3886 καταψηφίζ

201 3904 329 3963 οοσθαι
349 3895 407 3982 τὴν
441 3894 611 3983 ἐκκλησίαν
640 3892 681 3962 δι’
713 3887 759 3963 ὧν
781 3897 952 3984 ἐθήρασαν
974 3897 1067 3981 παρὰ
1088 3899 1146 3960 τοῦ
1171 3896 1231 3963 αλδ

243 4000 342 4077 σίμου
365 3991 552 4059 ἐπισκόπου
572 3989 684 4060 Ὁσίου
706 3995 915 4078 γραμμάτων,
940 3996 975 4061 έν
997 3990 1048 4073 οἷς
1063 4000 1202 4080 φέρεται
1224 4020 1231 4059 ι

242 4086 400 4172 άνόμοιον
423 4085 548 4159 ούσίαν.
579 4090 694 4178 ἐπειδὴ
719 4092 755 4156 όὲ
770 4086 967 4169 ἀνελθόντες
989 4093 1021 4156 οἱ
1043 4091 1077 4156 ἐκ
1099 4094 1158 4176 τῆς
1180 4086 1231 4159 άνι

241 4188 339 4273 τολῆς
361 4187 417 4256 ἐπί
441 4188 480 4255 τὸ
501 4194 640 4272 Σίρμιον
661 4188 952 4272 περισυνελέξαντο
974 4189 1027 4253 καὶ
1054 4186 1231 4277 κακούργηγ
