2867 5084
204 928 245 995 ⁹8
430 948 634 1003 επισιαισν
650 948 746 999 σωκ
764 949 951 1000 mmmm
968 952 996 1000 ε.

204 1096 350 1184 κάμηλον
379 1098 436 1167 διὰ
458 1100 642 1185 τρυμαλιᾶς
662 1101 806 1189 ῥαφίδος
828 1101 993 1169 εἰσελθεῖν
1016 1094 1036 1187 ἢ
1058 1101 1223 1169 πλούσιον

204 1194 238 1262 ἒν
266 1200 307 1283 τῇ
328 1198 482 1285 βασιλείᾳ
502 1201 567 1264 τῶν
591 1193 766 1282 ούρανῶν”.
813 1194 851 1263 σύ
875 1199 1013 1265 δύναται
1033 1199 1095 1285 γάρ
1118 1200 1226 1267 εἰσελ-

205 1298 291 1372 θεῖν,
316 1291 369 1361 ὅτι
391 1294 634 1385 ίτνφλῶθησαν
656 1292 725 1361 ἀπό
741 1298 800 1361 τού
816 1300 900 1363 θεοῦ
916 1300 974 1362 τοῦ
991 1297 1121 1377 αἰῶνος,
1145 1293 1225 1384 ἡγη·

205 1390 343 1475 σάμενσι
363 1392 420 1459 τὸν
442 1398 602 1478 μαμωνάν
625 1393 751 1460 ἑαυτῶν
773 1392 871 1473 θεὸν,
901 1397 954 1460 καί
979 1394 1116 1473 ἑαυτούς
1137 1389 1225 1460 ύπο-

182 1496 345 1574 οχειρίους
365 1491 585 1577 πεποιηκότες
606 1495 654 1577 τῷ
676 1493 749 1575 θεῶ
771 1494 830 1556 τοῦ
853 1492 975 1570 αἰῶνος
995 1492 1123 1571 τούτου,
1148 1515 1227 1559 του-

203 1594 295 1654 τέστι
322 1592 361 1676 τῇ
390 1593 600 1677 φιλαργυρίᾳ.
647 1585 692 1667 ῶς
720 1589 806 1674 λέγει
836 1596 1040 1674 “πρσσίχετε
1068 1585 1139 1656 ἀπὸ
1167 1594 1227 1675 τῆς

205 1685 302 1773 ζύμης
329 1691 395 1752 τῶν
419 1694 632 1772 Φαρισαίων,
660 1683 734 1774 ἥτις
763 1686 852 1753 ἐστίν
881 1684 1083 1771 ύπόκρισις,”
1111 1690 1166 1754 καί
1191 1688 1226 1755 ἐν

204 1781 293 1869 ἀλλην
315 1786 410 1870 τόπῳ
433 1782 524 1870 “ἣ’τις
547 1785 615 1851 ἐστί
641 1786 866 1872 φιλαργυρία”.
898 1789 951 1851 καί
968 1785 1024 1852 ίνα
1040 1787 1127 1871 δείξῃ
1145 1786 1228 1851 ταύ-

204 1907 261 1961 της
282 1882 320 1946 τὸ
343 1879 554 1967 ἀποτέλεσμα
575 1884 630 1949 καὶ
644 1883 682 1948 τό
699 1883 802 1967 ἔργον,
826 1883 912 1967 λέγει
935 1878 1070 1968 “δδηγσί
1085 1884 1152 1950 εἰσι
1167 1899 1255 1949 τυ-Ι)

167 1992 197 2044 10
206 1978 295 2066 φλοί.
325 1980 450 2067 τυφλὸς
473 1982 508 2047 δὲ
530 1983 656 2069 τυφλόν
678 1976 815 2067 ὁδηγῶν,
840 1974 1025 2067 ἀμφότεροι
1048 1980 1095 2059 είς
1114 1980 1228 2064 μόθα-

205 2102 261 2144 νον
285 2079 531 2161 ίμπεσοῦνταίῖ
562 2078 678 2164 ἐπειδὴ
700 2081 763 2163 γὰρ
787 2077 975 2163 ἐτύφλωσεν
999 2073 1227 2165 αύτούςῆφι-

206 2178 371 2262 λαργυρία,
396 2173 414 2241 ό
437 2175 518 2254 θεὸς
535 2180 594 2242 τοῦ
610 2176 732 2254 αίῶνος
746 2175 874 2254 τούτου,
899 2179 952 2241 καί
969 2171 1008 2242 σύ
1023 2176 1228 2262 κατηύγασεν

206 2269 223 2339 ό
253 2272 426 2361 φωτισμός
457 2278 517 2339 τοῦ
552 2270 740 2359 εὐαγγελίου
773 2272 808 2339 ἐν
836 2284 912 2352 ταῖς
932 2276 1082 2358 καρδίαις
1104 2268 1226 2354 αὐτῶν,

206 2371 322 2439 διὰτὸ
344 2374 582 2458 τετυφλῶσθαι
604 2375 681 2457 περὶ
704 2370 763 2457 τὴν
785 2373 1014 2457 φιλαργυρίαν.
1056 2367 1137 2457 αύτη
1163 2370 1229 2456 γὰρ

168 2473 259 2536 {baal
282 2471 339 2535 τὸν
359 2466 481 2535 Ἰούδαν
500 2470 699 2556 ἐτύφλωσεν,
724 2464 805 2552 αότη
818 2471 872 2535 καί
888 2468 966 2547 τοὺς
980 2464 1227 2554 περὶἈνανίαν

205 2562 404 2645 ἀπέκτεινεν,
427 2563 508 2652 αότη
530 2567 676 2645 πολλοὺς
690 2562 860 2653 ἠφάνισεν.
892 2556 988 2645 οὗτός
1004 2567 1092 2634 ἐστιν
1109 2562 1127 2631 ό
1142 2565 1231 2645 θεὸς

204 2669 263 2729 τοῦ
286 2666 407 2741 αἰῶνος
429 2664 557 2743 τούτου,
589 2662 626 2729 ὃν
649 2663 866 2750 αίρησάμενοι
886 2664 970 2730 θεὸν
993 2665 1025 2729 οί
1043 2661 1229 2749 ἄνθρωποι

206 2760 408 2845 δπελάβοντο
435 2764 493 2844 τῆς
521 2761 607 2845 πρὸς
636 2757 736 2827 αότὸν
758 2765 869 2848 τιμῆς,
898 2765 953 2828 καί
975 2761 1229 2849 κατεφρόνησαν

205 2861 263 2922 τοῦ
285 2865 413 2941 κυρίου,
438 2854 482 2936 ῶς
505 2858 591 2943 λέγει
614 2863 692 2924 “tofi
714 2861 774 2941 μὲν
797 2858 869 2937 ἑνὸς
892 2854 1082 2938 ἀνθέξεται,
1106 2862 1165 2923 τοῦ
1189 2860 1229 2928 δὲ

168 2954 318 3039 ιθὲτέρου
348 2955 609 3042 καταφρονήσει·
642 2951 680 3021 σύ
710 2955 857 3023 δύνασθε
885 2961 957 3041 θεῷ
981 2956 1145 3023 δουλεύειν
1169 2961 1273 3030 καίειν

204 3055 375 3139 μαμ(ονᾷ”.
406 3052 461 3118 καί
484 3047 564 3139 δρᾷς
585 3055 692 3140 ῥητῶς
713 3053 769 3119 καὶ
790 3057 906 3141 σαφῶς
923 3052 961 3119 τό
976 3058 1114 3140 πρᾶγμα
1126 3054 1228 3140 ἑρμη-

159 3116 180 3169 ’
205 3150 397 3234 νευόμενσν,·
419 3145 528 3229 οὐδεὶς
550 3152 611 3235 γὰρ
636 3151 684 3217 ἕνα
707 3152 817 3234 ἕτερος
839 3152 929 3230 θεὸς,
954 3147 1011 3218 ούκ
1034 3152 1068 3218 ἐν
1084 3149 1227 3238 σύρανηῑ,

158 3254 163 3261 ’
206 3243 264 3313 οόκ
286 3248 319 3313 ἓν
340 3251 380 3334 τῇ
402 3251 452 3335 γῇ,
475 3243 533 3314 οόκ
556 3248 589 3314 ἐν
611 3252 697 3314 πᾶσι
717 3255 861 3332 χωρίοις,
886 3245 970 3315 ἀλλὰ
993 3245 1041 3329 εἷς
1062 3249 1173 3336 πατὴρ
1193 3250 1232 3330 ἐξ

206 3334 246 3410 ού
268 3345 310 3412 τὰ
331 3345 451 3423 πάντα,
474 3348 528 3412 καί
551 3341 599 3425 εἷς
619 3346 730 3432 κύριος
749 3341 871 3432 Ἰησοῦς
888 3345 1045 3429 Χριστός,
1070 3341 1110 3412 δι’
1129 3336 1169 3411 ού
1184 3347 1230 3413 τὰ

168 3440 333 3521 ςεπάντα,
364 3444 418 3508 καί
448 3445 482 3509 ἓν
510 3448 642 3528 πνεῦμα
667 3445 707 3509 τὸ
730 3440 839 3527 άγιον,
871 3443 904 3509 ἕν
928 3433 955 3529 ᾧ
977 3445 1019 3510 τά
1041 3445 1150 3511 πάντα
1174 3440 1228 3512 ἀεί

207 3528 291 3606 ούσα
312 3535 331 3625 ἡ
354 3538 457 3622 τριὰς,
479 3548 541 3622 μία
562 3538 581 3630 ἦ
604 3542 736 3629 θεότης,
760 3545 813 3607 καί
839 3543 1007 3628 μηδέποτε
1029 3543 1229 3630 προσθήκην

206 3636 429 3722 λαμβάνουσα,
452 3632 530 3704 οὐδὲ
552 3634 730 3728 ἀφαίρεσιν
752 3638 952 3724 ἐνδεχομένη.

293 3741 343 3802 70.
368 3732 479 3818 ’ίωμεν
502 3738 538 3803 δὲ
560 3733 610 3826 ἐφ’
636 3738 732 3821 ἕτερα
753 3736 857 3804 πάλιν
879 3742 933 3803 καὶ
955 3737 997 3802 τά
1019 3738 1134 3803 δίκτυα
1147 3735 1228 3804 τού-

206 3855 266 3901 του
295 3835 353 3899 τοῦ
382 3833 489 3919 θηρός
517 3837 572 3901 καί
601 3834 723 3919 ἐχθροῦ
751 3838 806 3900 καί
836 3834 1003 3915 ίκδικητού
1028 3836 1228 3901 διασπασῶ-

168 3936 308 4015 εεμεθα,
331 3924 507 4017 ἀγαπητοί,
532 3931 589 3998 ἐπὶ
610 3933 668 4018 τὴν
691 3932 815 4019 φράσιν
837 3935 895 4018 της
918 3929 1080 4019 ἀληθείας
1101 3931 1143 3999 τὰ
1167 3928 1260 4001 όπἸι

207 4024 308 4095 αότοῦ
331 4027 600 4111 ξενολεκτούμενα
623 4036 781 4116 φέροντες
795 4040 868 4109 τοῖς
882 4032 1097 4115 βουλομένοις
1111 4028 1153 4097 τὰ
1167 4035 1228 4118 τῆς

205 4122 368 4209 ἀληθείας
388 4133 596 4208 καταμαθεῖν
617 4130 670 4193 καί
693 4120 953 4211 ἀποτρέπεσθαι
973 4128 1031 4194 τὸν
1055 4130 1131 4195 νοῦν
1153 4122 1227 4196 ἀπό

159 4238 186 4281 ι’·
205 4222 501 4303 κακοδιδασκαλίας
528 4224 639 4311 πάσης
667 4224 833 4310 αἱρέσεως.
880 4226 1143 4312 ἐπιλαμβάνεται
1163 4226 1229 4315 γάρ

98 4420 397 4632 Α.
