2867 5084
482 988 576 1043 ιιιισ.
604 992 813 1044 mmm.
909 1024 911 1031 -
1119 984 1161 1048 99

138 1146 199 1210 τοῦ
227 1143 331 1227 νόμου
360 1143 464 1210 πάλιν
490 1146 543 1209 καί
571 1147 638 1209 τιῦν
666 1148 865 1231 προφητῶν,
897 1144 1015 1230 ἐχθρὸς
1038 1142 1083 1214 ιῦν
1105 1152 1164 1235 τῆς

141 1238 309 1329 ἀληθείας
330 1244 384 1307 καί
406 1245 466 1307 τοῦ
489 1239 583 1327 άγίου
606 1241 802 1325 πνεύματος,
825 1246 884 1308 τοῦ
898 1244 931 1310 ἐν
954 1244 1043 1332 νόμφ
1059 1246 1113 1313 καί
1129 1246 1165 1314 ίν

108 1388 114 1401 .
140 1339 338 1428 προφήταις
353 1340 576 1427 λελαληκότος,
592 1347 648 1406 καί
664 1362 757 1427 φησι,
785 1340 884 1429 φόοει
895 1341 1042 1423 χαλάσας
1056 1346 1164 1428 γλιῦσ·

142 1461 222 1517 σαν,
254 1433 299 1515 ιός
325 1440 380 1503 καὶ
409 1432 476 1517 δελ,
505 1436 589 1504 κατά
616 1442 675 1503 τοῦ
702 1441 787 1504 θεοῦ
815 1442 873 1503 τοῦ
896 1439 1099 1526 ποιήσαντος
1120 1441 1163 1509 τά

141 1536 264 1614 πάντα,
289 1535 491 1621 λαλήσαντός
513 1536 604 1602 τείν
626 1536 716 1622 νόμῳ
731 1538 785 1600 καί
802 1535 836 1601 ίν
852 1537 1050 1624 προφήταις,
1076 1554 1189 1606 “na-5

140 1633 222 1718 τρὸς
244 1631 339 1712 ὄντος
353 1637 412 1698 τοῦ
428 1639 541 1718 κυρίου
555 1630 647 1720 ἡμῶν
659 1629 763 1720 Ἰησοῦ
779 1637 938 1718 Χριστοῦ,
963 1635 999 1715 ίξ
1013 1625 1051 1702 οῦ
1067 1640 1162 1704 πᾶσα

140 1730 271 1815 πατριὰ
293 1731 326 1797 ίν
349 1726 477 1816 οῦρανῷ
499 1735 552 1796 καί
576 1731 632 1798 ἐπὶ
654 1735 712 1818 γῆς
735 1725 955 1814 ὀνομάζεταί.
985 1740 1040 1800 καί
1061 1758 1163 1822 φησιν

110 1830 203 1909 ε“ίξ
223 1824 324 1894 αῦτοῦ
348 1828 524 1911 ἐπιθυμία,
547 1832 600 1894 καὶ
625 1829 660 1908 ἐξ
681 1824 782 1894 αῦτοῦ
805 1829 914 1917 φόνοι,
937 1835 991 1897 καί
1013 1831 1056 1897 τά
1078 1831 1163 1899 ἄλλα

140 1926 282 1994 πάντα”.
321 1926 555 2010 παρεκελεύετο
577 1926 638 2011 γάρ
660 1929 713 1992 καί
739 1927 854 2011 ἱμάτια
876 1925 1075 2016 ἀφαρπάξαι
1095 1934 1162 1997 τιῦν

138 2025 359 2110 Αἰγυπτίων,
389 2029 513 2101 θυσίας
542 2025 578 2089 δὲ
607 2019 695 2111 αὐτῷ
724 2032 998 2113 προσφέρεσθαι,
1032 2030 1085 2095 καί
1119 2027 1202 2095 τάιδ

140 2124 230 2191 ἄλλα
252 2122 362 2188 πάντα
385 2117 449 2186 όσα
471 2127 608 2206 παρέχει
636 2121 754 2205 νόμος·
785 2122 937 2209 φονεύειν
960 2125 995 2190 δὲ
1018 2124 1075 2190 τὸν
1099 2148 1163 2213 φο-

138 2221 294 2298 νεόοντσ,
326 2215 371 2296 ιός
391 2226 506 2306 μηκέτι
529 2214 707 2302 ἀρκεῖσθαι
729 2222 776 2304 τῷ
799 2220 922 2306 πρώτῳ
946 2220 1053 2306 φόνφ,
1078 2217 1163 2288 άλλδι

138 2321 197 2386 καὶ
221 2317 371 2401 δεύτερον
395 2317 602 2402 ἐργάζεσθαι,
628 2317 731 2402 δῆθεν
755 2317 958 2394 ἐκδικοῦντος
981 2312 1082 2383 αῦτοῦ
1104 2319 1162 2385 τὸν

140 2419 278 2500 πρῶτον
307 2415 428 2500 φόνον,
459 2414 633 2499 ἐμβάλλειν
662 2439 698 2480 τε
726 2414 912 2497 ἐπιθυμίας
940 2414 986 2492 είς
1008 2415 1068 2493 τὰς
1090 2417 1163 2482 δια-

141 2521 239 2591 νοίας
258 2516 322 2578 τῶν
345 2506 554 2597 άνθριόπιυν,
588 2514 643 2577 καί
668 2512 880 2598 διηγούμενος
902 2515 977 2597 περί
1001 2517 1163 2597 γυναικιῦν
1174 2524 1201 2574 15

140 2613 199 2678 καί
221 2612 284 2676 τιῦν
306 2608 416 2676 ἄλλων
438 2608 649 2695 πραγμάτιον.
678 2608 848 2694 ε’χεθόμως
864 2610 909 2687 δὲ,
935 2609 1045 2697 φησὶν,
1070 2606 1164 2697 ὀλίγα

139 2710 222 2791 περί
249 2711 309 2772 τοῦ
332 2711 481 2793 Χριστοῦ
504 2707 766 2794 προεφήτευσεν,
796 2709 852 2773 ’ίνα
876 2705 932 2773 διὰ
953 2711 1020 2772 τῶν
1044 2703 1162 2795 όλίγων

140 2804 373 2892 πιστοποιήσῃ
398 2805 679 2893 πιθανολογήσας.
710 2808 764 2871 καί
787 2809 892 2871 ταῦτα
912 2794 951 2890 ἦν
973 2805 1014 2871 τά
1034 2806 1163 2892 ῥήματα

107 2906 202 2974 οτσῦ
223 2904 388 2988 τολμηροῦ
411 2900 523 2987 Μάνη,
548 2901 569 2968 ἃ
590 2902 674 2969 κατὰ
694 2907 754 2968 τοῦ
778 2902 864 2969 ίδίου
888 2903 1053 2970 δεσπότου
1076 2901 1164 2970 άθυ-

139 2998 339 3085 ρογλιόττως
367 3004 559 3085 φθέγγεται.
604 3002 812 3087 κατανοήσας
840 3002 877 3066 δέ
897 3026 949 3079 τις
971 3001 1040 3066 ’ίδοι
1061 3003 1202 3085 μηδίνίο

141 3099 256 3182 ἕτερον
278 3097 312 3162 ίν
334 3096 441 3182 τούτῳ
464 3097 664 3184 φαινόμενον
688 3092 795 3185 ἀλλ’ἢ
817 3101 1053 3185 φρενιτιιῦντος
1075 3099 1161 3183 ἔργα.
1190 3138 1209 3187 Ι,ι

141 3192 189 3275 ὥς
222 3194 285 3280 γάρ
319 3189 336 3258 δ
364 3194 424 3280 τήν
453 3205 601 3281 φρενῖτιν
632 3195 712 3277 ἐ’χιυν
745 3194 909 3279 μάχαιραν
936 3190 1013 3261 καθ’
1045 3195 1163 3261 ἑαυτοῦ

140 3289 331 3373 δπλίζεται,
362 3290 419 3356 καί
446 3291 502 3356 διὰ
529 3291 587 3377 τήν
610 3292 795 3378 ἐπιληψίαν
817 3291 876 3371 τὰς
899 3293 1017 3359 ἑαυτοῦ
1040 3292 1164 3376 σάρκας

138 3398 270 3474 τέμνων
302 3390 428 3472 νομίζει
461 3389 602 3473 ἐχθροὺς
635 3385 844 3472 ἀμύνασθαι,
885 3392 938 3456 καί
972 3385 1030 3457 οῦκ
1063 3386 1161 3473 οἶδεν,

140 3484 232 3555 οῦτιυ
253 3488 307 3553 καί
331 3475 427 3565 οῦτος
449 3482 525 3552 καθ’
550 3487 669 3554 ἑαυτοῦ
692 3488 908 3568 διοπλίζεται,
931 3487 974 3575 μή
999 3492 1083 3554 νοιῦν
1105 3489 1204 3568 τάςτί

139 3587 248 3665 λίξεις
275 3583 316 3662 ἃς
341 3582 418 3651 καθ’
444 3585 562 3652 ἑαυτοῦ
596 3584 778 3672 ἐφέλκεται.
823 3585 852 3652 εί
879 3583 939 3671 γάρ
964 3585 999 3666 ἐξ
1020 3583 1163 3672 αῦτοῦὴ

140 3684 328 3765 ἐπιθυμία,
358 3685 410 3748 καί
435 3682 621 3766 ἐπιθυμίας
643 3682 780 3767 ίνεργεί,
809 3684 884 3761 πῶς
909 3681 978 3750 ίίνιυ
1000 3686 1053 3750 καί
1075 3683 1166 3750 κάτιυ

140 3777 230 3848 κατὰ
251 3778 437 3861 ἐπιθυμίας
457 3779 579 3868 γράφει
601 3776 618 3845 δ
640 3779 698 3866 τήν
722 3780 909 3863 ἐπιθυμίαν
931 3780 1121 3864 ἐμβάλλωνς
1145 3775 1164 3845 ὃ

142 3881 249 3964 λίγιον
271 3875 335 3962 ’μὴ
359 3876 572 3966 ἐπιθυμήσῃς
593 3877 635 3944 τά
655 3881 715 3944 τοῦ
739 3879 891 3964 πλησίον,
914 3879 997 3964 μηδὲ
1013 3879 1069 3943 τὸν
1084 3879 1166 3962 βοῦν

142 3970 265 4053 αῦτοῦ,
293 3974 377 4062 μηδὲ
397 3974 435 4040 τό
458 3971 637 4062 ὑποζύγιον
661 3970 777 4053 αὐτοῦ,
800 3976 883 4061 μηδὲ
904 3975 964 4062 τήν
986 3975 1206 4060 παιδίσκηνω

89 4068 261 4150 Μοῦτοῦ,
283 4072 366 4159 μηδὲ
387 4072 445 4139 τόν
467 4068 566 4160 άγρόν
589 4069 699 4149 αότοῦ,
723 4072 805 4157 μηδὲ
827 4073 886 4158 τήν
901 4081 1038 4155 γυναῖκα
1053 4065 1164 4154 αῦτοῦ,

141 4171 229 4260 μηδὲ
257 4163 321 4235 ὅσα
349 4168 418 4237 ίστλ
446 4174 495 4257 τῷ
517 4172 661 4258 πλησίον
683 4172 777 4234 σου”·
807 4169 837 4235 εί
859 4163 988 4253 ἀναιρεῖ
1009 4169 1068 4256 τήν
1090 4168 1166 4237 im-

142 4273 284 4353 θυμίαν,
307 4261 365 4334 οῦκ
387 4262 487 4347 αῦτδς
507 4273 566 4357 τῆς
588 4268 774 4350 ἐπιθυμίας
796 4265 868 4333 ίστί
891 4265 1037 4353 χορηγός.

978 4369 1015 4423 μ
