2867 5084
234 930 299 995 ³55
446 944 653 992 fimasfflov
669 942 766 992 xm
784 918 970 992 51»th
987 944 1017 992 r.

234 1089 321 1174 ὅλως
341 1099 475 1177 μετέχον
497 1117 531 1160 τι
552 1097 611 1180 τῆς
626 1087 792 1179 αὐτῆςναί
811 1088 929 1176 ὁμοίας
944 1091 1053 1179 ζύμης.
1084 1096 1138 1161 καλ
1156 1087 1253 1176 ῦμσία

234 1193 312 1258 δέκα
334 1196 520 1274 παρθένοις
542 1194 594 1257 καί
619 1185 714 1274 άνῦρλ
735 1190 954 1278 οἰκοδεσπότη
979 1188 1025 1269 ιῦς
1049 1191 1137 1276 πρὸς
1163 1187 1252 1275 ὁμοί-

234 1312 326 1369 ωσιν,
350 1284 418 1355 ἀλλ’
438 1284 474 1355 οῦ
497 1287 580 1355 κατὰ
597 1289 789 1373 ταυτότητά.
821 1292 879 1353 τοῦ
903 1290 939 1355 55
962 1289 1035 1354 υἱοῦ
1058 1285 1179 1372 ὁμοίου
1202 1286 1252 1354 ὄν-

233 1411 291 1466 τος
317 1390 364 1473 τῷ
393 1389 495 1470 πατρί
524 1392 576 1452 καὶ
608 1382 827 1469 ῦπερομοίου,
863 1386 919 1453 διὰ
949 1385 987 1451 τὸ
1019 1386 1143 1454 ταυτὸν
1173 1381 1252 1454 εἶναι

208 1483 319 1569 ῡπρὸς
340 1484 397 1550 τὸν
420 1489 550 1567 πατέρα
571 1488 623 1548 καί
648 1484 722 1550 ἰ’σον
745 1485 858 1566 πατρὶ,
899 1479 937 1549 οῦ
959 1481 998 1549 τὸ
1022 1479 1143 1566 ὅμοιον
1166 1507 1250 1551 συνι-

233 1585 315 1649 στάν
336 1577 414 1667 ἡμῖν
436 1581 538 1664 μόνον
561 1581 715 1661 ἐπιμελὲς
738 1583 1010 1701 πεφιλοτίμηται,
1034 1576 1121 1648 ἀλλὰ
1139 1582 1250 1648 ταυτὸν

231 1685 285 1746 καί
311 1680 393 1756 ι’σον,
418 1675 462 1756 ιῦς
485 1678 603 1744 θεὸν’
590 1705 623 1743 εν.
646 1682 729 1746 θεοῦ
751 1704 805 1744 και
829 1678 899 1745 υἱὸν
916 1678 950 1744 ἐκ
965 1677 1105 1761 πατρὸς,
1128 1673 1249 1746 καλοῦν

234 1774 368 1842 άλλοῖσν
391 1802 449 1860 της
471 1773 595 1853 οῦσίας,
620 1771 688 1841 άλλ
715 1776 750 1854 ἐξ
771 1770 872 1841 αῦτοῦ
895 1782 1137 1892 γεγεννημένον.
1169 1772 1247 1842 οἷ’το

234 1875 287 1938 καὶ
310 1874 387 1954 περὶ
410 1877 469 1938 τοῦ
492 1868 618 1956 ἁγίου
610 1873 690 1941 ινεά
692 1896 806 1955 ματος.
851 1874 957 1958 τοῦτον
986 1875 1022 1939 δὲ
1046 1899 1094 1959 τιμ
1079 1875 1268 1959 γεννάῦρο

197 1963 350 2054 ἱθἎετίῳ
372 1964 448 2036 0555
471 1969 509 2035 τὸ
533 1966 649 2050 ὅμοιον
679 1970 765 2054 πρὸς
793 1977 922 2056 πατέρα
950 1969 1007 2036 τὸν
1041 1970 1114 2037 υλῦν
1143 1966 1247 2052 ἀξιοῦν

235 2067 354 2148 λῦοξεν.
400 2062 437 2132 οἰ·
467 2071 513 2152 τῷ
547 2064 652 2153 ὁμοίῳ
681 2070 715 2134 δὲ
746 2063 839 2134 αι’·τολ
876 2069 1125 2152 ἐπερειδόμεναι
1156 2069 1248 2154 μόνον

233 2165 291 2252 την
315 2165 473 2232 σύστασιν
496 2170 554 2253 τῆς
575 2164 722 2243 πίστεως
743 2169 798 2230 καί
820 2164 858 2230 τὸ
884 2173 1047 2251 γεριιίρειν
1062 2166 1122 2253 τὴν
1137 2168 1246 2253 τριάδα

235 2260 372 2349 άληθῶς
394 2264 602 2346 ἐνιστάμενοι
624 2259 857 2346 ὁμολογοῦμεν.
895 2267 948 2330 καὶ
970 2263 1031 2348 γάρ
1047 2265 1103 2330 καὶ
1118 2262 1248 2350 άργνρος

234 2368 417 2448 κασσιτίριο
442 2357 616 2427 ῦιιοιοῦται
642 2360 697 2427 καὶ
718 2358 839 2444 χρυσὸς
871 2363 979 2447 χαλκῷ
1010 2363 1064 2426 καλ
1096 2362 1246 2446 μόλιβδος

198 2459 370 2546 τοσιῦηρφ,
392 2464 446 2525 καί
471 2461 620 2525 λίθοισί
586 2466 694 2541 τίμιοι
717 2458 946 2540 ε’ξομοιοῦνται
971 2454 1063 2544 ῦίλιγ,
1087 2454 1195 2526 καλοῦ
1214 2457 1245 2523 τὸ

235 2551 352 2638 ῦιιοιον
373 2555 432 2640 τὴν
455 2557 555 2642 φύσιν
578 2558 683 2641 δηλοῖ,
708 2553 792 2622 άλλά
814 2555 853 2621 τὸ
877 2550 1078 2638 άπείκασμα.

320 2660 349 2721 3.
377 2647 538 2718 Ἐνταῦθα
561 2655 596 2719 δὲ
619 2649 713 2737 ἡμεῖς
734 2657 787 2719 καί
811 2657 889 2736 περὶ
911 2657 969 2739 τῆς
984 2657 1114 2741 γραφῆς
1136 2649 1243 2736 ῦμολο-

234 2748 355 2835 γοίσης
383 2750 440 2814 τὸν
469 2749 539 2815 υἱὸν
569 2750 678 2815 εἰκόνα
706 2754 789 2816 θεοῦ
821 2753 880 2815 τοῦ
910 2744 1056 2835 ἀοράτου
1084 2748 1275 2836 &abactam

235 2845 293 2933 τὴν
317 2844 514 2928 domm·
475 2873 533 2930 της
554 2854 654 2959 θείας
680 2852 809 2933 γραφῆς
841 2847 876 2914 ἐκ
897 2855 996 2926 θείας
1019 2844 1183 2934 ῦινρεᾶς’
1166 2873 1241 2936 ηκρι-

196 2945 387 3029 τοβωκότες,
411 2946 469 3028 τῆς
484 2943 636 3058 φησάσης
654 2952 886 3028 Φαρισαίοις·
890 2942 958 3012 ὀῦκ
976 2946 1140 3014 οἴδατε
1105 2973 1165 3025 τας
1176 2970 1240 3042 γρο·

237 3041 319 3129 φὰς,
354 3035 431 3140 0555
458 3039 516 3128 την
546 3041 684 3124 δύναμιν
712 3046 771 3108 τοῦ
800 3046 912 3109 θεοῦ.
956 3043 1172 3127 ἐπιστάμεθα
1195 3043 1240 3108 οῦν

236 3139 349 3226 διττην
371 3129 472 3205 οῦσαν
496 3138 615 3223 ταύτην
637 3166 696 3227 την
720 3146 840 3221 σχίσιν,
863 3140 922 3226 τὴν
945 3134 1131 3228 άπόχρησιν
1154 3133 1225 3209 δὲ
1206 3160 1239 3214 ιτς

237 3233 306 3304 άπὸ
329 3232 515 3322 άνθριάπου
537 3237 760 3320 λαμβάνοντες
775 3238 860 3321 πρὸς
875 3237 1088 3322 παράστασιν
1104 3239 1238 3325 φράσεως

237 3335 407 3419 δηλοῦμεν.
458 3337 510 3400 καί
534 3335 595 3419 γὰρ
617 3338 670 3400 καί
694 3331 879 3419 ἀνθρώπου
908 3335 1003 3402 εἰκὼν
1032 3338 1173 3421 λέγεται,
1197 3332 1236 3399 τοὶ

196 3425 294 3511 τοοῦχ
324 3426 434 3512 ὁμοία.
479 3427 496 3517 ἡ
524 3433 584 3514 μὲν
606 3433 667 3517 γάρ
691 3432 762 3500 ἔστι
791 3432 848 3499 διὰ
867 3434 1052 3516 χρωμάτων
1081 3429 1236 3509 άπεαιοζο

235 3533 332 3612 μίνη,
361 3523 380 3613 ἡ
405 3530 440 3593 δὲ
463 3528 520 3594 διὰ
540 3533 598 3613 τῆς
618 3534 805 3616 γεννητικῆς
828 3524 1104 3616 ὁμοοσσιότητος,
1134 3527 1175 3610 ὡς
1193 3521 1236 3592 τοῦ

236 3630 438 3709 γεννωμένου
461 3625 532 3689 υἱοῦ
556 3626 641 3709 πρὸς
669 3627 727 3692 τὸν
756 3634 885 3712 πατέρα
906 3631 1192 3713 χαρακτηρίζοντος
1208 3617 1236 3685 ῐὸ

236 3729 343 3808 γένος,
378 3715 657 3804 άπεικανίσματος
679 3726 715 3791 δὲ·
738 3724 858 3791 λοιπὸν
882 3721 1115 3808 εὑρισκομένου
1140 3716 1236 3793 ταυτό-

236 3819 334 3907 τητός
356 3845 391 3885 τε
413 3823 466 3885 καὶ
483 3816 741 3908 ῦμοοισιότητος
756 3825 809 3887 καὶ
826 3822 1071 3904 ἔκτυπιῦματος.
1098 3828 1151 3892 καί
1166 3815 1256 3889 ἔσοι’Β

195 3913 315 4001 οοίμῖν
338 3912 357 3982 5
378 3916 555 4003 μονογενὴς
584 3917 654 3996 υίὸς
684 3923 744 3984 τοῦ
773 3924 857 3986 θεοῦ
895 3920 1016 3985 ταυτὸν
1043 3923 1104 4004 μὲν
1132 3925 1170 4009 τῇ
1194 3910 1236 3982 τοῦ

238 4014 367 4098 πατρὸς
388 4015 526 4101 θεότητι
547 4019 600 4082 καί
624 4011 711 4101 άξίᾳ,
745 4019 797 4081 καὶ
828 4018 902 4095 ’ίσος
930 4017 986 4084 διὰ
1014 4023 1074 4104 τῆς
1096 4013 1238 4106 ἀληθινῆς

239 4113 373 4190 είκῦνος,
403 4116 454 4179 καὶ
481 4108 673 4195 ὁμοιώσεως
695 4109 733 4178 οῦ
757 4116 1045 4201 παρηλλαγμένης,
1076 4110 1146 4183 ἀλλ’
1170 4110 1241 4183 άπα·
1287 4102 1291 4123 '

237 4209 432 4289 ραλλάκτου,
456 4205 502 4288 ιῦς
525 4209 594 4287 υίὸς
616 4211 650 4277 ίκ
663 4208 791 4292 πατρὸς
808 4208 979 4296 άληθινιῦς
1000 4217 1053 4280 καί
1075 4209 1244 4298 ῦμοουσίινς
