2867 5084
231 974 295 1036 220
461 985 664 1035 επιυινιον
682 984 778 1033 xm
795 982 1029 1034 ιινεεσονε.

230 1136 345 1222 ἰπειδη
374 1134 435 1221 γὰρ
465 1135 570 1202 ἰδύκει
600 1128 730 1221 εύτελής
756 1159 808 1211 τις
835 1143 907 1212 τοῖς
936 1129 1058 1216 δρῶσιν
1081 1126 1250 1210 ἀπίστοις,

230 1230 319 1319 αύτῷ
351 1235 388 1300 δὲ
416 1228 599 1316 εὐπρέπεια
627 1232 836 1316 λογιζομένη,
870 1230 926 1295 ἵνα
955 1231 1044 1316 δείξῃ
1077 1228 1117 1294 τὸ
1151 1223 1251 1296 αύτοῦ

232 1328 363 1412 ἰσχυρὸν
386 1329 442 1394 διὰ
463 1334 521 1415 τῆς
538 1329 696 1411 δοκούσης
712 1324 890 1405 ἀσθενείας
904 1330 962 1413 τῆς
978 1325 1108 1410 σαρκὸς,
1132 1350 1253 1409 καταρ-

215 1428 218 1433 ⁴
230 1430 309 1512 γοῦν
331 1425 387 1492 τὸυ
410 1425 448 1491 τύ
470 1426 590 1509 κράτος
612 1428 736 1507 ἔχοντα,
752 1428 810 1511 της
826 1420 988 1508 ἁμαρτίας
1003 1423 1114 1503 λύσας,
1139 1428 1252 1489 τουτέ-

208 1542 287 1590 5στι
308 1523 365 1589 τὸν
386 1522 553 1601 θάνατον,
577 1524 635 1609 την
658 1526 771 1588 πᾶσαν
795 1521 986 1604 οἰκονομίαν
1007 1524 1065 1608 τῆς
1088 1526 1292 1607 σωτηρίαςῖνι

231 1617 323 1708 ἡμῶν
352 1616 528 1704 εύπρεπῶς
556 1620 716 1706 ποιήσας,
747 1623 800 1685 καί
828 1619 887 1705 την
916 1618 1051 1705 φθοράν
1075 1612 1251 1704 ἀφανίσας,

231 1723 284 1785 καὶ
314 1719 371 1803 τὴν
399 1717 544 1798 κατάραν
567 1718 763 1798 ἐξαλείψας,
793 1718 846 1782 καὶ
870 1718 909 1782 τὸ
930 1711 1006 1782 καθ’
1032 1711 1124 1802 ἡμῶν
1146 1714 1250 1799 χειρό·

231 1840 369 1900 γράφον,
393 1817 447 1879 καὶ
469 1812 527 1900 τηῗν
550 1814 635 1896 πρὸς
657 1815 714 1879 τὸν
729 1809 849 1899 (Ἅιδην
872 1812 1035 1899 διαθήκην
1059 1812 1177 1890 λύσας,
1200 1815 1253 1877 καί

233 1912 344 1976 πάντα
366 1908 583 1997 οἰκονομήσας
600 1907 799 1994 ἀνθρώποις
814 1911 861 1988 εἰς
877 1916 1051 1996 σωτηρίαν.
1075 1904 1180 1988 εύθύς
1193 1908 1251 1994 γάρ

198 2007 315 2091 Ιομετά
336 2006 375 2072 τὸ
399 2008 506 2074 εἰπεῖν
530 2002 568 2070 “δ
590 2007 702 2090 κύριος
724 2008 943 2092 ἐβασίλευσεν,
968 2002 1172 2090 εύπρέπειαν
1188 2006 1252 2072 ἐνε-

234 2104 374 2172 δύσατο”
395 2111 604 2189 προστίθησι
627 2104 729 2170 πάλιν
754 2104 829 2170 Ηκαὶ
851 2106 1017 2186 δευτεροί”
1040 2106 1143 2189 λέγων
1167 2103 1251 2170 “kre-

234 2203 356 2270 δύσατο
379 2202 491 2285 κύριος
514 2202 651 2282 δύναμιν
673 2205 727 2267 καί
744 2203 999 2285 περιεζῶσατο,”
1021 2202 1076 2267 ἵνα
1103 2204 1193 2287 δείξῃ
1214 2198 1250 2265 τὸ

234 2304 368 2385 πρῶτον
392 2300 513 2382 ἔνδυμα
537 2295 606 2365 ἀπὸ
630 2305 777 2381 Μαρίας,
801 2298 916 2383 τηνδὶ
941 2299 1250 2384 ίπιδευτερουμίνην

234 2398 336 2464 πάλιν
365 2397 495 2464 ἔνδυσιν
524 2393 593 2462 ἀπὸ
621 2401 679 2482 τῆς
701 2394 914 2474 ἀναστάσεως
934 2400 1000 2461 τῶν
1023 2399 1154 2481 νεκρῶν.
1200 2396 1248 2461 καί

197 2493 294 2580 ιεγάρ
317 2494 528 2578 πρωτότοκος
551 2494 640 2560 ἐστιν
663 2494 697 2560 ἐκ
719 2497 785 2559 τῶν
808 2497 938 2575 νεκρῶν,
963 2489 1008 2570 ῶς
1030 2487 1123 2560 εἶπεν
1138 2489 1158 2580 ἡ
1175 2498 1270 2560 θείαν

234 2591 353 2678 γραφη.
385 2591 441 2656 διὰ
463 2595 560 2656 τοῦτο
584 2597 793 2676 προστίθησι
815 2592 916 2677 ταύτῃ
939 2593 978 2676 τῇ
1003 2591 1139 2677 δευτέρᾳ
1163 2589 1251 2658 ἐνδύ·

236 2713 288 2754 σει
315 2694 558 2771 περισσοτέραν
586 2688 661 2753 τινά
689 2683 893 2773 ἀσφάλειον,
927 2689 1028 2771 λέγων
1057 2686 1251 2754 “ἑνεδύσοτο

236 2785 347 2867 κύριος
370 2783 508 2865 δύναμιν
530 2787 582 2850 καί
607 2786 858 2867 περιεζῶσατο”.

321 2888 370 2946 67.
400 2878 526 2963 Ὥσπερ
560 2881 621 2965 γάρ
655 2878 673 2947 ὁ
707 2881 766 2947 ἰπὶ
797 2885 836 2968 τῇ
867 2876 972 2968 ὀσφύϊ
998 2880 1253 2964 διαζωννύμενος

197 2977 429 3064 νοίπισφίγγει
455 2980 493 3043 τὸ
523 2980 645 3060 ἔνδυμα
678 2979 733 3045 ἐπί
767 2980 826 3064 την
861 2974 983 3065 ὀσφύν,
1018 2978 1253 3062 περισσότερον

237 3079 377 3158 στερεῶν
399 3076 438 3140 τὸ
460 3071 548 3155 είδος
568 3079 621 3142 καί
645 3079 788 3142 συνενῶν
811 3080 857 3162 τῷ
878 3079 979 3158 χρωτὶ
995 3078 1041 3160 τῷ
1059 3076 1144 3162 ἰδίην,
1170 3073 1254 3142 ούτον

235 3173 274 3238 τὸ
303 3178 436 3257 πρῶτον
466 3170 667 3257 εύπρέπειαν
698 3173 754 3239 διὰ
776 3173 833 3258 τὴν
857 3174 1012 3255 ἓνσαρκον
1036 3172 1186 3238 ἐνταῦθα
1208 3174 1254 3240 ἰν·

237 3273 366 3356 δημίαν,
389 3271 428 3337 τὸ
451 3273 486 3338 δὲ
510 3272 670 3355 δεύτερον,
694 3273 788 3357 φησί,
813 3270 950 3351 δύναμιν
967 3268 1153 3348 ἐνεδύσατο,
1179 3265 1254 3336 ἀνο-

239 3368 318 3445 στὰς
346 3369 380 3435 ἰκ
401 3372 467 3434 τῶν
491 3372 624 3451 νεκρῶν·
654 3363 762 3432 ούκέτι
786 3368 832 3444 είς
855 3366 971 3445 πάθος
992 3361 1011 3452 ἡ
1036 3366 1255 3454 ἰνανθρῶπη-

199 3486 291 3541 μοις
320 3460 419 3530 αὐτοῦ
443 3467 585 3547 ἔρχεται,
617 3461 726 3530 ούκέτι
749 3465 796 3542 εἰς
816 3463 996 3548 μάστιγας,
1025 3459 1134 3530 ούκέτι
1156 3481 1276 3531 στου-Ε

238 3564 370 3644 ροῦται,
407 3556 451 3638 ῶς
486 3556 561 3628 είπε
593 3565 669 3644 περὶ
699 3557 800 3626 αἰτοῦ
831 3557 848 3625 ὁ
879 3557 1069 3639 ἀπόστολος
1099 3557 1254 3648 “άνέστη,

239 3653 347 3724 ούκέτι
381 3652 605 3744 ἀποθνήσκει,
639 3658 789 3736 θάνατος
821 3653 922 3724 αὐτοῦ
952 3655 1060 3724 ούκετι
1087 3659 1256 3740 κυριεύει”.

240 3755 296 3822 διά
317 3755 416 3822 τούτύ
440 3779 522 3842 φησι
545 3754 584 3820 τὸ
607 3754 808 3835 ’διεζώσατο
817 3761 842 3835 ”,
867 3754 1053 3834 συνενῶσας
1074 3754 1132 3840 τὴν
1156 3751 1257 3822 αύτού

239 3854 344 3937 σάρκα
367 3853 413 3931 είς
434 3859 514 3936 μίαν
538 3851 691 3937 θεότητα,
716 3852 763 3930 εἰς
784 3861 863 3935 μίαν
886 3854 1033 3940 ἑνότητα,
1058 3851 1104 3930 είς
1126 3858 1258 3937 πνεῦμα

200 3951 276 4020 3οτὸ
300 3950 415 4018 θεϊκὸν
436 3952 488 4015 καὶ
513 3948 709 4031 σωματικὸν,
734 3950 781 4028 εἰς
803 3953 836 4016 ἓν
859 3949 1081 4031 πνευματικὸν
1101 3951 1260 4034 τελούμε-

240 4071 296 4113 νον
322 4052 376 4114 καί
409 4048 453 4135 μὴ
477 4048 549 4130 ἕχον
571 4046 741 4124 διάλυσιν,
772 4042 816 4123 ῶς
839 4046 976 4132 εἰσῆλθε
999 4045 1119 4112 λοιπὸν
1142 4053 1259 4133 θυρῶν

240 4149 487 4227 κεκλεισμένων,
516 4142 557 4209 τά
585 4144 772 4226 παχυμερὲς
793 4143 1007 4227 λεπτομερὲς,
1037 4142 1076 4208 τὸ
1099 4145 1261 4231 παθητὸν

240 4235 390 4319 ἀπαθὲς,
419 4242 455 4325 ἰν
481 4241 577 4326 σαρκί
606 4237 806 4319 πεπονθῶς,
835 4244 942 4323 μένων
970 4243 1006 4307 δὲ
1029 4242 1062 4308 ἐν
1086 4235 1261 4333 ἀπαθείᾳ·
