2867 5084
588 962 707 1017 mm,
727 967 916 1016 ΑΝΟΜΟΙΟΙ.
1201 957 1259 1017 441

241 1117 281 1182 δὲ
304 1115 415 1182 πολλὰ
438 1110 610 1201 ἆγέννητα,
649 1111 905 1201 ἀπαράλλακτον
934 1119 1045 1196 ἕξουσι
1066 1118 1125 1204 τὴν
1153 1119 1265 1205 φύσιν.

243 1210 283 1279 οὐ
307 1213 367 1297 γὰρ
390 1207 430 1278 (ἐν
457 1213 500 1299 μὴ
531 1212 764 1299 ἀποκληρώσει
796 1215 927 1300 φύσεώς
954 1240 1045 1294 τινος
1071 1220 1183 1282 κοινοῦ
1211 1216 1266 1282 καὶ

244 1311 334 1376 ίδίου
356 1312 574 1395 μετειληφυῖα
597 1308 616 1397 ἦ
639 1314 699 1395 μὲν
724 1312 842 1389 ἐποίει,
865 1308 884 1398 ἡ
909 1315 944 1378 δέ
968 1313 1100 1397 ἐγίνετο.

185 1421 234 1471 382
328 1403 526 1493 Ἀνατροπή.
557 1411 676 1528 Πάσης
699 1411 808 1486 αίτίας
829 1410 981 1495 ἐξῄρηται
998 1405 1267 1496 ὁμολογουμένως

240 1504 282 1570 τὸ
306 1499 489 1589 ἀγέννητον,
521 1502 649 1572 (515'22‘
631 1533 664 1572 εν
687 1507 759 1573 ἐστι
780 1507 818 1572 τὸ
843 1504 1016 1593 ἀγέννητον
1044 1534 1098 1573 και
1122 1533 1267 1593 προσκυ-
1251 1527 1290 1575 -5

241 1602 351 1687 νητὸν,
386 1603 615 1685 διαιρουμένου
638 1630 697 1669 του
720 1609 948 1726 προσκυνητοῦ
979 1600 1047 1670 ἀπὸ
1070 1609 1136 1671 τῶν
1159 1630 1267 1706 προσ-

240 1699 448 1821 κυνούντωγ,
473 1701 776 1818 προσκυνητηδέ’
763 1726 852 1767 εστιν
875 1699 893 1787 ἡ
916 1702 1020 1786 τριὰς,
1054 1704 1158 1817 μονὰς
1183 1728 1266 1769 ουσα

238 1799 297 1863 καὶ
333 1796 366 1863 ἐν
401 1797 450 1863 ἑνὶ
484 1792 622 1878 ὀνόματι
658 1794 885 1885 ἀριθμουμένη
921 1825 1031 1883 τριας,
1070 1801 1179 1885 πατὴρ
1212 1804 1266 1866 καὶ

240 1894 316 1971 υἱὸς
347 1897 399 1959 καὶ
431 1890 524 1979 ἅγιον
554 1899 698 1977 πνεῦμα,
736 1891 793 1961 οὐκ
822 1892 998 1981 ἀλλότριον
1026 1897 1064 1963 τὸ
1093 1899 1210 1984 ἑαυτῆς
1232 1898 1267 1964 ἐν

241 1993 343 2077 ἑαυτῇ
366 1999 548 2078 κεκτημένη,
584 1991 667 2059 ἀλλὰ
691 1995 956 2077 συμπρεπόυτως
978 1996 1087 2080 πατὴρ
1110 1996 1267 2080 γεννήσας
1279 2011 1306 2058 ιθ

240 2089 316 2156 υἱὸν
345 2088 399 2154 καὶ
429 2084 468 2153 οὗ
490 2098 612 2168 κτίσας.
661 2090 782 2174 τὸμὲν
809 2092 870 2176 γάρ
900 2092 990 2158 ἐστιν
1023 2093 1058 2170 ἐξ
1085 2088 1185 2157 αὐτοῦ
1215 2089 1267 2158 ἀεὶ

239 2190 300 2252 τοῦ
324 2186 524 2271 γεννήτορας,
553 2189 605 2253 διὸ
628 2188 667 2253 τὸ
689 2196 831 2274 γέννημα
853 2189 886 2255 ἐκ
909 2193 967 2253 τοῦ
991 2187 1086 2265 ὄντος
1109 2189 1188 2265 ἐστὶ,
1213 2193 1266 2254 καὶ

207 2284 279 2351 Βτὸ
302 2283 338 2362 ἐξ
360 2278 461 2349 αὐτοῦ
485 2285 621 2363 ἐξελθὸν
645 2282 740 2370 ἅγιον
763 2290 904 2368 πνεῦμα,
929 2284 1029 2371 οὔσης
1051 2289 1109 2371 τῆς
1130 2286 1267 2367 τριάδος

239 2382 274 2448 ἐν
299 2384 360 2467 μιᾷ
383 2381 512 2468 ἐνὸτητι
535 2377 687 2468 ἆκτίστηι,
724 2387 790 2448 τῶν
814 2385 849 2447 δὲ
872 2383 1008 2448 πάντων
1031 2383 1066 2461 ἐξ
1088 2379 1187 2468 αὐτῆς
1209 2387 1267 2467 τῆς

238 2479 376 2562 τριάδος
399 2479 435 2557 ἐξ
456 2475 512 2544 ουκ
537 2478 641 2545 ὄντων
664 2486 897 2562 κεκτισμένων·
933 2476 1014 2547 ὅθεν
1043 2477 1062 2566 ἡ
1086 2488 1147 2562 μία
1172 2480 1266 2564 τριὰς
1279 2493 1305 2542 15

240 2572 288 2654 εἷς
312 2576 383 2642 ἐστι
406 2576 497 2655 θεὸς,
532 2576 642 2662 πατὴρ
666 2580 718 2642 καὶ
745 2577 815 2655 υἱὸς
837 2581 890 2643 καί
915 2576 1009 2662 ἅγιον
1031 2582 1172 2661 πνεῦμα,
1208 2576 1265 2644 οέκ

241 2668 417 2757 ἀλλότριον
433 2672 471 2739 τὸ
488 2674 604 2759 ἑαυτῆς
620 2676 653 2740 ἐν
670 2674 768 2761 ἑαυτῇ
785 2682 970 2762 κεκτημένη,
995 2674 1156 2753 ἄκτιστος,
1174 2671 1268 2759 ἀγέν-

240 2795 354 2855 νητος,
397 2767 671 2888 ἆδηγιισύργητος,
716 2773 811 2855 τριὰς
845 2771 883 2839 οὐ
917 2782 1141 2896 πεποιημένη,
1183 2770 1267 2840 ἀλλὰ

240 2872 399 2946 ποιοῦσα,
430 2892 468 2934 ου
499 2877 677 2952 κτίσματος
701 2867 806 2954 ὄνομα
837 2872 955 2955 ἐχοοσα
978 2872 1011 2938 ἐν
1034 2873 1149 2958 ἐουτῃ,
1183 2869 1267 2939 ἀλλὰ

239 2965 406 3047 κτιζουσα,
439 2974 501 3049 μία
531 2970 614 3033 οὐσα
651 2969 705 3034 καὶ
736 2965 773 3034 οὗ
797 2973 930 3086 πολλαί.
968 2970 1010 3035 τὰ
1032 2972 1068 3036 δὲ
1091 2971 1202 3035 πάντα
1233 2972 1306 3048 εξλθ

238 3060 341 3149 ουτῐγς
365 3065 475 3130 πολλὰ
496 3064 599 3148 μέν’
580 3091 668 3142 οντα,
694 3061 762 3131 αλλ’
790 3063 827 3131 οὗ
852 3091 910 3132 σον
927 3062 1006 3151 αντη
992 3063 1265 3149 Ηᾶριθμσιμεηνα

236 3162 290 3228 διὸ
322 3158 400 3227 οὔτε
430 3156 700 3247 ἀποκεκλήρωται
734 3165 829 3249 ἑτέρᾳ
864 3164 961 3248 φύσει
991 3162 1181 3245 κοινότητος
1210 3168 1268 3248 τῆς

203 3257 357 3335 cassulae
378 3261 436 3342 τῆς
459 3254 663 3344 ἀσυγκρίτου.
710 3261 766 3325 διὰ
794 3264 892 3325 τοῦτο
914 3259 975 3344 γὰρ
1012 3255 1049 3322 οὐ
1072 3259 1185 3331 κτιστή
1217 3286 1268 3338 τις

227 3348 323 3423 οὖσα
347 3355 382 3420 έν
404 3359 443 3441 τῇ
467 3360 525 3421 τοῦ
549 3361 633 3423 θεοῦ
663 3353 761 3442 οὐσίᾳ
791 3357 906 3443 φύσις,
942 3352 1025 3420 ἀλλὰ
1054 3357 1266 3444 δημιουργικίγ

216 3461 300 3524 τῶν
328 3451 466 3518 πάντων
488 3457 553 3519 τῶν
577 3449 614 3519 ου’·
640 3456 828 3536 δυναμένων
852 3480 891 3539 τη
916 3449 1097 3538 ἆσσγκρίτῳ
1130 3459 1183 3520 καὶ
1206 3460 1307 3543 μιᾷλδ

216 3550 339 3637 οὐσίᾳ
362 3550 491 3633 πατρὸς
513 3555 566 3617 καί
590 3552 663 3617 υἱοῦ
686 3555 739 3617 καὶ
764 3548 858 3634 ἁγίου
882 3551 1070 3631 πνευματος
1090 3546 1267 3635 δμοουσιό-

206 3665 311 3762 τητι
335 3645 654 3733 ἐπικοινωνῆσον,ῐ
631 3675 675 3725 ους
699 3650 809 3734 σαφης
832 3649 903 3714 ἐστι
925 3652 971 3712 τιῗι
994 3648 1053 3734 τὴν
1074 3654 1194 3734 γνῶσιν
1210 3654 1268 3736 τῆς

204 3735 405 3834 ἀληθείας
439 3745 591 3832 ειληφότι
625 3740 926 3823 ἇποκαλυπτσυσο,
972 3742 1024 3811 ὅτι
1066 3743 1146 3831 αυτη
1182 3748 1266 3832 μόνη

195 3851 489 3956 2ιροσκυνεῖται,
512 3845 565 3908 καλ
590 3837 626 3907 οὗ
651 3844 691 3908 τὰ
714 3843 842 3920 πάντα,
869 3838 914 3919 ὠς
935 3847 989 3907 καί
1013 3869 1126 3928 αυτηγ
1115 3844 1198 3928 μόνη
1222 3845 1269 3920 εἰς

196 3957 347 4026 ονομα
370 3937 489 4024 ἑαυτῆς
511 3941 676 4023 βαπτίζει,
700 3967 753 4006 και
778 3936 816 4004 οὗ
839 3939 881 4004 τὰ
907 3934 977 4003 ὅλα.
1278 3954 1309 4003 :³0

325 4034 394 4101 λδ.
431 4035 473 4102 Εί
501 4039 597 4101 πᾶσα
626 4045 724 4104 ουσια
753 4038 842 4104 εστίν
867 4033 1054 4119 ἀγέννητος,
1086 4031 1200 4101 οὐδΗ
1184 4061 1270 4101 οπο-

189 4145 317 4245 τέρα
348 4133 472 4201 διοίσει
502 4136 561 4219 τῆς
584 4130 684 4220 ἄλλης
712 4135 795 4201 κατὰ
817 4135 855 4199 τὸ
879 4129 1076 4199 ἀδέσποτον.
1115 4136 1189 4210 πῶς
1211 4124 1269 4199 οὖν

195 4221 271 4298 ἂν
296 4253 354 4309 τις
378 4236 461 4317 φαίη
484 4256 588 4317 τηνμ
565 4231 931 4316 μνμεταβάλλεσθαι,
967 4229 1025 4314 τὴν
1048 4231 1084 4296 δὲ
1105 4231 1270 4365 μεταβάλ-
