<?xml version="1.0" encoding="UTF-8"?>
<!DOCTYPE html PUBLIC "-//W3C//DTD XHTML 1.0 Transitional//EN"
    "http://www.w3.org/TR/xhtml1/DTD/xhtml1-transitional.dtd">
<html xmlns="http://www.w3.org/1999/xhtml" xml:lang="en" lang="en">
 <head>
  <title>
</title>
<meta http-equiv="Content-Type" content="text/html;charset=utf-8" />
  <meta name='ocr-system' content='tesseract 3.04.00' />
  <meta name='ocr-capabilities' content='ocr_page ocr_carea ocr_par ocr_line ocrx_word'/>
</head>
<body>
  <div class='ocr_page' id='page_1' title='image "./opera01dindgoog_0117.png"; bbox 0 0 2867 5084; ppageno 0'>
   <div class='ocr_carea' id='block_1_1' title="bbox 581 943 1251 1008">
    <p class='ocr_par' dir='ltr' id='par_1_1' title="bbox 581 943 1251 1008">
     <span class='ocr_line' id='line_1_1' title="bbox 581 943 1251 1008; baseline 0.003 -2"><span class='ocrx_word' id='word_1_1' title='bbox 581 955 675 1007; x_wconf 79' lang='grc' dir='ltr'><em>ικνι.</em></span> <span class='ocrx_word' id='word_1_2' title='bbox 694 956 900 1008; x_wconf 70' lang='lat' dir='ltr'><em>mmmm.</em></span> <span class='ocrx_word' id='word_1_3' title='bbox 1210 943 1251 1008; x_wconf 77' lang='grc'><em>87</em></span> 
     </span>
    </p>
   </div>
   <div class='ocr_carea' id='block_1_2' title="bbox 185 1099 1291 4310">
    <p class='ocr_par' dir='ltr' id='par_1_2' title="bbox 229 1099 1275 1683">
     <span class='ocr_line' id='line_1_2' title="bbox 229 1099 1253 1193; baseline 0.001 -22"><span class='ocrx_word' id='word_1_4' title='bbox 229 1104 333 1190; x_wconf 83' lang='grc' dir='ltr'><em>σύνη·</em></span> <span class='ocrx_word' id='word_1_5' title='bbox 357 1099 394 1171; x_wconf 89' lang='grc' dir='ltr'><em>οῦ</em></span> <span class='ocrx_word' id='word_1_6' title='bbox 418 1105 555 1174; x_wconf 87' lang='grc' dir='ltr'><em>δύναται</em></span> <span class='ocrx_word' id='word_1_7' title='bbox 577 1107 611 1175; x_wconf 81' lang='grc' dir='ltr'><em>έκ</em></span> <span class='ocrx_word' id='word_1_8' title='bbox 632 1117 782 1192; x_wconf 82' lang='grc' dir='ltr'><em>μοιχείας</em></span> <span class='ocrx_word' id='word_1_9' title='bbox 804 1109 941 1187; x_wconf 74' lang='grc' dir='ltr'><em>ἔπαινος</em></span> <span class='ocrx_word' id='word_1_10' title='bbox 962 1113 1128 1193; x_wconf 85' lang='grc' dir='ltr'><em>γενέσθαι.</em></span> <span class='ocrx_word' id='word_1_11' title='bbox 1172 1103 1253 1175; x_wconf 80' lang='grc' dir='ltr'><em>αὐτὸ</em></span> 
     </span>
     <span class='ocr_line' id='line_1_3' title="bbox 230 1199 1253 1291; baseline 0.002 -23"><span class='ocrx_word' id='word_1_12' title='bbox 230 1201 296 1287; x_wconf 82' lang='grc' dir='ltr'><em>γὰρ</em></span> <span class='ocrx_word' id='word_1_13' title='bbox 319 1203 438 1287; x_wconf 81' lang='grc' dir='ltr'><em>τὸτῆς</em></span> <span class='ocrx_word' id='word_1_14' title='bbox 461 1199 622 1290; x_wconf 79' lang='grc' dir='ltr'><em>ἁμαρτίας</em></span> <span class='ocrx_word' id='word_1_15' title='bbox 645 1207 779 1290; x_wconf 77' lang='grc' dir='ltr'><em>δένδρον</em></span> <span class='ocrx_word' id='word_1_16' title='bbox 802 1200 840 1271; x_wconf 88' lang='grc' dir='ltr'><em>ού</em></span> <span class='ocrx_word' id='word_1_17' title='bbox 864 1206 999 1273; x_wconf 88' lang='grc' dir='ltr'><em>δύναται</em></span> <span class='ocrx_word' id='word_1_18' title='bbox 1022 1200 1062 1271; x_wconf 78' lang='grc' dir='ltr'><em>δι’</em></span> <span class='ocrx_word' id='word_1_19' title='bbox 1084 1202 1253 1291; x_wconf 83' lang='grc' dir='ltr'><em>ἇγαθότη-</em></span> 
     </span>
     <span class='ocr_line' id='line_1_4' title="bbox 231 1298 1254 1389; baseline 0.004 -24"><span class='ocrx_word' id='word_1_20' title='bbox 231 1323 292 1378; x_wconf 86' lang='grc' dir='ltr'><em>τος</em></span> <span class='ocrx_word' id='word_1_21' title='bbox 313 1307 486 1385; x_wconf 85' lang='grc' dir='ltr'><em>γενέσθαι,</em></span> <span class='ocrx_word' id='word_1_22' title='bbox 510 1310 679 1371; x_wconf 76' lang='grc' dir='ltr'><strong><em>τουτέστιν</em></strong></span> <span class='ocrx_word' id='word_1_23' title='bbox 702 1298 740 1368; x_wconf 85' lang='grc' dir='ltr'><em>ού</em></span> <span class='ocrx_word' id='word_1_24' title='bbox 756 1313 850 1369; x_wconf 88' lang='grc' dir='ltr'><em>ποιεῖ</em></span> <span class='ocrx_word' id='word_1_25' title='bbox 866 1304 998 1388; x_wconf 81' lang='grc' dir='ltr'><em>δένδρον</em></span> <span class='ocrx_word' id='word_1_26' title='bbox 1014 1303 1159 1389; x_wconf 84' lang='grc' dir='ltr'><em>πονηρὸν</em></span> <span class='ocrx_word' id='word_1_27' title='bbox 1174 1327 1254 1386; x_wconf 86' lang='grc' dir='ltr'><em>καρ·</em></span> 
     </span>
     <span class='ocr_line' id='line_1_5' title="bbox 233 1392 1253 1487; baseline 0.003 -25"><span class='ocrx_word' id='word_1_28' title='bbox 233 1398 321 1476; x_wconf 83' lang='grc' dir='ltr'><em>ποῦς</em></span> <span class='ocrx_word' id='word_1_29' title='bbox 343 1392 501 1484; x_wconf 78' lang='grc' dir='ltr'><em>ἀγαθούς,</em></span> <span class='ocrx_word' id='word_1_30' title='bbox 524 1394 600 1467; x_wconf 83' lang='grc' dir='ltr'><em>οῦδὲ</em></span> <span class='ocrx_word' id='word_1_31' title='bbox 623 1395 753 1486; x_wconf 77' lang='grc' dir='ltr'><em>ἀγαθοῦ</em></span> <span class='ocrx_word' id='word_1_32' title='bbox 777 1400 911 1485; x_wconf 80' lang='grc' dir='ltr'><em>δένδρου</em></span> <span class='ocrx_word' id='word_1_33' title='bbox 925 1400 1072 1485; x_wconf 86' lang='grc' dir='ltr'><em>καρποὺς</em></span> <span class='ocrx_word' id='word_1_34' title='bbox 1087 1399 1253 1487; x_wconf 85' lang='grc' dir='ltr'><em>πονηρούς</em></span> 
     </span>
     <span class='ocr_line' id='line_1_6' title="bbox 233 1492 1275 1584; baseline 0.001 -23"><span class='ocrx_word' id='word_1_35' title='bbox 233 1501 403 1580; x_wconf 83' lang='grc' dir='ltr'><em>γενέσθαι.</em></span> <span class='ocrx_word' id='word_1_36' title='bbox 444 1492 515 1562; x_wconf 74' lang='grc' dir='ltr'><em>οἷον</em></span> <span class='ocrx_word' id='word_1_37' title='bbox 537 1496 575 1563; x_wconf 88' lang='grc' dir='ltr'><em>τὸ</em></span> <span class='ocrx_word' id='word_1_38' title='bbox 599 1493 727 1584; x_wconf 75' lang='grc' dir='ltr'><em>ἀγαθὸν</em></span> <span class='ocrx_word' id='word_1_39' title='bbox 750 1499 883 1583; x_wconf 82' lang='grc' dir='ltr'><em>δένδρον</em></span> <span class='ocrx_word' id='word_1_40' title='bbox 904 1497 943 1564; x_wconf 86' lang='grc' dir='ltr'><em>τὸ</em></span> <span class='ocrx_word' id='word_1_41' title='bbox 964 1497 1008 1582; x_wconf 80' lang='grc' dir='ltr'><em>μὴ</em></span> <span class='ocrx_word' id='word_1_42' title='bbox 1031 1501 1152 1564; x_wconf 89' lang='grc' dir='ltr'><em>ποιοῦν</em></span> <span class='ocrx_word' id='word_1_43' title='bbox 1173 1513 1275 1582; x_wconf 82' lang='grc' dir='ltr'><em>καρ-5</em></span> 
     </span>
     <span class='ocr_line' id='line_1_7' title="bbox 234 1590 1250 1683; baseline 0.005 -26"><span class='ocrx_word' id='word_1_44' title='bbox 234 1592 322 1671; x_wconf 85' lang='grc' dir='ltr'><em>ποῦς</em></span> <span class='ocrx_word' id='word_1_45' title='bbox 344 1594 508 1680; x_wconf 85' lang='grc' dir='ltr'><em>πονηρούς</em></span> <span class='ocrx_word' id='word_1_46' title='bbox 531 1597 699 1678; x_wconf 83' lang='grc' dir='ltr'><em>ξενοδοχία</em></span> <span class='ocrx_word' id='word_1_47' title='bbox 720 1602 888 1682; x_wconf 75' lang='grc' dir='ltr'><em>γινομένη,</em></span> <span class='ocrx_word' id='word_1_48' title='bbox 914 1593 973 1662; x_wconf 78' lang='grc' dir='ltr'><em>κόν</em></span> <span class='ocrx_word' id='word_1_49' title='bbox 995 1621 1030 1662; x_wconf 87' lang='grc' dir='ltr'><em>τε</em></span> <span class='ocrx_word' id='word_1_50' title='bbox 1053 1591 1116 1662; x_wconf 78' lang='grc' dir='ltr'><em>ὅσα</em></span> <span class='ocrx_word' id='word_1_51' title='bbox 1138 1590 1250 1683; x_wconf 80' lang='grc' dir='ltr'><em>ἇποβῇ</em></span> 
     </span>
    </p>

    <p class='ocr_par' dir='ltr' id='par_1_3' title="bbox 187 1684 1250 1975">
     <span class='ocr_line' id='line_1_8' title="bbox 187 1684 1250 1780; baseline 0.002 -25"><span class='ocrx_word' id='word_1_52' title='bbox 187 1684 305 1760; x_wconf 77' lang='grc' dir='ltr'><em>θῖοᾶπὸ</em></span> <span class='ocrx_word' id='word_1_53' title='bbox 334 1694 392 1776; x_wconf 76' lang='grc' dir='ltr'><em>τῆς</em></span> <span class='ocrx_word' id='word_1_54' title='bbox 422 1694 622 1775; x_wconf 79' lang='grc' dir='ltr'><em>ξενοδοχίας,</em></span> <span class='ocrx_word' id='word_1_55' title='bbox 653 1690 709 1776; x_wconf 86' lang='grc' dir='ltr'><em>οῦχ</em></span> <span class='ocrx_word' id='word_1_56' title='bbox 739 1695 844 1761; x_wconf 69' lang='grc' dir='ltr'><em>ἕνεκεν</em></span> <span class='ocrx_word' id='word_1_57' title='bbox 872 1690 1079 1780; x_wconf 89' lang='grc' dir='ltr'><em>φαυλότητος</em></span> <span class='ocrx_word' id='word_1_58' title='bbox 1106 1693 1171 1775; x_wconf 68' lang='grc' dir='ltr'><em>ἔχει</em></span> <span class='ocrx_word' id='word_1_59' title='bbox 1192 1692 1250 1780; x_wconf 76' lang='grc' dir='ltr'><em>τὴν</em></span> 
     </span>
     <span class='ocr_line' id='line_1_9' title="bbox 236 1786 1250 1878; baseline 0.004 -26"><span class='ocrx_word' id='word_1_60' title='bbox 236 1787 391 1871; x_wconf 90' lang='grc' dir='ltr'><em>δύναμιν,</em></span> <span class='ocrx_word' id='word_1_61' title='bbox 423 1789 637 1878; x_wconf 72' lang='grc' dir='ltr'><em>ἐλεημοσύνη,</em></span> <span class='ocrx_word' id='word_1_62' title='bbox 667 1786 780 1876; x_wconf 77' lang='grc' dir='ltr'><em>ἁγνεία</em></span> <span class='ocrx_word' id='word_1_63' title='bbox 803 1790 859 1857; x_wconf 87' lang='grc' dir='ltr'><em>διὰ</em></span> <span class='ocrx_word' id='word_1_64' title='bbox 881 1789 979 1870; x_wconf 87' lang='grc' dir='ltr'><em>θεὸν,</em></span> <span class='ocrx_word' id='word_1_65' title='bbox 1004 1790 1172 1876; x_wconf 73' lang='grc' dir='ltr'><em>ἐγκράτεια</em></span> <span class='ocrx_word' id='word_1_66' title='bbox 1195 1790 1250 1857; x_wconf 84' lang='grc' dir='ltr'><em>διὰ</em></span> 
     </span>
     <span class='ocr_line' id='line_1_10' title="bbox 235 1886 993 1975; baseline 0.005 -26"><span class='ocrx_word' id='word_1_67' title='bbox 235 1886 293 1950; x_wconf 90' lang='grc' dir='ltr'><em>τὸν</em></span> <span class='ocrx_word' id='word_1_68' title='bbox 316 1886 490 1973; x_wconf 78' lang='grc' dir='ltr'><em>δεσπότην,</em></span> <span class='ocrx_word' id='word_1_69' title='bbox 515 1888 703 1975; x_wconf 89' lang='grc' dir='ltr'><em>δικαιοσύνη</em></span> <span class='ocrx_word' id='word_1_70' title='bbox 728 1888 836 1956; x_wconf 87' lang='grc' dir='ltr'><em>διὰ</em></span> <span class='ocrx_word' id='word_1_71' title='bbox 804 1913 861 1954; x_wconf 88' lang='grc' dir='ltr'><em>τον</em></span> <span class='ocrx_word' id='word_1_72' title='bbox 884 1887 993 1972; x_wconf 89' lang='grc' dir='ltr'><em>νόμον.</em></span> 
     </span>
    </p>

    <p class='ocr_par' dir='ltr' id='par_1_4' title="bbox 232 1985 1289 2557">
     <span class='ocr_line' id='line_1_11' title="bbox 324 1985 1289 2071; baseline 0.001 -23"><span class='ocrx_word' id='word_1_73' title='bbox 324 1987 437 2049; x_wconf 87' lang='grc' dir='ltr'><em>Ταῦτα</em></span> <span class='ocrx_word' id='word_1_74' title='bbox 465 1985 507 2051; x_wconf 84' lang='grc' dir='ltr'><em>τὰ</em></span> <span class='ocrx_word' id='word_1_75' title='bbox 534 1985 591 2051; x_wconf 89' lang='grc' dir='ltr'><em>δύο</em></span> <span class='ocrx_word' id='word_1_76' title='bbox 622 1988 739 2071; x_wconf 85' lang='grc' dir='ltr'><em>δένδρα</em></span> <span class='ocrx_word' id='word_1_77' title='bbox 767 1989 843 2070; x_wconf 72' lang='grc' dir='ltr'><em>περὶ</em></span> <span class='ocrx_word' id='word_1_78' title='bbox 867 1985 1075 2071; x_wconf 80' lang='grc' dir='ltr'><em>δικαιοσύνης</em></span> <span class='ocrx_word' id='word_1_79' title='bbox 1096 2011 1149 2052; x_wconf 91' lang='grc' dir='ltr'><em>και</em></span> <span class='ocrx_word' id='word_1_80' title='bbox 1173 2012 1248 2070; x_wconf 87' lang='grc' dir='ltr'><em>περι</em></span> <span class='ocrx_word' id='word_1_81' title='bbox 1262 2000 1289 2049; x_wconf 82' lang='lat'><em>1⁰</em></span> 
     </span>
     <span class='ocr_line' id='line_1_12' title="bbox 235 2073 1251 2167; baseline 0.002 -21"><span class='ocrx_word' id='word_1_82' title='bbox 235 2076 400 2163; x_wconf 75' lang='grc' dir='ltr'><em>ἁμαρτίας</em></span> <span class='ocrx_word' id='word_1_83' title='bbox 421 2086 537 2148; x_wconf 88' lang='grc' dir='ltr'><em>τοῦτον</em></span> <span class='ocrx_word' id='word_1_84' title='bbox 560 2084 625 2165; x_wconf 85' lang='grc' dir='ltr'><em>ε’χει</em></span> <span class='ocrx_word' id='word_1_85' title='bbox 646 2082 703 2149; x_wconf 88' lang='grc' dir='ltr'><em>τὸν</em></span> <span class='ocrx_word' id='word_1_86' title='bbox 725 2082 860 2167; x_wconf 81' lang='grc' dir='ltr'><em>τρόπον.</em></span> <span class='ocrx_word' id='word_1_87' title='bbox 892 2087 969 2167; x_wconf 86' lang='grc' dir='ltr'><em>περὶ</em></span> <span class='ocrx_word' id='word_1_88' title='bbox 993 2073 1078 2149; x_wconf 83' lang='grc' dir='ltr'><em>δὲ</em></span> <span class='ocrx_word' id='word_1_89' title='bbox 1051 2109 1096 2148; x_wconf 91' lang='grc' dir='ltr'><em>ων</em></span> <span class='ocrx_word' id='word_1_90' title='bbox 1119 2073 1251 2162; x_wconf 83' lang='grc' dir='ltr'><em>οῦτοςό</em></span> 
     </span>
     <span class='ocr_line' id='line_1_13' title="bbox 232 2178 1251 2266; baseline 0.003 -22"><span class='ocrx_word' id='word_1_91' title='bbox 232 2178 402 2263; x_wconf 83' lang='grc' dir='ltr'><em>βάρβαρος</em></span> <span class='ocrx_word' id='word_1_92' title='bbox 424 2179 542 2266; x_wconf 81' lang='grc' dir='ltr'><em>Μάνης</em></span> <span class='ocrx_word' id='word_1_93' title='bbox 565 2181 757 2259; x_wconf 84' lang='grc' dir='ltr'><em>διανοεῖται,</em></span> <span class='ocrx_word' id='word_1_94' title='bbox 781 2184 859 2265; x_wconf 80' lang='grc' dir='ltr'><em>περὶ</em></span> <span class='ocrx_word' id='word_1_95' title='bbox 880 2184 963 2246; x_wconf 84' lang='grc' dir='ltr'><em>θεοῦ</em></span> <span class='ocrx_word' id='word_1_96' title='bbox 978 2180 1133 2264; x_wconf 82' lang='grc' dir='ltr'><em>βούλεται</em></span> <span class='ocrx_word' id='word_1_97' title='bbox 1147 2182 1251 2265; x_wconf 90' lang='grc' dir='ltr'><em>λέγειν</em></span> 
     </span>
     <span class='ocr_line' id='line_1_14' title="bbox 234 2274 1251 2364; baseline 0.003 -23"><span class='ocrx_word' id='word_1_98' title='bbox 234 2275 389 2361; x_wconf 79' lang='grc' dir='ltr'><em>καὶπερὶ</em></span> <span class='ocrx_word' id='word_1_99' title='bbox 412 2281 470 2342; x_wconf 90' lang='grc' dir='ltr'><em>τοῦ</em></span> <span class='ocrx_word' id='word_1_100' title='bbox 494 2279 660 2364; x_wconf 87' lang='grc' dir='ltr'><em>διαβόλου.</em></span> <span class='ocrx_word' id='word_1_101' title='bbox 703 2282 757 2343; x_wconf 81' lang='grc' dir='ltr'><em>καλ</em></span> <span class='ocrx_word' id='word_1_102' title='bbox 782 2274 835 2343; x_wconf 80' lang='grc' dir='ltr'><em>ὅτι</em></span> <span class='ocrx_word' id='word_1_103' title='bbox 858 2282 934 2362; x_wconf 82' lang='grc' dir='ltr'><em>περὶ</em></span> <span class='ocrx_word' id='word_1_104' title='bbox 957 2280 1041 2343; x_wconf 88' lang='grc' dir='ltr'><em>θεοῦ</em></span> <span class='ocrx_word' id='word_1_105' title='bbox 1065 2274 1173 2356; x_wconf 81' lang='grc' dir='ltr'><em>σε’·δεὶς</em></span> <span class='ocrx_word' id='word_1_106' title='bbox 1195 2278 1251 2343; x_wconf 72' lang='grc' dir='ltr'><em>δύ</em></span> 
     </span>
     <span class='ocr_line' id='line_1_15' title="bbox 236 2372 1251 2461; baseline 0.002 -23"><span class='ocrx_word' id='word_1_107' title='bbox 236 2399 335 2440; x_wconf 87' lang='grc' dir='ltr'><em>ναται</em></span> <span class='ocrx_word' id='word_1_108' title='bbox 355 2374 519 2459; x_wconf 78' lang='grc' dir='ltr'><em>τολμῆσαι</em></span> <span class='ocrx_word' id='word_1_109' title='bbox 540 2377 593 2440; x_wconf 82' lang='grc' dir='ltr'><em>καὶ</em></span> <span class='ocrx_word' id='word_1_110' title='bbox 617 2376 724 2442; x_wconf 80' lang='grc' dir='ltr'><em>εἰπεῖν</em></span> <span class='ocrx_word' id='word_1_111' title='bbox 748 2372 800 2439; x_wconf 83' lang='grc' dir='ltr'><em>ὅτι</em></span> <span class='ocrx_word' id='word_1_112' title='bbox 821 2374 919 2440; x_wconf 85' lang='grc' dir='ltr'><em>κακὸν</em></span> <span class='ocrx_word' id='word_1_113' title='bbox 940 2374 1075 2460; x_wconf 79' lang='grc' dir='ltr'><em>ποιησει</em></span> <span class='ocrx_word' id='word_1_114' title='bbox 1090 2376 1183 2452; x_wconf 81' lang='grc' dir='ltr'><em>ποτὲ,</em></span> <span class='ocrx_word' id='word_1_115' title='bbox 1206 2375 1251 2461; x_wconf 83' lang='grc' dir='ltr'><em>μὴ</em></span> 
     </span>
     <span class='ocr_line' id='line_1_16' title="bbox 236 2466 1289 2557; baseline -0.002 -21"><span class='ocrx_word' id='word_1_116' title='bbox 236 2477 380 2556; x_wconf 81' lang='grc' dir='ltr'><em>γένοιτο,</em></span> <span class='ocrx_word' id='word_1_117' title='bbox 411 2466 487 2537; x_wconf 79' lang='grc' dir='ltr'><em>οῦδὲΙ</em></span> <span class='ocrx_word' id='word_1_118' title='bbox 517 2475 593 2555; x_wconf 80' lang='grc' dir='ltr'><em>περὶ</em></span> <span class='ocrx_word' id='word_1_119' title='bbox 620 2476 679 2538; x_wconf 87' lang='grc' dir='ltr'><em>τοῦ</em></span> <span class='ocrx_word' id='word_1_120' title='bbox 712 2471 885 2555; x_wconf 90' lang='grc' dir='ltr'><em>διαβόλου,</em></span> <span class='ocrx_word' id='word_1_121' title='bbox 917 2469 969 2538; x_wconf 81' lang='grc' dir='ltr'><em>ὅτι</em></span> <span class='ocrx_word' id='word_1_122' title='bbox 999 2467 1128 2555; x_wconf 80' lang='grc' dir='ltr'><em>ἀγαθὸν</em></span> <span class='ocrx_word' id='word_1_123' title='bbox 1158 2470 1251 2557; x_wconf 85' lang='grc' dir='ltr'><em>έργό-</em></span> <span class='ocrx_word' id='word_1_124' title='bbox 1263 2486 1289 2535; x_wconf 83' lang='grc'><em>15</em></span> 
     </span>
    </p>

    <p class='ocr_par' dir='ltr' id='par_1_5' title="bbox 185 2565 1289 3435">
     <span class='ocr_line' id='line_1_17' title="bbox 185 2565 1252 2654; baseline 0.003 -21"><span class='ocrx_word' id='word_1_125' title='bbox 185 2568 343 2647; x_wconf 81' lang='grc' dir='ltr'><em>Βζεται,</em></span> <span class='ocrx_word' id='word_1_126' title='bbox 368 2573 466 2634; x_wconf 86' lang='grc' dir='ltr'><em>τοῦτο</em></span> <span class='ocrx_word' id='word_1_127' title='bbox 489 2569 596 2654; x_wconf 84' lang='grc' dir='ltr'><em>δῆλον.</em></span> <span class='ocrx_word' id='word_1_128' title='bbox 642 2565 725 2636; x_wconf 75' lang='grc' dir='ltr'><em>ἀλλὰ</em></span> <span class='ocrx_word' id='word_1_129' title='bbox 749 2569 805 2635; x_wconf 82' lang='grc' dir='ltr'><em>διὰ</em></span> <span class='ocrx_word' id='word_1_130' title='bbox 826 2572 909 2635; x_wconf 89' lang='grc' dir='ltr'><em>θεοῦ</em></span> <span class='ocrx_word' id='word_1_131' title='bbox 933 2568 1043 2635; x_wconf 80' lang='grc' dir='ltr'><em>πάντα</em></span> <span class='ocrx_word' id='word_1_132' title='bbox 1064 2575 1188 2654; x_wconf 77' lang='grc' dir='ltr'><em>γίνεται</em></span> <span class='ocrx_word' id='word_1_133' title='bbox 1210 2570 1252 2636; x_wconf 87' lang='grc' dir='ltr'><em>τὰ</em></span> 
     </span>
     <span class='ocr_line' id='line_1_18' title="bbox 237 2660 1253 2753; baseline 0.005 -22"><span class='ocrx_word' id='word_1_134' title='bbox 237 2660 351 2749; x_wconf 74' lang='grc' dir='ltr'><em>ἀγαθὰ</em></span> <span class='ocrx_word' id='word_1_135' title='bbox 371 2670 425 2732; x_wconf 82' lang='grc' dir='ltr'><em>καὶ</em></span> <span class='ocrx_word' id='word_1_136' title='bbox 449 2669 576 2753; x_wconf 86' lang='grc' dir='ltr'><em>φαῦλον</em></span> <span class='ocrx_word' id='word_1_137' title='bbox 599 2666 634 2745; x_wconf 78' lang='grc' dir='ltr'><em>ἐξ</em></span> <span class='ocrx_word' id='word_1_138' title='bbox 655 2665 755 2734; x_wconf 86' lang='grc' dir='ltr'><em>αύτοῦ</em></span> <span class='ocrx_word' id='word_1_139' title='bbox 779 2662 873 2733; x_wconf 82' lang='grc' dir='ltr'><em>οῦδὲν</em></span> <span class='ocrx_word' id='word_1_140' title='bbox 895 2673 1075 2745; x_wconf 76' lang='grc' dir='ltr'><em>κέκνισται,</em></span> <span class='ocrx_word' id='word_1_141' title='bbox 1104 2661 1181 2735; x_wconf 82' lang='grc' dir='ltr'><em>οῦδὲ</em></span> <span class='ocrx_word' id='word_1_142' title='bbox 1201 2674 1253 2753; x_wconf 84' lang='grc' dir='ltr'><em>γί-</em></span> 
     </span>
     <span class='ocr_line' id='line_1_19' title="bbox 235 2763 1251 2851; baseline -0.001 -21"><span class='ocrx_word' id='word_1_143' title='bbox 235 2788 336 2830; x_wconf 85' lang='grc' dir='ltr'><em>νεται.</em></span> <span class='ocrx_word' id='word_1_144' title='bbox 368 2763 398 2830; x_wconf 82' lang='grc' dir='ltr'><em>εἰ</em></span> <span class='ocrx_word' id='word_1_145' title='bbox 419 2765 455 2829; x_wconf 81' lang='grc' dir='ltr'><em>δὲ</em></span> <span class='ocrx_word' id='word_1_146' title='bbox 478 2764 512 2830; x_wconf 80' lang='grc' dir='ltr'><em>ἐκ</em></span> <span class='ocrx_word' id='word_1_147' title='bbox 534 2766 690 2850; x_wconf 89' lang='grc' dir='ltr'><em>διαβόλου</em></span> <span class='ocrx_word' id='word_1_148' title='bbox 713 2765 891 2850; x_wconf 73' lang='grc' dir='ltr'><em>ἐνεργεῖται</em></span> <span class='ocrx_word' id='word_1_149' title='bbox 913 2764 1042 2851; x_wconf 85' lang='grc' dir='ltr'><em>πονηρά</em></span> <span class='ocrx_word' id='word_1_150' title='bbox 1064 2789 1153 2844; x_wconf 88' lang='grc' dir='ltr'><em>τινα,</em></span> <span class='ocrx_word' id='word_1_151' title='bbox 1179 2764 1251 2831; x_wconf 78' lang='grc' dir='ltr'><em>ι’δοῦ</em></span> 
     </span>
     <span class='ocr_line' id='line_1_20' title="bbox 235 2856 1250 2949; baseline 0.004 -24"><span class='ocrx_word' id='word_1_152' title='bbox 235 2856 417 2947; x_wconf 78' lang='grc' dir='ltr'><em>ηύρήκαμεν</em></span> <span class='ocrx_word' id='word_1_153' title='bbox 447 2864 499 2927; x_wconf 81' lang='grc' dir='ltr'><em>καὶ</em></span> <span class='ocrx_word' id='word_1_154' title='bbox 530 2857 570 2927; x_wconf 78' lang='grc' dir='ltr'><em>δι’</em></span> <span class='ocrx_word' id='word_1_155' title='bbox 595 2857 696 2928; x_wconf 86' lang='grc' dir='ltr'><em>αύτοῦ</em></span> <span class='ocrx_word' id='word_1_156' title='bbox 725 2870 889 2949; x_wconf 87' lang='grc' dir='ltr'><em>στέφανον</em></span> <span class='ocrx_word' id='word_1_157' title='bbox 919 2862 1120 2944; x_wconf 86' lang='grc' dir='ltr'><em>πλεκόμενον</em></span> <span class='ocrx_word' id='word_1_158' title='bbox 1145 2858 1250 2947; x_wconf 79' lang='grc' dir='ltr'><em>ἁγίοις</em></span> 
     </span>
     <span class='ocr_line' id='line_1_21' title="bbox 234 2958 1289 3046; baseline -0.003 -23"><span class='ocrx_word' id='word_1_159' title='bbox 234 2962 287 3024; x_wconf 80' lang='grc' dir='ltr'><em>καὶ</em></span> <span class='ocrx_word' id='word_1_160' title='bbox 314 2965 471 3042; x_wconf 86' lang='grc' dir='ltr'><em>βραβεῖον</em></span> <span class='ocrx_word' id='word_1_161' title='bbox 499 2958 671 3043; x_wconf 86' lang='grc' dir='ltr'><em>διδόμενον</em></span> <span class='ocrx_word' id='word_1_162' title='bbox 692 2971 764 3038; x_wconf 90' lang='grc' dir='ltr'><em>τοῖς</em></span> <span class='ocrx_word' id='word_1_163' title='bbox 786 2958 976 3046; x_wconf 89' lang='grc' dir='ltr'><em>νενικηκόσι.</em></span> <span class='ocrx_word' id='word_1_164' title='bbox 1020 2962 1074 3024; x_wconf 80' lang='grc' dir='ltr'><em>καὶ</em></span> <span class='ocrx_word' id='word_1_165' title='bbox 1098 2961 1289 3026; x_wconf 69' lang='grc' dir='ltr'><em>διέπεσενκο</em></span> 
     </span>
     <span class='ocr_line' id='line_1_22' title="bbox 236 3051 1251 3142; baseline 0.003 -23"><span class='ocrx_word' id='word_1_166' title='bbox 236 3052 254 3119; x_wconf 89' lang='grc' dir='ltr'><em>ό</em></span> <span class='ocrx_word' id='word_1_167' title='bbox 276 3051 378 3122; x_wconf 78' lang='grc' dir='ltr'><em>αὐτοῦ</em></span> <span class='ocrx_word' id='word_1_168' title='bbox 401 3056 506 3140; x_wconf 89' lang='grc' dir='ltr'><em>λόγος.</em></span> <span class='ocrx_word' id='word_1_169' title='bbox 536 3054 574 3120; x_wconf 82' lang='grc' dir='ltr'><em>τὸ</em></span> <span class='ocrx_word' id='word_1_170' title='bbox 594 3056 655 3142; x_wconf 84' lang='grc' dir='ltr'><em>γὰρ</em></span> <span class='ocrx_word' id='word_1_171' title='bbox 671 3055 800 3142; x_wconf 89' lang='grc' dir='ltr'><em>σαπρὸν</em></span> <span class='ocrx_word' id='word_1_172' title='bbox 817 3059 950 3141; x_wconf 85' lang='grc' dir='ltr'><em>δένδρον</em></span> <span class='ocrx_word' id='word_1_173' title='bbox 964 3055 1019 3121; x_wconf 87' lang='grc' dir='ltr'><em>καὶ</em></span> <span class='ocrx_word' id='word_1_174' title='bbox 1035 3051 1164 3141; x_wconf 79' lang='grc' dir='ltr'><em>ἀγαθὸν</em></span> <span class='ocrx_word' id='word_1_175' title='bbox 1180 3058 1251 3122; x_wconf 80' lang='grc' dir='ltr'><em>δέν-</em></span> 
     </span>
     <span class='ocr_line' id='line_1_23' title="bbox 236 3148 1249 3239; baseline 0.002 -22"><span class='ocrx_word' id='word_1_176' title='bbox 236 3154 314 3237; x_wconf 88' lang='grc' dir='ltr'><em>δρον</em></span> <span class='ocrx_word' id='word_1_177' title='bbox 342 3155 421 3237; x_wconf 84' lang='grc' dir='ltr'><em>περὶ</em></span> <span class='ocrx_word' id='word_1_178' title='bbox 449 3148 585 3238; x_wconf 83' lang='grc' dir='ltr'><em>ἇγαθῶν</em></span> <span class='ocrx_word' id='word_1_179' title='bbox 614 3155 715 3239; x_wconf 76' lang='grc' dir='ltr'><em>ἔργων</em></span> <span class='ocrx_word' id='word_1_180' title='bbox 743 3155 892 3239; x_wconf 80' lang='grc' dir='ltr'><em>τυγχάνει</em></span> <span class='ocrx_word' id='word_1_181' title='bbox 920 3152 975 3219; x_wconf 86' lang='grc' dir='ltr'><em>καὶ</em></span> <span class='ocrx_word' id='word_1_182' title='bbox 1003 3157 1080 3235; x_wconf 78' lang='grc' dir='ltr'><em>περὶ</em></span> <span class='ocrx_word' id='word_1_183' title='bbox 1104 3152 1249 3239; x_wconf 79' lang='grc' dir='ltr'><em>φαύλων.</em></span> 
     </span>
     <span class='ocr_line' id='line_1_24' title="bbox 230 3245 1250 3339; baseline 0 -23"><span class='ocrx_word' id='word_1_184' title='bbox 230 3255 288 3317; x_wconf 79' lang='grc' dir='ltr'><em>καὶ</em></span> <span class='ocrx_word' id='word_1_185' title='bbox 312 3245 369 3317; x_wconf 88' lang='grc' dir='ltr'><em>οῦκ</em></span> <span class='ocrx_word' id='word_1_186' title='bbox 392 3251 464 3317; x_wconf 75' lang='grc' dir='ltr'><em>ἔστι</em></span> <span class='ocrx_word' id='word_1_187' title='bbox 485 3255 562 3336; x_wconf 84' lang='grc' dir='ltr'><em>περὶ</em></span> <span class='ocrx_word' id='word_1_188' title='bbox 584 3254 731 3329; x_wconf 86' lang='grc' dir='ltr'><em>παλαιᾶς</em></span> <span class='ocrx_word' id='word_1_189' title='bbox 747 3251 907 3339; x_wconf 76' lang='grc' dir='ltr'><em>διαθήκης</em></span> <span class='ocrx_word' id='word_1_190' title='bbox 922 3252 975 3316; x_wconf 80' lang='grc' dir='ltr'><em>καὶ</em></span> <span class='ocrx_word' id='word_1_191' title='bbox 991 3252 1113 3336; x_wconf 75' lang='grc' dir='ltr'><em>καινῆς,</em></span> <span class='ocrx_word' id='word_1_192' title='bbox 1136 3250 1250 3328; x_wconf 79' lang='grc' dir='ltr'><em>καθὼς</em></span> 
     </span>
     <span class='ocr_line' id='line_1_25' title="bbox 228 3343 763 3465; baseline -0.004 -50"><span class='ocrx_word' id='word_1_193' title='bbox 228 3350 390 3431; x_wconf 83' lang='grc' dir='ltr'><em>βούλεται</em></span> <span class='ocrx_word' id='word_1_194' title='bbox 413 3343 431 3412; x_wconf 87' lang='grc' dir='ltr'><em>ό</em></span> <span class='ocrx_word' id='word_1_195' title='bbox 453 3354 512 3414; x_wconf 87' lang='grc' dir='ltr'><em>τοῦ</em></span> <span class='ocrx_word' id='word_1_196' title='bbox 534 3348 634 3465; x_wconf 83' lang='grc' dir='ltr'><em>Μάνη</em></span> <span class='ocrx_word' id='word_1_197' title='bbox 658 3349 763 3434; x_wconf 87' lang='grc' dir='ltr'><em>λόγος.</em></span> 
     </span>
    </p>

    <p class='ocr_par' dir='ltr' id='par_1_6' title="bbox 317 3441 1289 3531">
     <span class='ocr_line' id='line_1_26' title="bbox 317 3441 1289 3531; baseline -0.002 -16"><span class='ocrx_word' id='word_1_198' title='bbox 317 3452 368 3515; x_wconf 86' lang='grc'><em>63.</em></span> <span class='ocrx_word' id='word_1_199' title='bbox 392 3442 461 3512; x_wconf 85' lang='grc' dir='ltr'><em>Ἔτι</em></span> <span class='ocrx_word' id='word_1_200' title='bbox 484 3441 557 3512; x_wconf 73' lang='grc' dir='ltr'><em>δὲ“</em></span> <span class='ocrx_word' id='word_1_201' title='bbox 543 3472 560 3511; x_wconf 92' lang='grc' dir='ltr'><em>υ</em></span> <span class='ocrx_word' id='word_1_202' title='bbox 583 3442 682 3524; x_wconf 80' lang='grc' dir='ltr'><em>αὐτὸς</em></span> <span class='ocrx_word' id='word_1_203' title='bbox 702 3445 903 3529; x_wconf 90' lang='grc' dir='ltr'><em>βουλόμενος</em></span> <span class='ocrx_word' id='word_1_204' title='bbox 917 3448 1083 3530; x_wconf 85' lang='grc' dir='ltr'><em>παριστᾶν</em></span> <span class='ocrx_word' id='word_1_205' title='bbox 1098 3445 1158 3524; x_wconf 86' lang='grc' dir='ltr'><em>τὰς</em></span> <span class='ocrx_word' id='word_1_206' title='bbox 1173 3448 1289 3531; x_wconf 76' lang='grc' dir='ltr'><em>περι25</em></span> 
     </span>
    </p>

    <p class='ocr_par' dir='ltr' id='par_1_7' title="bbox 185 3538 1291 4310">
     <span class='ocr_line' id='line_1_27' title="bbox 185 3538 1252 3661; baseline 0.001 -54"><span class='ocrx_word' id='word_1_207' title='bbox 185 3550 215 3598; x_wconf 84' lang='lat'>:</span> <span class='ocrx_word' id='word_1_208' title='bbox 238 3546 303 3610; x_wconf 81' lang='grc' dir='ltr'><em>τῶν</em></span> <span class='ocrx_word' id='word_1_209' title='bbox 332 3538 445 3609; x_wconf 67' lang='lat' dir='ltr'><em>‹Ji-⁰²</em></span> <span class='ocrx_word' id='word_1_210' title='bbox 427 3547 533 3628; x_wconf 86' lang='grc' dir='ltr'><em>αρχιῦν</em></span> <span class='ocrx_word' id='word_1_211' title='bbox 566 3544 787 3661; x_wconf 78' lang='grc' dir='ltr'><em>προφάσεις,</em></span> <span class='ocrx_word' id='word_1_212' title='bbox 800 3542 994 3629; x_wconf 82' lang='grc' dir='ltr'><em>θηρώμενος</em></span> <span class='ocrx_word' id='word_1_213' title='bbox 1022 3542 1252 3629; x_wconf 74' lang='grc' dir='ltr'><em>ἐπιτηδεύεται</em></span> 
     </span>
     <span class='ocr_line' id='line_1_28' title="bbox 238 3628 1248 3728; baseline 0.002 -24"><span class='ocrx_word' id='word_1_214' title='bbox 238 3640 297 3720; x_wconf 81' lang='grc' dir='ltr'><em>τὰς</em></span> <span class='ocrx_word' id='word_1_215' title='bbox 317 3636 407 3727; x_wconf 83' lang='grc' dir='ltr'><em>αύτιῦ</em></span> <span class='ocrx_word' id='word_1_216' title='bbox 431 3640 591 3719; x_wconf 88' lang='grc' dir='ltr'><em>δοκούσας</em></span> <span class='ocrx_word' id='word_1_217' title='bbox 612 3642 730 3721; x_wconf 81' lang='grc' dir='ltr'><em>λέξεις,</em></span> <span class='ocrx_word' id='word_1_218' title='bbox 755 3628 859 3718; x_wconf 85' lang='grc' dir='ltr'><em>ούτως</em></span> <span class='ocrx_word' id='word_1_219' title='bbox 881 3637 1075 3723; x_wconf 77' lang='grc' dir='ltr'><em>έχούσας,”</em></span> <span class='ocrx_word' id='word_1_220' title='bbox 1055 3664 1124 3719; x_wconf 86' lang='grc' dir='ltr'><em>οτι,</em></span> <span class='ocrx_word' id='word_1_221' title='bbox 1155 3641 1248 3728; x_wconf 86' lang='grc' dir='ltr'><em>φησι,</em></span> 
     </span>
     <span class='ocr_line' id='line_1_29' title="bbox 239 3733 1249 3823; baseline 0 -21"><span class='ocrx_word' id='word_1_222' title='bbox 239 3744 308 3818; x_wconf 84' lang='grc' dir='ltr'><em>τοῖς</em></span> <span class='ocrx_word' id='word_1_223' title='bbox 325 3733 445 3805; x_wconf 83' lang='grc' dir='ltr'><em>Ἰουδαέ</em></span> <span class='ocrx_word' id='word_1_224' title='bbox 432 3745 497 3816; x_wconf 84' lang='grc' dir='ltr'><em>έοις</em></span> <span class='ocrx_word' id='word_1_225' title='bbox 525 3738 667 3822; x_wconf 52' lang='grc' dir='ltr'><em>ἔλεγεν</em></span> <span class='ocrx_word' id='word_1_226' title='bbox 671 3733 773 3820; x_wconf 82' lang='grc' dir='ltr'><em>ὑμεῖς</em></span> <span class='ocrx_word' id='word_1_227' title='bbox 800 3737 866 3804; x_wconf 83' lang='grc' dir='ltr'><em>υιοὶ</em></span> <span class='ocrx_word' id='word_1_228' title='bbox 895 3741 953 3803; x_wconf 87' lang='grc' dir='ltr'><em>τοῦ</em></span> <span class='ocrx_word' id='word_1_229' title='bbox 983 3736 1180 3823; x_wconf 82' lang='grc' dir='ltr'><em>διαβόλυυ’</em></span> <span class='ocrx_word' id='word_1_230' title='bbox 1166 3744 1249 3803; x_wconf 87' lang='grc' dir='ltr'><em>εστέ.</em></span> 
     </span>
     <span class='ocr_line' id='line_1_30' title="bbox 238 3829 1251 3926; baseline -0.001 -26"><span class='ocrx_word' id='word_1_231' title='bbox 238 3833 359 3915; x_wconf 68' lang='grc' dir='ltr'><em>ἐκεῖνος</em></span> <span class='ocrx_word' id='word_1_232' title='bbox 380 3831 660 3926; x_wconf 78' lang='grc' dir='ltr'><em>ἀνθρωποκτόνος</em></span> <span class='ocrx_word' id='word_1_233' title='bbox 681 3861 730 3920; x_wconf 90' lang='grc' dir='ltr'><em>ην,</em></span> <span class='ocrx_word' id='word_1_234' title='bbox 755 3831 807 3901; x_wconf 82' lang='grc' dir='ltr'><em>ὅτι</em></span> <span class='ocrx_word' id='word_1_235' title='bbox 830 3831 972 3922; x_wconf 83' lang='grc' dir='ltr'><em>όπατὴρ</em></span> <span class='ocrx_word' id='word_1_236' title='bbox 988 3829 1088 3901; x_wconf 88' lang='grc' dir='ltr'><em>αῦτοῦ</em></span> <span class='ocrx_word' id='word_1_237' title='bbox 1106 3835 1251 3920; x_wconf 76' lang='grc' dir='ltr'><em>ψεύστης</em></span> 
     </span>
     <span class='ocr_line' id='line_1_31' title="bbox 241 3920 1291 4020; baseline -0.001 -22"><span class='ocrx_word' id='word_1_238' title='bbox 241 3920 301 4016; x_wconf 65' lang='grc' dir='ltr'><em>ἦν’.</em></span> <span class='ocrx_word' id='word_1_239' title='bbox 339 3934 561 4018; x_wconf 80' lang='grc' dir='ltr'><em>βσύλεταιέ</em></span> <span class='ocrx_word' id='word_1_240' title='bbox 523 3934 561 3999; x_wconf 80' lang='grc' dir='ltr'><em>δὲ</em></span> <span class='ocrx_word' id='word_1_241' title='bbox 587 3934 796 4020; x_wconf 75' lang='grc' dir='ltr'><em>βλασφημεῖν</em></span> <span class='ocrx_word' id='word_1_242' title='bbox 823 3936 877 3999; x_wconf 88' lang='grc' dir='ltr'><em>και</em></span> <span class='ocrx_word' id='word_1_243' title='bbox 905 3935 1009 4018; x_wconf 73' lang='grc' dir='ltr'><em>λέγειν</em></span> <span class='ocrx_word' id='word_1_244' title='bbox 1030 3930 1087 3998; x_wconf 89' lang='grc' dir='ltr'><em>τὸν</em></span> <span class='ocrx_word' id='word_1_245' title='bbox 1109 3930 1291 4019; x_wconf 70' lang='grc' dir='ltr'><em>ποιητηνλϋ</em></span> 
     </span>
     <span class='ocr_line' id='line_1_32' title="bbox 239 4025 1251 4116; baseline 0 -21"><span class='ocrx_word' id='word_1_246' title='bbox 239 4025 376 4114; x_wconf 84' lang='grc' dir='ltr'><em>ούρανοῦ</em></span> <span class='ocrx_word' id='word_1_247' title='bbox 397 4032 451 4097; x_wconf 79' lang='grc' dir='ltr'><em>καὶ</em></span> <span class='ocrx_word' id='word_1_248' title='bbox 473 4033 531 4116; x_wconf 78' lang='grc' dir='ltr'><em>γῆς</em></span> <span class='ocrx_word' id='word_1_249' title='bbox 552 4036 681 4114; x_wconf 85' lang='grc' dir='ltr'><em>πατέρα</em></span> <span class='ocrx_word' id='word_1_250' title='bbox 703 4025 788 4096; x_wconf 75' lang='grc' dir='ltr'><em>εἶναι</em></span> <span class='ocrx_word' id='word_1_251' title='bbox 808 4033 867 4096; x_wconf 86' lang='grc' dir='ltr'><em>τοῦ</em></span> <span class='ocrx_word' id='word_1_252' title='bbox 891 4029 1062 4114; x_wconf 88' lang='grc' dir='ltr'><em>διαβόλου,</em></span> <span class='ocrx_word' id='word_1_253' title='bbox 1090 4030 1251 4116; x_wconf 89' lang='grc' dir='ltr'><em>μηδαμως</em></span> 
     </span>
     <span class='ocr_line' id='line_1_33' title="bbox 242 4124 1248 4214; baseline 0.002 -22"><span class='ocrx_word' id='word_1_254' title='bbox 242 4127 415 4212; x_wconf 83' lang='grc' dir='ltr'><em>δυνάμενον</em></span> <span class='ocrx_word' id='word_1_255' title='bbox 444 4124 529 4206; x_wconf 84' lang='grc' dir='ltr'><em>όλιυς</em></span> <span class='ocrx_word' id='word_1_256' title='bbox 550 4127 609 4195; x_wconf 82' lang='grc' dir='ltr'><em>έπί</em></span> <span class='ocrx_word' id='word_1_257' title='bbox 630 4131 728 4194; x_wconf 85' lang='grc' dir='ltr'><em>τοῦτο</em></span> <span class='ocrx_word' id='word_1_258' title='bbox 749 4126 788 4193; x_wconf 84' lang='grc' dir='ltr'><em>τὸ</em></span> <span class='ocrx_word' id='word_1_259' title='bbox 810 4125 908 4213; x_wconf 77' lang='grc' dir='ltr'><em>ῥητὸν</em></span> <span class='ocrx_word' id='word_1_260' title='bbox 931 4133 1105 4213; x_wconf 85' lang='grc' dir='ltr'><em>φέρεσθαι.</em></span> <span class='ocrx_word' id='word_1_261' title='bbox 1137 4126 1165 4193; x_wconf 82' lang='grc' dir='ltr'><em>εἰ</em></span> <span class='ocrx_word' id='word_1_262' title='bbox 1187 4127 1248 4214; x_wconf 82' lang='grc' dir='ltr'><em>γὰρ</em></span> 
     </span>
     <span class='ocr_line' id='line_1_34' title="bbox 243 4217 1250 4310; baseline 0.005 -22"><span class='ocrx_word' id='word_1_263' title='bbox 243 4218 330 4305; x_wconf 83' lang='grc' dir='ltr'><em>όλιυς,</em></span> <span class='ocrx_word' id='word_1_264' title='bbox 349 4228 409 4291; x_wconf 90' lang='grc' dir='ltr'><em>τοῦ</em></span> <span class='ocrx_word' id='word_1_265' title='bbox 438 4222 595 4310; x_wconf 84' lang='grc' dir='ltr'><em>διαβόλου</em></span> <span class='ocrx_word' id='word_1_266' title='bbox 622 4225 691 4291; x_wconf 71' lang='grc' dir='ltr'><em>υἱοί</em></span> <span class='ocrx_word' id='word_1_267' title='bbox 719 4224 798 4304; x_wconf 77' lang='grc' dir='ltr'><em>εἰσι,</em></span> <span class='ocrx_word' id='word_1_268' title='bbox 831 4225 983 4292; x_wconf 83' lang='grc' dir='ltr'><em>διέπεσεν</em></span> <span class='ocrx_word' id='word_1_269' title='bbox 1012 4218 1030 4288; x_wconf 87' lang='grc' dir='ltr'><em>δ</em></span> <span class='ocrx_word' id='word_1_270' title='bbox 1058 4217 1124 4289; x_wconf 77' lang='grc' dir='ltr'><em>κατ’</em></span> <span class='ocrx_word' id='word_1_271' title='bbox 1150 4219 1250 4293; x_wconf 87' lang='grc' dir='ltr'><em>αῦτὸν</em></span> 
     </span>
    </p>
   </div>
   <div class='ocr_carea' id='block_1_3' title="bbox 1258 4552 1362 4688">
    <p class='ocr_par' dir='ltr' id='par_1_8' title="bbox 1258 4552 1362 4688">
     <span class='ocr_line' id='line_1_35' title="bbox 1258 4552 1362 4688; baseline 0 0"><span class='ocrx_word' id='word_1_272' title='bbox 1258 4552 1362 4688; x_wconf 77' lang='grc' dir='ltr'><strong><em>Ι</em></strong></span> 
     </span>
    </p>
   </div>
   <div class='ocr_carea' id='block_1_4' title="bbox 0 0 1454 5084">
    <p class='ocr_par' dir='ltr' id='par_1_9' title="bbox 0 0 1454 5084">
     <span class='ocr_line' id='line_1_36' title="bbox 0 0 1454 5084; baseline 0 0"><span class='ocrx_word' id='word_1_273' title='bbox 0 0 1454 5084; x_wconf 95' lang='lat' dir='ltr'><em> </em></span> 
     </span>
    </p>
   </div>
  </div>
 </body>
</html>
