2867 5084
172 512 178 530 Ι

245 984 287 1046 94
473 990 789 1047 ιιιιισινιονκιτι
807 995 1040 1046 mmm.

244 1150 310 1212 τῶν
332 1153 451 1214 τέκνων
474 1141 589 1232 αότηςς
613 1140 696 1212 ἀλλὰ
717 1150 784 1212 τῶν
807 1151 982 1212 συνιέντων
1003 1141 1046 1209 τά
1063 1146 1122 1229 τῆς
1138 1150 1261 1230 σοφίας

245 1244 383 1329 ῥήματα,
408 1239 452 1322 ὡς
474 1245 568 1329 λε’γει,
591 1247 643 1309 καὶ
668 1243 701 1311 ἐν
723 1247 771 1329 τῷ
793 1242 949 1329 προφήτῃ
974 1247 1044 1319 “τίς
1058 1238 1196 1318 συνετός
1209 1242 1260 1305 καί

247 1340 380 1424 συνήσει
401 1344 520 1421 ταῦτα,·
544 1337 597 1408 ότι
618 1336 750 1407 εὐθεῖαι
766 1341 801 1406 αλ
819 1336 891 1406 όόολ
906 1346 1028 1423 κυρίου,
1050 1340 1105 1404 καλ
1121 1327 1151 1424 ᾦ
1167 1336 1261 1423 λόγος

248 1444 380 1526 σοφίας,
402 1440 455 1505 καὶ
478 1437 639 1523 γνώσεται
660 1442 780 1517 ταῦτα,
805 1433 936 1522 ἀσεβεῖς
959 1438 995 1502 όὲ
1017 1430 1261 1523 άσθενήσουσιν

222 1533 281 1601 οὲν
307 1529 447 1614 αόταῒς”.

332 1639 381 1699 67.
408 1630 591 1718 Ἡσθένησε
611 1631 672 1717 γάρ
695 1634 748 1697 καλ
770 1626 930 1719 ἠσέβησεν
953 1627 998 1710 ὡς
1019 1627 1158 1716 άληθῶς
1179 1627 1260 1712 μετὰ

245 1731 311 1795 τῶν
334 1725 462 1814 ἀσεβῶν
490 1730 524 1795 ἐν
545 1741 616 1807 τοῖς
638 1736 748 1807 θείοις
770 1732 823 1794 καὶ
846 1729 1058 1813 ἐπουρανίοις
1080 1729 1201 1812 λόγοις.
1244 1720 1285 1790 όῦ

247 1827 355 1912 σωτὴρ
382 1826 442 1911 γάρ
472 1827 559 1911 ἔλεγε
587 1824 654 1910 πρό
681 1830 799 1910 μικροῦ
828 1827 1015 1911 *βθειόρουν
1036 1822 1095 1892 τόν
1117 1826 1262 1891 σατανᾶν

248 1920 293 2003 ὥς
315 1921 488 2009 άστραπην
510 1922 656 1990 πεσόντα
680 1925 715 1991 ἐκ
736 1928 794 1990 τοῦ
811 1920 978 2008 οὐρανοιῗῐ
1009 1922 1065 1989 καὶ
1079 1912 1146 1989 ὧδε
1161 1922 1263 1989 πάλιν

209 2017 287 2089 ιο“ό
316 2019 423 2107 ἄρχων
452 2024 509 2086 τοῦ
535 2020 659 2103 κόσμου
682 2022 800 2088 τούτου
822 2020 1028 2108 βληθήσεται
1049 2020 1164 2087 κάτω”.
1210 2024 1263 2085 καὶ

249 2119 277 2186 εἰ
305 2118 384 2203 περὶ
414 2120 471 2183 τοῦ
500 2122 626 2184 σατανᾶ
650 2109 686 2203 ἦν
710 2115 729 2184 ὁ
752 2119 848 2204 λόγος
869 2123 927 2184 τοῦ
951 2117 1012 2204 ἤδη
1035 2117 1262 2194 πεπτωκότος,

246 2224 297 2295 τίς
319 2206 357 2300 ἦν
372 2223 467 2299 χρεία
481 2216 583 2283 πάλιν
597 2215 786 2298 βάλλεσθαι
800 2213 906 2298 κάτω,·
930 2212 1014 2283 άλλὰ
1028 2215 1164 2294 πάντως
1180 2214 1266 2298 ἐρεῖς

247 2316 293 2393 εἰς
315 2314 372 2400 τὴν
395 2311 549 2398 ἄβυσσον.
578 2316 646 2379 ποῦ
669 2304 725 2380 οὖν
749 2314 880 2397 ἔμελλεν
902 2309 1079 2397 όψοῦσθαι
1102 2309 1266 2396 όκόρισς,·

248 2413 277 2479 εἰ
303 2415 362 2497 μὲν
390 2411 451 2497 γὰρ
479 2406 548 2478 άπὸ
576 2415 634 2499 τῆς
662 2407 809 2496 άβόσσου
838 2412 970 2493 ἔμελλεν
1001 2407 1194 2493 όιβοῦσθαι,
1225 2407 1264 2474 τό

210 2531 238 2579 15
248 2506 364 2593 ὅμοιον
396 2513 442 2594 τῷ
477 2505 581 2595 ὁμοίῳ
614 2509 908 2593 παρεντεινάμενον
941 2507 983 2574 τά
1011 2507 1177 2591 ἰσόρροπα
1206 2508 1267 2593 τῆς

247 2607 402 2695 φράσεως
424 2601 649 2691 ἀπεργάζεται.
681 2606 765 2673 πότε
787 2608 823 2678 δὲ
845 2606 879 2673 ἐν
896 2609 936 2692 τῇ
951 2609 990 2691 γῇ
1006 2601 1151 2689 όψώθη;
1177 2603 1268 2689 ἔλεγε

246 2703 307 2790 γάρ
331 2706 488 2787 περὶτοῦ
512 2699 693 2786 όψιόματος
714 2707 772 2770 τοῦ
795 2706 937 2788 σταυροῦ
960 2704 1015 2768 καὶ
1037 2705 1113 2786 περὶ
1136 2705 1196 2767 τοῦ
1219 2701 1295 2780 sign

248 2796 387 2886 οὐρανὸν
415 2795 557 2879 άνιέναι,
585 2801 640 2866 ἵνα
668 2800 797 2879 πάντας
826 2796 982 2887 άνελκόση
1016 2798 1102 2883 πρός
1135 2798 1266 2866 ἑαυτόν.

247 2902 301 2965 καὶ
323 2905 389 2964 τίνι
410 2896 495 2983 λόγῳ
518 2895 587 2962 άνω
608 2898 773 2982 τυγχάνων
796 2894 834 2963 οό
856 2901 1088 2976 καθείλκυσεν,
1112 2892 1182 2962 ἀλλ’
1208 2895 1269 2962 ἐττλ

209 3001 305 3083 λθτῆς
326 2999 384 3082 γης
407 2994 582 3081 ἕληλυθεν,·
610 2995 677 3061 ἔδει
698 2995 759 3080 γὰρ
782 2990 881 3061 αὐτόν
904 2996 1018 3062 ἐλθεῖν
1039 2998 1092 3061 καὶ
1115 2993 1153 3060 τό
1177 2988 1271 3072 εἶδος

247 3099 313 3161 τῶν
341 3089 532 3177 ἀνθρώπων
561 3093 608 3170 εἷς
636 3091 1019 3172 ἑαυτὸνάναδέξασθαι,
1051 3094 1107 3158 ἵνα
1129 3095 1271 3175 πρῶτον

248 3188 329 3259 αὐτὸ
351 3191 389 3258 τό
412 3194 526 3269 σκεῦος
547 3190 586 3255 τό
609 3186 712 3275 ἅγιον,
737 3189 755 3257 ὃ
778 3187 848 3257 άπὸ
864 3197 1002 3275 Μαρίας
1017 3192 1160 3275 εἴληφεν,
1186 3184 1272 3255 άνα-

247 3292 380 3369 πλάσας
402 3289 508 3375 ἑαυτῷ
530 3287 568 3353 τό
591 3283 684 3373 άγιον
707 3293 813 3374 σῶμα,
837 3288 918 3365 θεὸς
940 3287 1072 3354 ἄνωθεν
1096 3286 1193 3371 λόγος
1214 3285 1272 3352 ἐλ-

247 3388 321 3455 θών
345 3389 378 3455 ἐκ
393 3387 526 3454 κόλπων
541 3384 715 3471 πατρῴων,
739 3387 794 3454 ἵνα
809 3387 843 3452 ἐν
858 3389 905 3471 τῷ
923 3387 996 3470 ἰδίῳ
1012 3385 1143 3469 στόματι
1158 3378 1271 3467 [ὑψῶ-

210 3508 307 3559 νεσαι
328 3487 362 3553 ἐν
384 3480 486 3570 αὐτῷ]
508 3480 662 3567 ὑψωθεὶς
683 3484 761 3563 τοὺς
783 3480 918 3565 ὁμοίους
940 3483 1056 3569 ἑλκύσῃ
1080 3481 1166 3566 πρὸς
1188 3481 1269 3547 ἑαυ-

249 3585 314 3650 τόν.
361 3591 411 3661 τίς
439 3584 475 3648 δέ
503 3582 592 3648 ἐστιν
615 3576 633 3647 ό
657 3580 764 3665 άρχων
785 3585 844 3647 τοῦ
866 3579 990 3663 κόσμου
1013 3580 1150 3660 τούτους
1180 3574 1269 3645 ἀλλὰ

250 3679 295 3760 ὡς
323 3684 409 3767 λέγει
438 3684 526 3759 “aas
555 3675 572 3744 ό
600 3678 723 3761 κόσμος
752 3680 786 3746 ἐν
812 3682 860 3764 τῷ
888 3682 1024 3765 πονηρῷ
1047 3680 1183 3754 κεῖται,”
1208 3671 1268 3743 οόκ

249 3777 388 3865 οόρανόν
411 3781 521 3864 λε’γων,
546 3772 583 3843 οό
606 3776 664 3863 τὴν
685 3780 753 3865 γῆν,
777 3772 835 3860 οόχ
855 3772 965 3862 ἥλιον,
989 3771 1026 3842 οό
1050 3774 1202 3861 σελήνην,
1227 3770 1267 3840 οὗ

250 3877 347 3967 φυτά,
372 3872 408 3943 οὗ
432 3876 618 3953 θάλασσαν,
642 3872 699 3940 οὐκ
723 3872 797 3959 ὅρη,
822 3869 879 3939 οὐκ
902 3868 997 3957 άέρα,
1022 3867 1060 3938 οὖ
1083 3879 1183 3958 νέφη,
1208 3867 1308 3944 οὖκοε

208 3976 379 4060 εοάνεμον,
403 3968 460 4041 οόκ
483 3971 597 4056 άστρα,
622 3970 658 4038 οὐ
676 3972 793 4058 πτηνὰ,
818 3966 911 4036 οὐδέν
926 3997 960 4036 τι
975 3974 1040 4035 τῶν
1057 3969 1266 4052 ίκτισμίνων,

248 4074 292 4160 μὴ
314 4080 452 4160 γένοιτο,
475 4066 577 4136 άλλ’ό
599 4073 722 4153 κόσμος
742 4072 808 4135 τῶν
831 4064 1032 4152 ἀνθρώπων,
1055 4064 1268 4155 ἡόπερηφα-

251 4179 305 4238 νία
326 4175 384 4256 τῆς
407 4170 542 4249 ἐννοίας,
566 4169 605 4234 τὸ
626 4167 757 4254 θράσος
770 4170 829 4232 τοῦ
843 4166 960 4253 τύφου,
983 4161 1003 4251 ἡ
1020 4161 1194 4246 ἀλαζονεία
1208 4171 1269 4254 τῆς

249 4272 315 4335 τῶν
338 4264 529 4354 ἀνθρώπων
552 4266 738 4354 ἐπόρσεως,
767 4254 864 4344 οὗτος
889 4259 908 4330 ὃ
930 4262 1037 4349 ἄρχων
1059 4267 1118 4330 τοῦ
1140 4263 1268 4349 κόσμον

207 4550 419 4672 Α
