2867 5084
492 1003 600 1058 tml.
620 1006 812 1056 ιυνικιτιι.
951 974 962 995 ’
1099 995 1159 1056 127

138 1146 260 1231 αὐτοὺς
288 1147 502 1236 ὑπαρχόντων
510 1183 520 1234 ,·
557 1157 610 1220 καλ
635 1162 810 1222 πέπτωκεν
838 1151 939 1222 αὐτοῦ
963 1152 980 1220 5
1001 1157 1163 1243 μυθώδης

111 1250 245 1334 Βλόγος.
278 1249 406 1326 πάντας
427 1250 488 1335 γάρ
512 1250 597 1317 ἐλεεῖ
619 1248 637 1316 5
660 1251 779 1336 κάριος.
805 1252 1006 1340 “φυλάσσων
1037 1253 1098 1338 γάρ
1121 1254 1163 1321 τά

137 1347 244 1432 νήπια
268 1342 285 1410 5
307 1347 444 1431 κύριος’.
479 1347 534 1414 καὶ
550 1349 702 1428 “αίνεῐτε,
727 1352 856 1429 παῖδες,
879 1350 1015 1436 κάρισν”.
1045 1350 1099 1416 καί
1120 1351 1163 1416 τά

137 1445 263 1511 παιδία
278 1443 433 1531 ἐκήρυξαν
451 1441 604 1512 Ηιάσαννά
620 1446 652 1513 ἒν
669 1458 741 1525 τοῖς
758 1443 924 1526 ὑψίστοις,
949 1442 1162 1533 εὐλογημένος

138 1538 348 1625 ὁὲρχόμενος
371 1543 404 1608 ἕν
427 1536 566 1624 ὀνόματι
587 1547 725 1627 κυρίου”.
764 1549 818 1611 καλ
842 1547 896 1611 “bn
920 1545 1084 1628 στόματος
1107 1561 1185 1631 νη-5

138 1646 245 1717 πίων,
280 1643 333 1705 καὶ
362 1639 575 1725 θηλαζόντων
604 1646 789 1726 κατηρτίσω
819 1637 934 1708 σίνον”.
986 1644 1038 1707 καὶ
1069 1641 1163 1708 πάσα

138 1736 210 1803 ἐστὶ
233 1736 275 1802 τά
296 1741 444 1802 τοιαῦτα.

226 1842 255 1901 6.
285 1838 370 1918 Περὶ
394 1836 429 1901 δὲ
452 1833 571 1916 σαρκὸς
594 1829 822 1915 άναστάσευις,
853 1840 927 1916 πῶς
949 1831 1018 1920 οὐχὶ
1043 1837 1163 1920 σαρκὸς
1212 1877 1220 1887 ·

139 1931 235 1998 ἔσται
264 1929 459 2011 ἀνάστασις,
494 1921 520 1997 ὦ
549 1931 737 2019 ἐθελάσοφε
762 1929 901 2017 Ἱερακᾶς
942 1929 1021 2020 αὕτη
1052 1932 1112 2019 γάρ
1142 1929 1160 2019 ἡ

139 2023 305 2112 ὀνομασία
327 2032 385 2115 τῆς
403 2028 562 2115 ηράσεως
585 2031 729 2096 δείκνυσι
752 2031 809 2118 τὴν
833 2031 979 2116 δύναμιν.
1019 2026 1163 2098 άνάστα-
1174 2045 1202 2095 10

138 2149 195 2205 σις
221 2126 283 2211 γάρ
314 2121 351 2192 οὗ
380 2128 529 2194 καλεῖται
558 2130 616 2192 τοῦ
644 2127 688 2214 μὴ
718 2127 945 2207 πεπτωκότος.
996 2139 1097 2194 ποῖον
1127 2130 1163 2194 δέ
1227 2196 1231 2203 ,

138 2222 213 2290 ἐστι
236 2222 274 2288 τὸ
297 2224 420 2305 πεσόν,·
443 2235 544 2291 ποῖον
566 2224 605 2290 τὸ
627 2230 750 2311 ταφέν,·
784 2224 945 2291 ποῖοντὸ
967 2227 1068 2292 λυθὲν
1091 2219 1160 2290 ἀλλ’

112 2314 163 2386 οἷ
184 2319 223 2385 τά
247 2324 358 2403 σῶμα,
383 2324 436 2388 καὶ
461 2318 557 2408 οάχὴ
583 2320 689 2408 ψυχη,·
727 2321 814 2407 ψυχὴ
837 2329 948 2388 τοίνυν
971 2317 1008 2386 οὐ
1032 2329 1162 2400 πίπτει,

138 2414 217 2486 οὐδὲ
246 2415 427 2485 θάπτεται.
482 2421 535 2485 καὶ
565 2418 658 2484 πόσα
687 2419 758 2485 ἔστι
786 2422 863 2501 περὶ
892 2417 1011 2484 τούτου
1041 2420 1162 2504 λίγειν,·

139 2518 249 2602 ψυχῆς
269 2516 330 2600 γάρ
354 2511 391 2580 αὖ
414 2519 563 2583 καλεῖται
586 2510 777 2595 ἀνάστασις,
807 2512 891 2582 άλλά
914 2515 1010 2599 σῶμά
1032 2517 1103 2582 ἐστι
1124 2515 1163 2582 τὸ
1177 2531 1202 2579 15

138 2611 356 2698 ἐγειρόμενον.
391 2618 467 2699 περὶ
492 2616 527 2680 δὲ
550 2618 607 2700 τῆς
630 2608 801 2700 άναλσγῆς,
826 2603 863 2700 ἧς
885 2603 989 2698 ἦλθεν
1012 2609 1030 2678 5
1053 2612 1161 2698 σιυτηρ

140 2704 370 2789 ἇναλίξαοίλαι
402 2716 591 2793 παρθενίαν
624 2714 677 2777 καὶ
713 2710 902 2796 ἐγκράτειαν
934 2713 986 2778 καλ
1020 2707 1161 2797 άγνείαν,

138 2815 208 2874 τίνι
231 2801 289 2874 οὐκ
311 2808 381 2875 ἔστι
404 2809 503 2895 δῆλον
527 2804 579 2875 ὅτι
602 2810 690 2876 ἔστιν
714 2808 827 2896 ε’κλογη
850 2811 904 2874 καὶ
921 2812 978 2892 τῆς
995 2804 1091 2893 άγίας
1105 2834 1163 2875 κα-

139 2905 283 2992 θολικῆς
311 2911 364 2972 καὶ
387 2901 611 2992 άποστολικῆς
642 2906 813 2992 ἐκκλησίας
840 2905 988 2991 καύχημα
1009 2907 1164 2985 καὶτοὺς

139 3003 175 3071 ἕν
199 3006 308 3088 σεμνῷ
330 3003 439 3089 γάμῳ·
464 3003 600 3070 ἕκαστον
621 3003 682 3088 γάρ
705 3003 849 3069 κατὰτὸ
872 3003 958 3070 ἴδιον
974 3005 1082 3089 τάγμα
1098 3003 1203 3071 σοί-το

139 3100 208 3183 ζειν
232 3101 344 3167 εἴωθε.
382 3103 457 3178 πῶς
477 3100 539 3186 γάρ
562 3095 621 3167 οὐκ
643 3100 737 3166 ἔσται
758 3108 868 3185 τίμιος
892 3097 1030 3186 ὃγάμος
1053 3103 1106 3166 καὶ
1130 3100 1163 3168 ἐν

138 3201 214 3283 θεῷ
239 3198 318 3280 ἔχων
340 3197 399 3284 τὴν
421 3200 487 3264 τῶν
510 3192 658 3282 ου’·ρανῶν
679 3200 862 3281 βασιλείαν,
888 3193 992 3265 ὁπότε
1013 3197 1165 3283 κέκληται

139 3291 159 3361 5
184 3295 293 3383 σωτηρ
317 3295 363 3375 εἰς
384 3295 524 3381 γάμους,
558 3294 614 3361 ἵνα
637 3289 794 3383 εάλογηοη
817 3296 940 3380 γάμους
970 3295 999 3363 εἰ
1020 3296 1079 3378 μὲν
1101 3294 1162 3380 γάρ

105 3392 357 3480 υπαρητησατο
380 3393 428 3470 είς
448 3392 554 3478 γάμον
577 3392 725 3472 εἰσιέναι,
748 3391 813 3476 ἄρα
833 3392 940 3477 γάμου
962 3382 1002 3479 ἦν
1024 3391 1163 3459 καταλά-

138 3515 210 3577 Πίς,
233 3493 287 3556 καὶ
309 3485 368 3556 οὐκ
390 3485 635 3574 ἀποδεχόμενος
650 3490 787 3557 ἕκαστον
802 3489 885 3558 κατὰ
901 3488 1091 3577 συγγνώμην
1106 3494 1202 3576 τῆςυν

137 3583 245 3656 αὐτοῦ
267 3581 454 3667 ἀσθενείας.
484 3595 596 3672 τίμιος
617 3596 729 3654 τοίνυν
751 3584 898 3673 ὃγάμος,
923 3584 976 3655 ὅτι
991 3583 1091 3667 αὐτὸς
1106 3584 1160 3654 αὖ·

136 3683 200 3757 τὸν
223 3679 332 3769 άίρισε.
378 3686 432 3752 διὸ
454 3694 671 3773 παραγίνεται
702 3686 750 3764 είς
770 3685 885 3771 γάμον,
914 3686 969 3753 ἵνα
992 3686 1099 3773 φράξη
1123 3685 1165 3752 τά

136 3779 293 3864 στόματα
318 3785 387 3848 τῶν
413 3782 572 3867 λεγόντων
600 3783 685 3850 κατά
712 3786 772 3873 της
794 3781 965 3870 ἀληθείας.
1011 3783 1077 3850 ἐκεῖ
1102 3782 1163 3867 γάρ

136 3881 279 3965 πρῶτον
307 3889 445 3967 σημεῖον
473 3880 630 3968 ἐποίησεν
655 3879 672 3946 5
693 3876 815 3968 Ἰησοῦς
844 3880 877 3947 ἐν
901 3883 996 3967 Κανᾷ
1018 3883 1076 3964 τῆς
1098 3886 1165 3945 Γα-

136 3978 274 4054 λιλαίας
294 3974 333 4042 τὸ
356 3973 444 4061 ὕδωρ
467 3972 557 4045 οἶνον
580 3978 734 4065 ποιήσας.
773 3974 819 4057 ὥς
833 3975 894 4062 γάρ
917 3972 1080 4045 ἀνέτειλεν
1095 3971 1205 4042 άπὸθο

85 4079 326 4159 ῖίῠτταρθένου,
349 4073 405 4141 ἵνα
427 4074 516 4163 δείξῃ
542 4075 581 4142 τὸ
604 4079 677 4162 φῶς
700 4071 770 4141 άπὸ
792 4080 966 4159 παρθένου
989 4069 1165 4141 άνατεῒλαν

133 4176 177 4261 τῇ
201 4171 393 4260 οἰκουμένη,
417 4168 505 4238 οὕτω
527 4175 580 4239 καλ
604 4170 799 4256 τὸπρῶτον
823 4182 960 4257 σημεῖον
979 4171 1026 4250 είς
1040 4169 1165 4257 γάμους

133 4274 324 4356 πεποίηκεν
347 4268 381 4338 ἓν
403 4272 499 4358 Κανά
520 4273 580 4360 τῆς
601 4269 800 4351 Γαλιλαίας,
830 4268 887 4336 ἵνα
916 4268 974 4356 τὴν
994 4270 1055 4355 μὲν
1077 4291 1165 4355 παρ-
