2867 5084
512 999 608 1055 ικνι.
626 1004 835 1055 mmm
1148 994 1191 1057 31

158 1148 177 1218 ό
199 1151 294 1232 θεὸς,
317 1153 371 1219 καί
394 1151 466 1220 ίδοῦ
488 1151 619 1234 καλόν,”
642 1150 680 1221 οὗ
702 1154 741 1220 τὸ
763 1154 927 1241 πρότερον
944 1149 1082 1240 αγνοῶν,
1106 1153 1184 1225 abab

156 1250 245 1333 μετὰ
264 1249 305 1316 τό
325 1256 499 1336 γενέσθαι,
527 1247 572 1330 ῶς
600 1252 657 1319 διὰ
684 1257 805 1336 πείρας
834 1251 976 1338 ἐσχηκὼς
996 1252 1036 1319 τὸ
1059 1254 1183 1322 είδίναι

159 1344 215 1414 ότι
237 1348 346 1428 καλὸν,
369 1340 456 1414 ἀλλὰ
477 1344 628 1416 ἀπὸτοῦ
651 1344 737 1417 εἶναι
758 1348 870 1416 πάντα
891 1349 984 1430 καλὰ,
1008 1355 1063 1418 καί
1082 1347 1183 1421 οῦδα,

158 1449 225 1529 μοῦ
248 1440 334 1513 εἶναι
355 1444 454 1512 κακὸν
476 1449 714 1530 προεθέσπιζε,
738 1445 795 1514 διὰ
815 1447 874 1535 τὴν
891 1450 957 1515 τῶν
972 1449 1182 1534 κακοβούλων

161 1543 278 1623 δόξαν,
307 1545 373 1608 τῶν
400 1544 536 1610 πάντων
565 1539 705 1629 ἀγαθῶν
727 1541 833 1611 όντων
854 1548 908 1612 καλ
929 1548 1037 1613 καλῶν
1058 1563 1207 1633 μόρια-ο

132 1647 339 1726 ορουμένων,
362 1641 446 1707 κατὰ
466 1641 525 1729 τὴν
545 1645 605 1708 τοῦ
626 1645 726 1709 καλοῦ
749 1638 978 1731 ἀληθεστάτην
999 1650 1183 1729 μαρτυρίαν

159 1738 201 1806 τό
222 1737 322 1807 καλὸν
344 1739 443 1824 ἔλεγε,
466 1745 618 1826 στέρησις
640 1736 678 1807 δν
700 1740 827 1820 παντὸς
849 1736 980 1827 ἇγαθοῦ
1002 1745 1056 1809 καί
1071 1741 1184 1826 πάσης

158 1834 286 1918 κακίας,
315 1839 369 1903 καί
391 1838 448 1904 ἵνα
469 1831 619 1905 ἀπὸτοῦ
640 1839 740 1905 καλὸν
763 1834 849 1906 εἶναι
868 1839 908 1906 τὸ
924 1842 992 1907 πᾶν
1008 1835 1184 1927 ἀναιρῆται

161 1931 182 2000 ὁ
203 1940 281 2018 περὶ
306 1940 421 2014 κακίας
443 1929 641 2018 άνθρῶποις
658 1935 910 2024 ἒπινενοημένος
924 1937 1030 2024 λόγος,
1053 1939 1110 2005 ἵνα
1124 1936 1183 2023 τὴν

160 2037 277 2099 πᾶσαν
298 2027 470 2120 ὑπόληψιν
492 2032 551 2120 τὴν
571 2032 778 2118 κακότροπον
800 2038 866 2101 τῶν
887 2034 945 2123 την
968 2037 1183 2103 διδασκαλίαν
1195 2052 1225 2101 ιο

160 2129 457 2217 παρεισφερόνταιν
485 2131 703 2197 παντάπασιν
732 2126 852 2199 ἀνέλοι.
898 2128 970 2200 εἶτα
992 2132 1102 2199 ἐλθὼν
1125 2131 1182 2200 ίπλ

160 2227 219 2294 τὸν
246 2226 432 2313 ῦνθριοπον
460 2223 518 2294 οῦκ
547 2223 640 2296 εἶπεν
669 2224 722 2296 ότι
743 2230 858 2305 καλὸν,
889 2225 947 2311 οὐχ
969 2226 1022 2295 ότι
1043 2223 1184 2296 κακὸνδ

160 2323 356 2410 ἅνθρωπος,
378 2325 419 2391 τὸ
440 2325 642 2409 ἐξοχώτατον
663 2327 758 2412 παρὰ
779 2325 891 2393 πάντα
911 2326 954 2392 τὰ
976 2326 1033 2393 ἐπί
1055 2329 1113 2412 τῆς
1126 2328 1185 2413 γῆς

162 2423 345 2506 ἐκτισμένα,
369 2423 426 2489 τὸν
448 2423 505 2490 ἐπὶ
528 2426 575 2509 τῷ
598 2421 708 2507 άρχειν
725 2423 759 2490 ἐκ
775 2427 858 2491 θεοῦ
874 2423 1062 2509 ἐκτισμένον
1079 2431 1184 2510 σοφίᾳ

166 2517 305 2607 ἀρρήτῳ,
328 2509 355 2607 ᾦ
378 2521 491 2605 ἔμελλε
505 2520 731 2604 παραδιδόναι
745 2519 828 2600 θεὸς
843 2521 890 2599 εἰς
905 2522 1103 2589 δεσποτείαν
1117 2524 1184 2587 τῶν
1196 2537 1224 2589 15

132 2614 224 2686 οῦκ)
253 2613 352 2684 αδτοῦ
381 2618 517 2685 πάντων
545 2619 758 2702 ἐκτισμίνων,
789 2616 835 2698 ῶς
863 2643 948 2708 φησι
970 2618 1184 2706 “ποιησωμεν

163 2713 351 2800 ἄνθρωπον
372 2712 440 2782 κατ’
459 2715 567 2783 εἰκόνα
589 2712 748 2801 ἡμετέραν
770 2724 823 2784 καί
839 2713 916 2785 καθ’
935 2713 1106 2801 ὁμοίωσιν,
1130 2719 1203 2792 καί,

159 2810 352 2898 ἀρχέτωσαν
373 2816 440 2880 τῶν
463 2813 588 2896 ίχθῦιον
609 2817 668 2901 τῆς
688 2814 880 2902 θαλάσσης,
908 2815 1050 2882 καὶτῶν
1073 2840 1185 2883 πετει-

159 2917 228 2979 νῶν
250 2914 310 2978 τοῦ
331 2905 482 2996 οῦρανοῦ,
505 2913 560 2977 καί
580 2915 646 2977 τῶν
668 2912 817 2998 ἑρπετῶν
838 2916 897 2998 τῆς
918 2916 977 2999 γῆς
990 2916 1045 2980 καί
1061 2916 1185 3000 κτηνῶν

159 3015 216 3078 καί
238 3016 369 3096 θηρίων
390 3013 443 3076 καί
466 3009 601 3076 πάντων
623 3013 690 3076 τῶν
713 3007 817 3077 ὄντων
840 3010 897 3078 ἐπὶ
919 3014 977 3098 τῆς
998 3014 1081 3098 γῆς’.
1113 3005 1224 3079 ἀλλ’νο

160 3107 281 3195 ἐπειδὴ
310 3103 377 3174 κατ’
408 3106 519 3175 εἰκόνα
544 3111 629 3174 θεοῦ
659 3106 815 3195 ἐκτίσθη,
843 3104 989 3195 ἠρκέσθη
1019 3108 1057 3175 τὸ
1087 3116 1184 3177 θεῖον

160 3206 298 3293 γράμμα
316 3208 364 3291 τῶ
386 3204 535 3291 τοσούτῳ
558 3198 724 3290 ἀξιώματι
744 3205 788 3290 μὴ
803 3213 915 3290 χρείαν
930 3207 1014 3289 ἔχειν
1029 3205 1185 3292 προσθη-

160 3330 222 3390 κης
243 3305 303 3371 ἔτι.
338 3302 368 3370 εί
389 3301 451 3388 γὰρ
473 3296 574 3389 αὐτῆς
594 3307 653 3391 τῆς
676 3297 885 3390 ἆγοθότητος
907 3298 973 3386 εἶχε
993 3311 1185 3391 κεκτημένος

87 3392 90 3399 ¹
159 3402 222 3489 τὴν
250 3399 378 3480 ελκόνα,
407 3403 492 3489 φημί
521 3401 557 3467 δὲ
584 3405 645 3467 τοῦ
673 3408 787 3486 κυρίου
808 3405 893 3469 θεοῦ
915 3401 1027 3488 πάσης
1048 3408 1185 3481 κτίσεως

162 3501 365 3587 δημιουργοῦ
387 3501 442 3565 καί
464 3492 607 3584 ἀγαθοῦ,
631 3498 666 3577 ἐξ
686 3488 727 3564 οῦ
741 3502 836 3567 πᾶσα
851 3497 939 3587 πηγη
955 3494 1224 3586 ἀγαθωσύνηςΰ

114 3599 202 3678 οκοέξ
228 3587 267 3664 οῦ
294 3597 336 3664 τό
363 3594 492 3682 ἆγαθὸν
521 3594 555 3663 ἐν
582 3599 688 3664 πᾶσιν
717 3591 872 3683 ὑπάρχει,
901 3600 976 3677 πῶς
1004 3597 1053 3664 ότι
1073 3604 1185 3683 χρείαν

163 3690 230 3779 elza
248 3704 430 3780 μαρτυρίας
451 3687 592 3761 ἀκοῦσαι
625 3689 678 3760 ότι
701 3692 775 3760 tam>
796 3695 906 3775 καλὸν,
933 3689 1038 3762 ὁπότε
1058 3695 1116 3782 τὴν
1139 3695 1186 3763 εί-

160 3793 245 3861 κόνα
265 3787 368 3861 αῦτοῦ
388 3795 448 3858 τοῦ
469 3792 570 3858 καλοῦ
594 3785 659 3873 εἶχε
685 3799 894 3879 κεκτημένος,
920 3793 968 3872 είς
988 3789 1125 3877 ὕστερον
1149 3794 1186 3860 δὲ

161 3893 223 3960 ἐπὶ
243 3892 334 3959 τέλει
353 3895 421 3958 τῶν
442 3886 539 3970 ὅλων,
560 3887 645 3973 μετά
664 3889 705 3955 τὸ
728 3893 871 3976 ποιῆσαι
891 3894 1005 3958 πᾶσαν
1028 3895 1186 3978 δημιουρ-

164 3997 256 4076 γίαν,
285 3987 615 4078 ίπισφραγισάμενος
642 3983 660 4053 ό
688 3994 787 4067 θεῖος
807 3987 904 4073 λόγος
924 4000 997 4067 τοῖς
1018 3992 1107 4055 πᾶσι
1126 3988 1225 4076 τηνεί)

162 4084 268 4176 αὐτὴν
293 4085 675 4172 μαρτυρίαν-προῦθετο
697 4085 834 4172 φάσκων
857 4092 930 4153 ’καί
954 4081 1039 4153 είδεν
1063 4080 1082 4150 ό
1103 4086 1185 4169 θεὸς

164 4186 278 4254 πάντα
300 4179 366 4252 δσα
380 4183 539 4270 ίποίησε,
567 4186 625 4251 καί
649 4181 722 4250 ίδοὺ
742 4183 827 4251 καλὰ
850 4185 951 4263 λίαν,”
972 4181 1056 4267 μετὰ
1078 4208 1186 4270 προο-

162 4283 274 4371 θηκης
292 4284 355 4350 τοῦ
374 4283 449 4350 λίαν
471 4280 586 4350 ιίπῶν.
629 4276 711 4369 αῦτη
734 4283 771 4350 δὲ
793 4280 963 4367 ἐτύγχανεν
985 4282 1059 4370 ίκεη
1081 4278 1186 4369 ἡμέρα
