2867 5084
237 978 297 1039 192
460 987 664 1036 Ευιυκυιου
681 986 777 1036 τιτι
795 986 983 1036 mmm
999 988 1027 1034 ιι.

232 1139 337 1225 μάτην
361 1137 420 1215 τὰς
442 1135 608 1225 ἐξηγήσεις
630 1137 676 1214 εἷς
697 1133 856 1225 ἡμετέραν
880 1135 964 1215 ζωλν
980 1139 1171 1201 ποιεῖσθαι.
1206 1157 1255 1216 γι-

234 1236 350 1302 νώσκει
372 1240 482 1300 τοίνυν
506 1229 523 1297 δ
547 1233 672 1320 πατὴρ,
701 1233 854 1318 γινώσκει
884 1228 1012 1311 δαλὸς,
1040 1231 1196 1316 γινώσκει
1218 1229 1254 1294 τὸ

233 1330 326 1418 ἅγιον
348 1335 488 1414 πνεῦμα.
520 1327 615 1396 οὐδὲν
637 1331 697 1416 γάρ
722 1331 756 1397 έν
778 1337 881 1414 πατρί
905 1331 1141 1416 διηλλαγμένον
1163 1326 1255 1411 παρά

233 1429 290 1495 τὸν
312 1429 393 1507 υἱὸν,
418 1423 494 1495 ούδέ
517 1428 551 1495 έν
574 1429 635 1514 υἱῷ
658 1429 930 1514 παρηλλαγμένον
951 1425 1045 1509 παρὰ
1059 1424 1098 1490 τὸ
1114 1428 1254 1508 πνεῦμα,

209 1522 278 1605 τάς
300 1527 333 1593 έν
357 1525 475 1612 ἑκάστη
499 1529 564 1591 τῶν
587 1531 835 1610 προειρημένων
858 1524 1016 1608 αἱρέσεων
1039 1522 1073 1589 έν
1089 1527 1187 1609 χρείᾳ
1201 1546 1257 1587 κα-

233 1624 411 1701 ταστάντες
444 1620 677 1706 ἀπεδείξαμεν,
717 1622 752 1700 ἐξ
779 1615 949 1707 ἀληθινῶν
979 1619 1173 1686 συστάσεων
1200 1617 1257 1704 τὴν

232 1721 352 1805 τριάδα
375 1715 460 1786 εἶναι
480 1726 560 1803 μίαν
583 1719 744 1805 θεύτητα,
779 1722 831 1784 καὶ
861 1719 963 1803 μηδὲν
992 1718 1076 1801 ἔχειν
1099 1717 1136 1783 έν
1159 1717 1257 1802 ἑαυτῇ

232 1819 520 1901 παρηλλαγμένον,
552 1811 636 1881 ἀλλὰ
663 1816 702 1881 τὸ
726 1819 793 1881 πάν
821 1815 1001 1901 τελειότης,
1035 1821 1113 1899 τρία
1135 1815 1281 1893 τέλεισ,ίί

232 1919 294 1997 μία
317 1915 499 1997 δοξολογία,
524 1916 575 1978 καὶ
599 1920 660 1996 μία
682 1913 842 1999 κυριότης.

198 2027 226 2075 10
319 2019 369 2077 45.
397 2004 485 2074 Ἀλλ’
511 2009 596 2094 ἐρεῖς
618 2035 690 2093 μοι,
726 2017 792 2077 τίνι
820 2017 931 2075 τοίνυν
958 2013 1004 2095 τῷ
1034 2008 1122 2095 λόγῳ
1153 2010 1263 2096 εἴρηκε

233 2110 350 2190 τούτο,·
388 2110 440 2172 καί
465 2106 525 2194 ἤδη
548 2110 607 2190 μὲν
631 2106 712 2194 άλλη
742 2132 800 2192 μοι
829 2110 906 2191 περὶ
935 2105 1116 2191 τοῦλόγου
1140 2107 1263 2173 τούτου

234 2210 436 2292 πέφρασται.
471 2200 565 2272 ούδὲν
589 2206 624 2271 δέ
646 2205 788 2271 κωλύσει
809 2215 881 2281 τοῖς
904 2199 1018 2282 αὐτοῖς
1039 2209 1263 2288 προσθείναι,

234 2305 287 2368 καί
310 2303 352 2369 τά
374 2297 458 2369 αύτὰ
481 2298 626 2391 ἀληθινὰ
642 2303 772 2388 ῥήματα
787 2304 901 2385 λέγειν,
925 2301 998 2384 έμοί
1013 2303 1073 2384 μέν
1089 2295 1151 2367 ούκ
1166 2295 1265 2388 ὀκνη-

156 2470 162 2481 ,
234 2399 302 2484 ρὸν,
325 2411 397 2479 τοῖς
420 2400 455 2466 δὲ
479 2400 727 2487 ἐντυγχάνουσιν
751 2394 900 2485 ἀσφαλές
923 2400 1025 2477 ἐ’σται,
1059 2408 1134 2476 τοῖς
1157 2400 1195 2465 δέ
1220 2393 1261 2468 δι’

200 2512 226 2560 15
236 2497 385 2575 έναντίας
408 2497 454 2575 εἰς
477 2497 622 2583 ἔλεγχον·
658 2493 675 2585 η
698 2497 759 2581 γὰρ
783 2493 950 2575 ύπύθεσις
972 2499 1089 2561 τοῦτον
1112 2496 1265 2578 ἔχειτὸν

234 2594 369 2677 τρόπον.
414 2601 489 2677 τρία
510 2595 572 2679 γὰρ
595 2594 746 2677 τάγματα
775 2595 808 2659 έν
836 2588 945 2679 τούτῷ
969 2590 1206 2682 ύπεισηνεγκεν
1231 2594 1265 2661 έν

233 2697 334 2775 μέσην,
364 2695 493 2772 πατέρα
521 2694 574 2756 καὶ
599 2690 715 2756 ἑαυτὸν
738 2690 793 2757 καί
816 2691 944 2770 πάντας
967 2686 1121 2776 ἀγγέλους
1145 2691 1181 2758 ἐν
1205 2687 1265 2759 ού·

234 2789 332 2871 ρανηλ.
363 2790 417 2851 καί
440 2790 486 2870 τῷ
509 2790 568 2870 μὲν
591 2790 692 2868 πατρί
717 2782 868 2855 ἀπέδωκε
889 2787 927 2853 τὸ
945 2788 1076 2866 είδέναι,
1100 2783 1139 2854 ού
1156 2789 1304 2872 paduam

234 2885 361 2968 εἴδησιν
384 2879 608 2950 ὑποδεικνύων
630 2890 686 2949 καί
707 2889 838 2968 γνῶσιν,
863 2882 947 2951 ἀλλὰ
969 2889 1020 2952 καὶ
1038 2884 1079 2952 τὰ
1095 2880 1149 2954 ἀεὶ
1166 2887 1265 2971 παρὰ

82 2996 87 3005 ’
196 2982 336 3062 νυπατρλ
360 2981 413 3044 καί
437 2982 530 3064 παρὰ
552 2981 613 3067 οίηῖ
636 2977 875 3069 ἀναμφιβόλως
893 2989 1137 3068 κεκρατυμμένα
1152 3009 1191 3051 τε
1205 2984 1266 3073 ml

234 3083 446 3164 γεγεννημένα
468 3082 522 3144 καὶ
546 3079 750 3164 εἰργασμένα,
775 3083 827 3145 καὶ
853 3077 949 3163 ὁμέν
972 3080 1082 3166 πατὴρ
1104 3074 1180 3148 οἶδε
1201 3081 1264 3169 τὴν

233 3171 372 3261 ἡμέραν,
403 3170 488 3242 εἶδεν
524 3171 623 3263 αύτην
652 3180 703 3242 καί
734 3175 909 3262 εἰργάσατο
940 3180 994 3243 καὶ
1022 3183 1178 3261 πέπραχε
1205 3181 1264 3246 καί

235 3275 366 3357 ἐ’κρινεν,
392 3270 437 3352 ὥς
460 3275 521 3361 ’ἐφη
546 3275 579 3340 έν
602 3275 754 3359 τηῗκατά
775 3269 923 3360 Ἰωάννην
943 3269 1117 3360 εὐαγγελίῳ
1142 3270 1199 3342 ὅτι
1223 3272 1265 3344 “δ

235 3372 344 3456 πατὴρ
368 3368 486 3437 ούδένα
508 3383 626 3455 κρινεῖ,
662 3366 746 3439 ἀλλὰ
778 3372 836 3456 τὴν
865 3377 978 3438 πάσαν
1006 3379 1113 3455 κρίσιν
1137 3373 1266 3443 δέδωκε

197 3471 281 3553 25qu
304 3469 392 3552 υίῷ”.
431 3468 465 3533 έν
486 3468 547 3553 γὰρ
570 3474 616 3555 τῷ
641 3470 818 3537 δεδωκέναι
839 3475 989 3553 κέκρικεν.
1020 3476 1131 3554 κρίνας
1146 3477 1266 3540 τοίνυν

237 3567 327 3650 ἔγνω.
357 3565 453 3649 γνούς
475 3560 546 3632 οἶδε
568 3566 652 3632 πότε
674 3568 810 3651 ἔρχεται.
844 3562 936 3652 δγάρ
952 3567 995 3653 μὴ
1019 3566 1191 3635 πιστεύων
1215 3570 1267 3650 είς

234 3663 291 3728 τὸν
315 3661 386 3729 υἱὸν
408 3661 469 3748 ἤδη
492 3670 652 3746 κέκριται,
691 3660 728 3730 ού
758 3669 816 3751 της
843 3671 981 3750 κρίσεως
1009 3666 1264 3750 παρελθούσης,

236 3756 320 3826 ἀλλὰ
341 3764 407 3826 τῶν
429 3760 504 3826 τότε
519 3761 705 3844 μελλόντων
722 3763 864 3830 ἔσεσθαι
880 3761 941 3848 ἤδη
958 3757 1294 3845 άττοδεικνυιιένων,ε

237 3854 281 3938 ὥς
303 3862 356 3924 καὶ
380 3859 437 3923 έπλ
460 3858 566 3943 τούτῳ
589 3857 628 3923 τδ
650 3865 803 3927 τοιοῦτον
826 3862 1020 3944 πληροῦται.
1060 3854 1131 3926 οἶδε
1153 3861 1219 3947 γάρ
1244 3860 1265 3954 ἡ

198 3955 344 4042 θθγραφὴ
368 3957 494 4038 ε’ίδησιν
510 3959 562 4021 καὶ
581 3957 716 4040 εἴδησιν,
741 3954 786 4034 ὥς
801 3958 852 4021 καὶ
871 3957 1031 4035 πολλάκις
1048 3957 1094 4034 είς
1109 3957 1148 4022 τὸ
1166 3983 1269 4028 συνε-

235 4053 344 4119 κτικὸν
356 4054 586 4139 κατερχόμενοι
599 4048 667 4120 ἀπὸ
681 4050 900 4139 δμοιωμάτων
913 4057 964 4119 καί
979 4055 1268 4140 παραδειγμάτων

236 4153 302 4216 τῶν
318 4147 378 4237 ἤδη
395 4159 740 4238 πεπραγματευμένων
755 4150 813 4234 τὴν
830 4151 1012 4235 σαφήνειαν
1028 4157 1081 4217 καὶ
1098 4153 1156 4242 την
1175 4157 1269 4242 φρά-

237 4266 289 4309 σιν
306 4247 442 4334 ἑκάστης
458 4248 656 4326 ὑποθέσεως
671 4249 899 4328 παριστάντες
915 4243 952 4313 ού
969 4251 1197 4334 διελείψαμεν.
