2867 5084
206 881 269 943 670
604 883 838 934 annontuones

207 1040 327 1120 Δαβὶδ]
355 1043 453 1101 Psalm.
476 1042 505 1105 8,
529 1042 557 1097 3.
670 1040 721 1096 nt.
744 1033 928 1115 κατηρτίσω]
951 1032 1142 1116 κατηρτήσω
1163 1040 1184 1094 V
1204 1048 1230 1096 et

208 1135 292 1192 codex
314 1131 394 1202 Hipp.
483 1127 533 1182 25.
556 1115 658 1196 πάλιν]
681 1122 779 1178 Psalm.
800 1124 847 1186 18,
864 1124 893 1179 2.
1011 1117 1041 1178 ol
1064 1117 1230 1200 οὐρανοὶ]

209 1227 235 1274 et
258 1213 349 1288 Hippi
371 1204 400 1267 ol
422 1201 547 1287 οὐρανοὶ
569 1209 632 1264 τῶν
653 1201 793 1283 οὐρανῶν
813 1206 883 1262 libri.
973 1209 1025 1265 26.
1049 1205 1101 1263 καὶ
1127 1204 1179 1264 διὰ
1194 1241 1230 1251 -

204 1298 267 1372 ἵνα]
296 1299 368 1353 Haec
397 1297 435 1351 sic
463 1294 574 1350 mutavit
604 1293 682 1366 Hipp.
706 1284 783 1347 ἐπάν
810 1285 844 1346 δὲ
870 1287 902 1347 ἓν
929 1282 1036 1358 πόνοις
1062 1288 1187 1366 γένηται
1211 1286 1229 1367 ἡ

206 1378 309 1458 ψυχὴ,
332 1378 442 1460 laifini?
464 1370 553 1434 οὐδὲν
574 1367 715 1451 ἵτιρονῆ
740 1369 774 1431 τὸ
798 1382 832 1442 ni,
855 1366 902 1451 ἐφ’
926 1360 951 1454 ᾧ
973 1369 1116 1442 ἀνιᾶται,
1151 1369 1231 1444 ὅπως

208 1468 305 1535 (codex
327 1458 436 1533 ὀπίσω]
457 1495 514 1519 -.
602 1463 652 1519 28.
676 1454 827 1532 αἰνέσεως]
851 1460 942 1516 Lectio
966 1471 1108 1534 suspecta.
1154 1463 1228 1536 Apud

208 1556 298 1627 Hipp..
321 1558 352 1604 ut
374 1549 455 1605 modo
478 1547 588 1607 dietum,
613 1537 658 1619 ἐφ’
676 1524 700 1622 ᾧ
715 1537 848 1613 ἀνιάτω,
872 1544 943 1617 quod
967 1561 997 1599 ex
1014 1540 1147 1601 olret’tm
1170 1564 1230 1603 eon-

208 1646 317 1710 rnptum
342 1651 403 1689 esse
425 1632 541 1688 coniecit
555 1630 684 1684 Harveius
707 1647 734 1702 p.
747 1632 815 1686 143.
853 1621 983 1695 ἀνέσεως
1004 1631 1166 1687 coniecerat
1180 1632 1230 1686 Pe·

207 1722 302 1781 tevins,
326 1717 373 1772 sed
396 1714 551 1772 retractavit
573 1714 598 1768 in
623 1712 807 1768 annotatione.
907 1714 955 1770 29.
979 1706 1062 1790 αὐτῇ
1085 1715 1116 1778 L,
1141 1715 1227 1789 Hippi

208 1795 284 1875 αὐτὴ
308 1801 354 1855 VB
442 1801 491 1856 30.
506 1830 550 1839 -
565 1799 636 1861 229,
657 1801 702 1854 10.
726 1793 790 1853 Καὶ
812 1792 880 1872 περὶ
903 1827 943 1838 -
963 1795 1137 1873 στοιχείων]
1161 1801 1228 1856 Haeo

207 1903 317 1960 quoque
332 1882 540 1955 compendileeit
554 1882 634 1954 llipp.
658 1876 708 1937 nni
728 1876 795 1958 περὶ
811 1876 929 1937 τούτων
941 1879 999 1954 μὲν
1022 1874 1141 1950 οὕτως·
1164 1879 1226 1956 περὶ

208 1965 241 2027 δι’
268 1971 323 2043 τῆς
350 1968 411 2024 τῶν
432 1957 684 2040 εἰκοσιτεσσάρων
705 1961 862 2038 στοιχείων
892 1961 1038 2042 γενέσεως
1060 1957 1162 2034 οὕτως
1182 1963 1228 2024 ’κε’-

206 2073 249 2132 γει
272 2085 330 2107 -.
438 2052 486 2108 31.
514 2044 706 2126 γραμμάτων
728 2043 838 2107 τούτου
866 2050 936 2106 libri.
986 2051 1079 2108 Heleni
1109 2046 1227 2121 rot'uoo,

207 2140 279 2212 quod
296 2155 349 2194 om.
363 2138 383 2192 L
470 2126 626 2206 αὔξοντος]
642 2135 812 2191 intransitive
827 2135 938 2190 dictum.
1029 2140 1080 2195 33.
1097 2127 1226 2194 ἑκάστου

206 2219 317 2298 μέλους
339 2221 425 2277 addidi
449 2238 480 2277 ex
503 2222 522 2276 L
545 2224 722 2292 (unoquoque
743 2222 887 2274 membroi.

294 2310 363 2367 229.
385 2309 410 2363 1.
425 2297 552 2377 ildinus
566 2297 610 2377 μὴ
625 2304 744 2360 additum
760 2322 792 2360 ex
807 2305 836 2368 L,
860 2305 906 2377 qni
922 2307 1010 2370 vertit,
1034 2309 1070 2362 de
1085 2324 1155 2363 ooee
1169 2309 1225 2361 ιιιιι

207 2410 289 2465 quum
305 2395 398 2448 locuto
415 2400 455 2446 est
469 2408 526 2445 αοα
541 2391 644 2445 locuto.
733 2390 760 2445 6.
785 2382 879 2468 αὐτῷ]
899 2380 1002 2445 αὐτῶν
1017 2398 1142 2463 (eorum)
1157 2393 1185 2448 L.

209 2482 235 2533 7.
260 2467 365 2548 αὐτοῦ]
389 2466 525 2530 αὖτῶνι
612 2477 640 2530 9.
658 2457 721 2544 οὖν]
741 2467 774 2529 δι’
792 2473 942 2542 (outemlL
1036 2479 1083 2533 ll.
1100 2468 1223 2550 ἑνότητα

205 2561 256 2614 VL
280 2559 370 2633 Hipp]
393 2549 510 2632 ἓνότητι
600 2561 646 2616 12.
662 2553 721 2630 ἐπὶ]
744 2553 791 2623 δὶς
806 2558 885 2631 llipp.
972 2552 1123 2634 τέσσαρες
1137 2558 1222 2634 Hippl

204 2640 340 2719 τέσσαρα
361 2643 431 2699 libri.
523 2646 569 2699 14.
588 2645 636 2700 26.
659 2637 772 2713 τόνΙτὸ
790 2642 809 2695 V
899 2645 945 2717 16.
962 2636 1013 2715 τὰ]
1030 2648 1133 2702 ταῦτα
1148 2646 1220 2718 Hipp.

253 2731 298 2786 18.
314 2720 528 2801 γινώσκεσθαι]
545 2721 579 2782 δὲ
593 2727 666 2781 addit
680 2726 760 2799 Hipp.
776 2727 896 2801 legitque
911 2729 931 2782 L
947 2729 1158 2800 (intempestus
1171 2747 1221 2784 στι-

205 2820 257 2866 tem
272 2828 291 2864 α
305 2812 365 2865 eolo
379 2810 460 2881 filio).
540 2812 588 2867 19.
604 2801 635 2881 ii]
650 2812 749 2865 ταῦτα
764 2811 843 2884 Hipp.
918 2806 956 2868 τά
973 2806 1007 2868 δὲ
1021 2846 1066 2855 -
1080 2810 1159 2887 petel
1173 2811 1220 2867 πί-

203 2892 308 2965 στεως]
325 2887 363 2949 τά
377 2886 456 2964 μετὰ
470 2895 587 2965 σιωπῆς
602 2890 651 2947 καὶ
666 2885 745 2965 μετὰ
759 2891 889 2961 πίστεως
903 2896 982 2970 Hipp.
1070 2895 1120 2954 καὶ
1135 2893 1218 2971 μετὰ]

201 2979 294 3051 τιμῆς
314 2972 364 3032 καὶ
387 2977 458 3033 addit
474 2977 503 3040 L,
527 2978 572 3049 qui
588 2978 676 3042 vertit,
700 2980 761 3033 alio
782 2997 849 3034 nero
870 2997 943 3052 puae
964 2999 1027 3036 oum
1040 2985 1182 3054 pronitate
1195 2990 1219 3036 et

104 3087 106 3090 ⁴
202 3064 308 3120 honore
331 3070 357 3118 et
378 3064 432 3136 fide
452 3062 636 3117 nominentur
660 3093 714 3118 -.
804 3066 852 3121 26.
876 3065 985 3139 ταῦτα]
1007 3069 1141 3124 τοιαῦτα
1161 3068 1180 3120 V

205 3151 254 3209 23.
278 3140 377 3220 ὄνομα
400 3156 426 3204 et
449 3141 480 3202 dv
501 3137 600 3227 ἑαυτῷ
622 3164 674 3204 om.
693 3147 772 3222 Hipp.
861 3152 910 3206 21.
934 3145 969 3205 δι’
990 3168 1046 3208 om.
1063 3153 1083 3208 L
1100 3153 1180 3225 Hipp.

203 3227 294 3308 Σειγὴ
310 3233 340 3304 L}
363 3226 431 3307 σιγὴ
445 3232 516 3287 libri.
598 3226 712 3308 Πατὴρ
729 3227 814 3288 πέντε
830 3233 953 3308 LHipp.]
975 3229 1064 3292 πέντε
1080 3255 1135 3294 om.
1151 3237 1217 3292 libii.

247 3320 296 3374 25.
312 3309 331 3371 ἃ
349 3307 560 3391 ἀνεπλήρωσεν
574 3334 626 3372 um.
644 3316 724 3389 Hipp.
803 3320 851 3376 30.
866 3309 984 3391 Ἰησοῦς
999 3320 1028 3393 1.]
1045 3316 1065 3394 ἢ
1081 3318 1132 3377 καὶ
1148 3315 1216 3377 δέκα

202 3401 232 3462 V,
256 3392 408 3454 ὀκτώκαὶ
430 3395 503 3455 δέκα
525 3400 554 3464 Β,
577 3402 738 3473 compendio
761 3402 862 3475 inpio
885 3406 991 3459 numeri
1014 3416 1082 3461 nota
1097 3415 1214 3478 aet-epto.

202 3484 297 3540 Omisit
319 3482 488 3555 Hippolytus.
534 3485 659 3540 Ceterum
675 3485 805 3559 {praestat
825 3489 993 3544 aecusativus
1013 3482 1143 3563 Ἰησοῦν.

200 3561 236 3625 τὸ
259 3564 349 3640 Hippl
372 3559 425 3622 τὸν
446 3566 515 3621 libri.
605 3571 653 3626 31.
669 3601 712 3611 -
728 3572 798 3634 230,
815 3572 842 3628 2.
866 3571 938 3635 Haeo
959 3573 1094 3647 ampliore
1115 3576 1216 3631 addita-

199 3661 293 3709 mento
316 3650 476 3723 interpolata
499 3652 569 3723 apud
591 3653 775 3727 Hippolytum,
799 3656 872 3730 quod
889 3674 904 3712 e
919 3659 1041 3731 margine
1065 3661 1093 3715 in
1116 3669 1214 3716 textum

199 3737 302 3792 illatum
326 3751 386 3790 esse
409 3734 525 3790 coniecit
546 3735 675 3792 Harveius
697 3757 723 3812 p.
744 3741 812 3797 146.
846 3740 891 3796 Sic
912 3751 1002 3798 autem
1026 3745 1097 3800 haec
1117 3745 1214 3817 scripte

200 3829 265 3877 suat
292 3819 361 3892 apud
384 3819 558 3892 Hippolytum
588 3840 615 3894 p.
633 3823 703 3879 211.
733 3822 781 3878 καὶ
811 3818 846 3880 τὸ
874 3828 929 3881 τοῦ
956 3813 1100 3906 σωτῆρος
1126 3820 1215 3932 potior

200 3896 298 3977 ὄνομα
319 3897 510 3980 γραμμάτων
529 3897 678 3982 ὑπάρχειν
697 3897 740 3974 Vt,
763 3901 798 3963 τὸ
822 3899 853 3963 ‹l'
876 3899 1012 3986 άρρητον
1033 3908 1084 3982 (τὸ
1107 3908 1140 3970 δε
1162 3905 1215 3990 ῥη-

198 3983 253 4044 τὸν
282 3987 378 4060 codex)
410 3981 504 4044 αὐτοῦ
536 3982 586 4044 ἐπ’
615 3981 744 4070 ἀριθμῷ
776 3994 838 4047 τῶν
865 3986 944 4051 κατὰ
964 3987 997 4052 ‘e'v
1024 3989 1218 4074 γραμμάτων

199 4069 249 4136 (sie
277 4082 429 4129 correctum
457 4089 506 4145 pro
533 4067 612 4129 κατὰ
638 4067 873 4149 ἓγγραμμάτων]
904 4075 1043 4141 τουτέστι
1072 4077 1128 4140 τὸν
1154 4075 1214 4155 ’In-

197 4154 273 4207 σοῦν
300 4155 391 4223 (verba
419 4150 555 4213 τουτέστι
584 4152 638 4213 τὸν
662 4151 782 4228 Ἰησοῦν
810 4161 969 4220 llunnlaerns
1003 4184 1089 4240 supra
1126 4168 1219 4242 posuit

557 4520 724 4608 Α
790 4610 801 4623 ,
