2867 5084
242 966 305 1031 378
469 978 670 1028 ΕΠΙΦΑΝΙΟΥ
687 978 783 1027 ΚΑΤΑ
801 978 989 1028 mmm
1005 981 1033 1027 Γ.

239 1129 363 1208 πάντες
386 1123 553 1212 εὐσεβείας
575 1125 722 1210 άδληταί
744 1154 780 1195 τε
802 1131 856 1193 καλ
880 1122 1118 1216 άθλήτριαι,“
1099 1153 1196 1209 οπως
1224 1127 1266 1198 ἂν

239 1227 401 1295 εἰδέναι”
384 1251 489 1309 εχοιτε
510 1221 577 1291 κατ’
603 1227 731 1292 έννοιαν
752 1229 818 1291 τῶν
834 1221 937 1310 άγιων
951 1230 1088 1314 γραφῶν
1105 1228 1266 1312 εἰρῆσθαι

239 1322 352 1447 ημῶν
353 1323 392 1389 τὸ
415 1326 575 1408 λογίδιον,
605 1319 651 1389 δι’
677 1313 715 1388 05
738 1322 850 1390 πάντα
873 1321 1057 1408 ίίνέίρωπον
1081 1318 1264 1410 ἀντιλέγειν

238 1419 315 1507 ύμῖν
338 1421 567 1505 ἐπιχειροῦντα
595 1420 676 1505 περὶ
704 1414 879 1505 άγεννήτοσ
908 1425 993 1488 θεοῦ
1021 1424 1074 1487 καὶ
1108 1426 1263 1508 γεννητοῦ

215 1521 358 1588 σπαύειν
392 1515 618 1602 ἀναισχυντεῖν
647 1517 823 1600 σαντόμσις
852 1517 1035 1604 ἐπιφοραῖς
1065 1519 1260 1605 δυνήσεσθε,

238 1619 374 1686 πάντων
386 1621 422 1684 δὲ
433 1617 579 1700 μάλιστα
590 1615 667 1693 τούς
677 1622 938 1701 προειρημένους
949 1622 1112 1698 χρονίτας,
1130 1616 1165 1683 ἐν
1181 1619 1285 1689 είδεισ

238 1721 305 1783 τῶν
335 1719 496 1801 στιχηριῦν
531 1712 743 1798 έπαπόρησιν
773 1708 969 1799 άπορησεως
1000 1713 1184 1801 διαστήσας
1210 1717 1261 1781 καλ

241 1815 334 1879 λύσιν
350 1813 483 1890 λύσεως,
502 1811 558 1877 διὰ
572 1810 611 1876 τὸ
628 1805 884 1894 εύπερίδρακτον
906 1815 959 1876 καὶ
977 1814 1083 1898 σαφὲς
1104 1816 1174 1878 τῶν
1190 1813 1257 1879 ἐπι-

238 1909 443 1997 χειρημάτων
456 1908 682 1994 ποιησάμενος
693 1909 751 1993 τὴν
769 1903 867 1994 ἀρχὴν
883 1913 960 1994 περὶ
978 1904 1155 1994 ἀγέννητον
1167 1914 1259 1977 θεοῦ.

201 2023 231 2072 10
324 2008 364 2073 α’.
396 2007 437 2072 Εἰ
460 2005 597 2072 δυνατόν
621 2006 692 2071 ἐστι
713 2010 760 2091 τη]
784 2003 947 2092 άγεννητῳ
976 2010 1048 2092 θεῷ
1081 2005 1121 2072 τά
1152 2033 1261 2093 γεννη·

237 2105 296 2172 τὸν
319 2101 492 2191 ἀγέννητον
516 2108 667 2191 ποιησαι,
692 2104 721 2170 εί
744 2107 839 2169 πάσα
855 2102 953 2169 ούσία
972 2103 1060 2169 ἐστὶν
1077 2099 1258 2191 άγέννητσς,

238 2198 311 2270 055²
349 2199 495 2287 ὁποτέρα
529 2204 648 2268 διοίσει
673 2206 732 2287 τῆς
755 2199 856 2287 ἄλλης
884 2201 968 2268 κατὰ
994 2201 1033 2266 τὸ
1062 2195 1258 2268 άδέσποτον.

238 2306 312 2380 πῶς
335 2293 392 2368 σύν
416 2299 455 2368 άν
478 2326 529 2379 τις
552 2307 633 2386 ηοαίη
657 2299 714 2385 τὴν
743 2302 803 2382 μὲν
825 2299 1114 2383 μεταβάλλεσθαι,
1143 2300 1203 2386 τὴν
1225 2301 1281 2368 δλο

238 2400 470 2482 μεταβάλλειν,
506 2394 564 2463 οὐκ
592 2397 840 2479 ἐπιτρεπόντων
875 2401 923 2482 τῷ
953 2399 1024 2482 ³⁶5
1053 2393 1200 2485 ὑφιστάν
1228 2397 1261 2464 ἐκ

201 2511 230 2560 15
237 2497 283 2584 μὴ
305 2494 523 2580 ὑποκειμένης
548 2492 642 2580 5559,-

323 2594 364 2678 β’.
396 2594 437 2658 Εἰ
454 2593 564 2677 πάσης
581 2593 691 2668 αίτίας
705 2598 862 2675 κρείττων
879 2586 1018 2674 ὑπάρχει
1035 2586 1052 2656 5
1069 2587 1262 2678 ἇγχέννητσς

237 2693 330 2770 θεὸς,
355 2691 411 2757 διὰ
432 2694 530 2754 τοῦτο
553 2689 607 2753 καὶ
629 2695 786 2771 γενέσεως
808 2697 962 2772 κρείττων
992 2683 1032 2754 ἂν
1060 2689 1121 2775 εἴη.
1169 2690 1199 2756 εί
1226 2690 1261 2754 δὲ

237 2796 393 2870 κρείττων
415 2786 484 2852 ίστλ
508 2785 618 2869 πάσης
641 2786 765 2864 αἰτίας,
801 2788 900 2872 δῆλον
930 2783 983 2852 ὅτι
1012 2789 1065 2851 καὶ
1094 2793 1261 2871 γενέσεως.

239 2883 314 2951 σύτε
335 2883 396 2968 γάρ
419 2877 497 2966 παρ’
516 2883 629 2967 ἑτέρας
644 2883 776 2968 φύσεως
796 2887 913 2972 ε’ίληφε
934 2883 973 2949 τὸ
996 2879 1082 2950 εἶναι
1104 2883 1182 2952 οὔτε
1204 2880 1263 2951 αύ-

323 3078 360 3164 γ’.
396 3079 434 3144 Εί
457 3079 492 3144 δὲ
516 3071 614 3155 αὐτὸς
637 3077 743 3163 ἑαυτῷ
772 3078 811 3143 τὸ
843 3075 927 3146 εἶναι
949 3077 993 3163 μὴ
1017 3083 1194 3162 παρέσχεν,
1224 3072 1262 3143 ού

238 3177 355 3244 διὰτὸ
378 3172 519 3255 άσδενὲς
541 3179 598 3261 τῆς
621 3175 762 3263 φύσεως,
793 3172 877 3243 άλλὰ
900 3176 1016 3242 διὰτὸ
1039 3170 1262 3261 ὑπερβεβηκέ-

237 3303 292 3342 ναι
315 3278 428 3341 πᾶσαν
451 3274 570 3351 αἰτίαν,
600 3272 711 3338 πόθεν
735 3272 774 3338 άν
797 3300 848 3352 τις
875 3275 933 3360 τὴν
957 3269 1152 3340 ύποστάσαν
1176 3271 1328 3356 πρὸςοβ

236 3372 295 3459 τὴν
318 3370 555 3454 ύποστησασαν
585 3370 685 3455 φύσιν
713 3369 752 3434 τὸ
783 3364 1038 3455 ἀπαράλλακτον
1067 3370 1115 3448 είς
1143 3365 1261 3436 ούσίαν

199 3470 323 3551 τεύχειν
346 3467 591 3553 συγχωρήσειεν,
616 3463 655 3534 05
679 3475 899 3554 προσιεμένης
921 3474 979 3555 τῆς
997 3468 1155 3555 τοιαύτης
1176 3463 1263 3535 ὑπσ-

238 3566 387 3644 στάσεως
409 3571 554 3649 γένεσιν,·

323 3663 361 3729 δ.
392 3664 433 3728 Εἰ
456 3659 676 3749 άτιλεατήτως
705 3660 827 3780 ύθεὸς
851 3661 1045 3746 διαμένει’
1031 3688 1064 3727 εν
1095 3658 1262 3750 άγεννητῳ

238 3760 337 3850 φύσει
366 3764 419 3826 καλ
444 3755 665 3845 άτελεοτητως
692 3762 730 3825 τὸ
759 3768 901 3846 γέννημα
928 3786 1035 3845 γεννη
1022 3786 1070 3842 ια
1099 3755 1260 3840 έστιν,“
1240 3787 1262 3847 η

236 3862 295 3925 τοῦ
319 3854 498 3941 ὁμσουσίοο
527 3856 662 3922 καὶτοῦ
687 3853 901 3940 ὁμοιοσισίοσ
919 3859 1073 3936 κακοδσξί
1074 3884 1096 3921 α
1119 3881 1264 3943 παρεισ-

197 3956 460 4044 σοφθαρησεται.
505 3956 640 4020 ἵσταται
663 3956 697 4021 δὲ
729 3955 768 4021 τὸ
791 3957 824 4022 ἒν
846 3951 944 4042 ούσίᾳ
967 3952 1161 4041 άσσγκρίτηι,
1186 3956 1263 4022 ἑκα-

235 4061 333 4170 τέρας
356 4052 486 4139 φύσεως
509 4048 690 4130 άπαίστως
720 4052 936 4136 διαμενούσης
965 4053 998 4118 ἐν
1027 4055 1074 4135 τῷ
1104 4052 1181 4139 ίδίῳ
1203 4056 1292 4141 τῆςμ

238 4151 370 4239 φύσεως
392 4145 566 4234 ἀξιώματι.

322 4244 487 4314 εΕ.ί
470 4247 643 4335 αγέννητύς
672 4241 806 4313 ἐστιν(
790 4272 807 4312 ο
836 4245 918 4322 θεὸς
944 4271 1003 4333 την
1031 4238 1167 4327 οὐσίαν,
1201 4242 1264 4315 σύκ
