2867 5084
255 942 319 1008 360
483 955 687 1006 εοιοιυιοκ
703 954 799 1006 xm
818 953 1006 1004 ιιετῑειιει
1022 953 1052 1001 r.

253 1107 352 1195 σκηνή
382 1132 418 1174 τε
444 1106 501 1174 καὶ
536 1109 661 1192 δέρρεις
693 1113 746 1174 καὶ
784 1108 930 1189 δέρματα
959 1099 1273 1191 ήρυθροδανιομένα,

251 1199 447 1290 σἰγκόλαιμε
469 1204 523 1270 καὶ
545 1205 587 1272 τὰ
609 1203 703 1283 άλλα,
730 1205 891 1288 πυλωροὶ,
920 1204 973 1268 καὶ
997 1200 1180 1287 σάλπιγγες
1201 1201 1273 1269 ἐλα-

250 1305 322 1383 ταλ,
352 1305 407 1368 καλ
428 1301 614 1386 καμπύλαι,
642 1305 694 1368 καλ
723 1313 844 1386 χρυσαῖ
871 1303 925 1367 καὶ
954 1296 1111 1384 ἀργυραῖ,
1144 1300 1270 1382 χαλκαῖ,

250 1405 433 1483 κερατίναι,
462 1403 517 1466 καὶ
545 1401 587 1467 τὰ
610 1398 694 1466 άλλα
723 1396 851 1483 ὅσαπερ
875 1394 893 1464 ὁ
916 1397 1017 1480 νόμος
1038 1397 1119 1484 ἐφη,
1153 1403 1269 1462 θυσίαι

226 1496 419 1585 οδιάφοροι,
449 1468 669 1564 διδασκαλίαι.
714 1497 830 1582 ἐπειδή
860 1489 924 1561 ἀπ’
954 1490 1054 1580 ἀρχῆς
1080 1497 1188 1560 ταῦτα
1216 1488 1269 1560 οἰκ

249 1584 304 1682 ἦν,
339 1585 403 1681 ἆρα
429 1595 513 1678 μετὰ
540 1595 578 1661 τὸ
606 1600 766 1680 γενέσθαι
794 1593 852 1679 τήν
880 1592 974 1672 τάξιν
1003 1587 1060 1657 οὐκ
1085 1592 1205 1678 ε’έληφε
1231 1591 1268 1657 τὰ

249 1692 428 1777 πράγματα
435 1723 446 1774 ,·
484 1689 570 1758 οἱῗτιο
599 1691 718 1758 καὶτὰ
741 1691 834 1775 παρὰ
859 1694 906 1777 τῷ
930 1685 1110 1775 άποστόλῳ
1132 1699 1288 1777 γεγραμ-ξ)

248 1796 345 1872 μένα,
376 1791 438 1866 ἕως
461 1786 516 1856 ὅτε
538 1788 731 1871 ἐπλατόνθη
754 1785 773 1874 ή
797 1789 965 1874 ἐκκλησία,
1000 1788 1062 1865 ἕως
1085 1783 1142 1855 ὅτε
1165 1787 1213 1864 εἰς
1232 1784 1265 1852 τό

249 1887 336 1952 ἐδιον
354 1892 473 1971 μέτρον
490 1886 651 1972 ἐλήλακεν,
675 1888 738 1964 ἕως
754 1883 809 1952 ὅτε
823 1885 882 1951 τὸν
896 1885 1019 1967 κόσμον
1034 1888 1093 1970 τής
1109 1890 1266 1960 συνέσεως

212 1983 443 2050 ιθδικαιότατα
476 1983 509 2049 ἐκ
540 1985 667 2067 πατρὸς
695 1988 748 2050 καὶ
772 1985 845 2050 υἱοῦ
875 1985 927 2048 καλ
958 1978 1053 2068 ἆγέσυ
1082 1983 1267 2065 πνεύματος

249 2076 465 2168 ᾠκονόμηται.
498 2083 551 2147 καὶ
575 2082 693 2148 ἐπεσεν
717 2077 735 2146 ό
757 2085 816 2147 τοῦ
836 2077 967 2164 Ἀερέου
990 2081 1096 2165 λόγος.

333 2182 401 2246 Καὶ
423 2175 556 2262 ὅτιμὲν
580 2173 618 2244 οὐ
648 2179 784 2245 δόναται
813 2178 934 2244 ταυτὸν
963 2172 1048 2245 εἶναι
1079 2171 1268 2245 διδάσκειό

246 2283 343 2357 θεῖος
365 2277 461 2364 λόγος
481 2281 540 2342 τοῦ
564 2273 658 2361 ἁγίου
681 2271 883 2356 ἀποστόλου,
912 2283 963 2354 τίς
991 2281 1051 2358 μέν
1074 2274 1167 2342 ἐστιν
1197 2276 1269 2342 ἐπλ-

246 2399 386 2455 σκοπος,
416 2383 468 2453 τίς
491 2378 526 2441 δέ
549 2375 620 2441 ἐστι
648 2373 889 2459 πρεσβύτερος,
923 2369 968 2451 ὡς
996 2375 1081 2457 λέγει
1109 2379 1269 2458 Τιμοθέῳ

210 2471 421 2559 Ιδέπισκόπηι
445 2470 525 2552 όντι,
552 2471 795 2558 “πρεσβυ’τερον
817 2471 861 2557 μή
881 2470 1076 2555 ἐπιπλήξῃς,
1100 2464 1188 2536 ἀλλὰ
1204 2496 1270 2537 πα-

244 2569 379 2653 ρακάλει
402 2565 448 2646 ιῦς
469 2574 627 2652 πατέρα.”
664 2576 697 2635 τί
720 2565 785 2650 εἶχε
813 2572 951 2653 πρᾶγμα
976 2568 1164 2634 ἐπίσκοπον
1188 2577 1318 2652 πρε-910

245 2673 392 2751 σβυιέρῳ
413 2667 457 2751 μή
481 2667 713 2752 ἐπιπλήττειν,
747 2666 776 2732 εἰ
797 2665 841 2752 μή
870 2656 910 2752 ήν
932 2661 1017 2748 ὑπὲρ
1039 2664 1097 2731 τὸν
1120 2665 1271 2750 πρεσβό·

242 2787 338 2847 τερον
361 2763 442 2844 ἔχων
463 2762 521 2849 τήν
551 2763 720 2845 ἐξουσίαν,
760 2760 804 2842 ὡς
832 2763 887 2829 καὶ
915 2761 1018 2828 πάλιν
1047 2763 1134 2846 λέγει
1164 2763 1272 2831 “naui

243 2866 468 2945 πρεσβυτέρου
489 2859 534 2945 μή
557 2866 680 2941 ταχέως
702 2868 897 2947 κατηγορίαν
921 2862 1025 2942 δέχου,
1049 2859 1078 2926 εἰ
1099 2860 1144 2946 μή
1160 2887 1198 2928 τι
1213 2861 1271 2929 ἐπὶ

203 2956 303 3022 2οδάο
325 2955 380 3021 καὶ
401 2960 501 3042 τριῶν
524 2957 726 3043 μαρτόριον.”
755 2961 809 3024 καὶ
833 2953 891 3023 οένκ
914 2953 988 3024 εἶπέ
1010 2982 1076 3023 τινι
1097 2960 1166 3022 τῶν
1186 2985 1273 3045 πρε·

244 3060 425 3138 σβυτέριον,
458 3056 502 3140 μή
527 3057 600 3141 δέξῃ
623 3064 820 3142 κατηγορίαν
849 3056 932 3121 κατά
961 3053 1166 3134 ἐπισκόπου,
1192 3051 1273 3124 σι’·δέ

243 3152 367 3238 ἐγραεβε
389 3158 455 3220 τιῦν
478 3159 709 3238 πρεσβυτέρων
732 3157 798 3219 τινὶ
819 3153 863 3238 μή
888 3151 1103 3237 ἐπιπλήττειν
1129 3152 1275 3222 ἐπισκό-

241 3276 306 3335 πῳ.
344 3249 398 3315 καὶ
422 3246 501 3338 ὁρᾷς
524 3248 576 3316 ὅτι
599 3249 726 3328 παντὸς
748 3253 807 3315 τοῦ
834 3251 868 3317 ἐκ
890 3253 948 3315 τοῦ
972 3250 1132 3335 διαβόλου
1155 3277 1274 3337 παρα-

241 3349 461 3429 σαλεοομένου
484 3345 502 3434 ή
527 3351 657 3425 πτῶσις
679 3343 717 3412 οό
740 3347 841 3431 μικρά
863 3355 914 3426 τίς
937 3349 1045 3428 ἐστιν,·

199 3458 232 3508 νυ
326 3450 354 3508 6.
378 3440 512 3526 ’λδιομεν
536 3446 572 3510 δέ
594 3444 706 3510 καὶτὰ
725 3443 809 3509 ἄλλα
832 3440 932 3510 αὐτοῦ
955 3444 1009 3510 καὶ
1026 3444 1274 3533 διασκοπήσιο-

238 3564 308 3623 μεν.
345 3542 398 3604 καὶ
421 3541 580 3622 περὶτοῦ
604 3541 724 3623 Πάσχα
747 3545 881 3626 πρῶτον
910 3543 1071 3624 εἴπωμεν,
1101 3538 1150 3620 ὥς
1180 3569 1272 3631 φησι

240 3636 298 3702 “τό
320 3636 441 3718 Πάσχα
462 3634 554 3724 ήμῶν
578 3638 680 3724 ἐτύθη
703 3637 892 3723 Χριστός·”
928 3641 1051 3722 ἴδωμεν
1079 3633 1184 3705 αότὸν
1209 3641 1301 3710 τὸνΒ

238 3734 386 3812 εἰπόντα,
422 3734 451 3800 εἷ
479 3730 536 3801 οὐκ
560 3735 715 3802 ἐπετέλει.
760 3743 815 3802 καί
837 3760 939 3823 φησιν
963 3735 1146 3803 “ἐ’σπευδεν
1168 3733 1272 3819 ὅπως

238 3832 362 3919 ποιήσῃ
391 3831 450 3917 τήν
477 3833 708 3919 Πεντηκοστήν
737 3834 784 3911 εἰς
809 3829 1045 3921 Ἰερουσαλήμ.”
1090 3840 1200 3902 ποίαν
1232 3839 1272 3907 δὲ

196 3927 295 4015 δοτήν
318 3930 547 4016 Πεντηκοστήν
570 3932 718 3997 ἐπετέλει
740 3933 885 4009 Παῦλος,
921 3931 950 3997 ελ
971 3930 1015 4017 μή
1037 3929 1162 4014 Πάσχα
1185 3933 1274 4004 έπε-

239 4029 367 4106 τέλεσε,·
396 4034 461 4093 τὶνι
486 4029 518 4095 δέ
543 4023 582 4093 οὐ
599 4028 861 4114 συμπεφώνηται
884 4028 918 4094 ἐν
940 4031 1026 4093 πᾶσι
1049 4030 1190 4112 κλίμασι
1206 4036 1274 4121 τῆς

238 4121 428 4210 οἰκουμένης
462 4121 514 4190 ὅτι
536 4123 652 4207 τετράς
674 4125 728 4190 καὶ
752 4125 988 4209 προσάββατον
1012 4132 1149 4212 νηστεία
1172 4126 1273 4198 ἐστὶν

236 4216 270 4280 ἐν
293 4220 331 4301 τῇ
355 4218 508 4307 ἐκκλησίᾳ
531 4216 714 4306 ὡρισμένης
746 4221 774 4287 εἰ
803 4224 839 4289 δὲ
867 4222 921 4288 καὶ
947 4220 1007 4308 χρή
1036 4222 1076 4289 τὸ
1104 4225 1165 4309 τής
1187 4227 1272 4295 δια-

510 4544 671 4632 Α
