2867 5084
458 996 552 1051 tm
571 1001 840 1053 ιυευουικυιυκυ.
1102 992 1161 1057 ¹63

138 1171 245 1216 νωσιν
275 1142 375 1214 αὐτὸν
403 1151 456 1216 καὶ
480 1144 655 1235 ἀλλότριον
677 1154 735 1237 τῆς
756 1154 816 1217 τοῦ
839 1152 966 1235 πατρὸς
989 1147 1105 1234 οὐσίας
1125 1180 1164 1224 τε

110 1249 194 1313 cmi
220 1246 354 1333 φύσεως
376 1240 547 1335 ἀληθινῆς.
578 1250 700 1331 νομίζω
724 1249 759 1315 δὲ
773 1253 820 1334 τῷ
836 1248 967 1316 σύνεσιν
981 1258 1163 1339 κεκτημένῳ

139 1339 211 1409 ἀπὸ
238 1346 320 1426 μιᾶς
344 1337 365 1429 ἢ
387 1343 447 1409 δύο
468 1350 673 1429 μαρτυριῶν,
702 1339 724 1430 ἢ
745 1351 845 1412 πέντε
866 1350 932 1412 τῶν
953 1352 1061 1427 κακῶς
1083 1343 1161 1434 παρ’

138 1437 258 1519 αὐτοῖς
286 1441 547 1528 ίπινενοημένων
576 1447 628 1509 καὶ
659 1443 877 1528 ἐλεγχομένων
899 1446 953 1509 καὶ
978 1440 1162 1528 ἀνατρεπο-

136 1544 264 1622 μένων,
287 1541 346 1625 της
366 1537 479 1625 πάσης
500 1536 663 1626 ἀληθείας
684 1546 937 1627 κηρυττομένης,
967 1545 1019 1607 καὶ
1044 1547 1185 1630 σαφῶςε

137 1635 173 1703 ἒν
202 1639 243 1723 τῇ
273 1641 387 1702 πίστει
414 1641 473 1723 τῆς
501 1631 702 1720 ὀρθοδοξίας
723 1644 976 1724 βεβαιουμένης,
1007 1638 1163 1725 ἐλεγχθή-

137 1756 259 1800 σονται
279 1731 373 1817 παρὰ
394 1744 467 1811 τοῖς
488 1740 750 1821 προειρημένοις,
774 1738 850 1801 νοῦν
872 1735 988 1802 θεϊκὸν
1009 1743 1163 1823 κεκτημέ-

137 1855 220 1909 νοις,
243 1828 305 1918 κᾶγ
326 1855 362 1898 τε
382 1831 467 1912 μετὰ
488 1831 609 1909 ταύτας
630 1831 691 1910 τὰς
716 1831 886 1911 ἒπιλύοεις
908 1833 1162 1921 έπινενοημίνας

137 1930 246 2008 λέξεις
272 1934 392 2012 μυρίας
421 1927 524 2006 ἄλλος
550 1928 733 2013 ένέγκωσιν.
779 1925 848 1996 ἀπὸ
869 1929 931 2015 γὰρ
953 1934 1019 1997 τῶν
1042 1926 1161 2017 ὀλίγων

138 2026 174 2092 αλ
198 2027 358 2092 πλεῖσται
380 2025 595 2113 λυθήσονται,
618 2025 676 2113 τὴν
699 2027 774 2113 ἴσην
797 2027 936 2111 δύναμιν
958 2034 1129 2114 φέρουσαι.
1174 2055 1200 2105 ιι)

108 2142 127 2192 ο
227 2129 278 2189 20.
310 2125 374 2189 Καὶ
399 2119 542 2207 ἄρξομαι
563 2126 697 2209 πρῶτον
720 2127 779 2189 τοῦ
801 2126 921 2209 λέγειν,
946 2121 1028 2192 ὅθεν
1050 2127 1163 2191 διέλα-

137 2228 199 2304 βον
228 2223 335 2299 κακῶς
362 2220 516 2306 φυτεύειν
542 2223 601 2306 τῆς
623 2227 759 2304 πικρίας
780 2218 889 2286 αὐτῶν
911 2223 1003 2306 ῥίζαν
1024 2224 1084 2286 τοῦ
1106 2221 1163 2286 λό-

136 2342 208 2404 γου,
232 2321 293 2384 τοῦ
314 2313 382 2383 ῦπὸ
397 2319 615 2402 Σολομῶντος
637 2317 818 2402 εἰρημένου,
841 2317 880 2382 τὸ
904 2317 1036 2401 ’κύριος
1056 2318 1163 2384 λ’κτισέ

135 2441 180 2500 με
202 2414 304 2504 ἀρχὴν
327 2411 414 2482 ὁδῶν
435 2410 537 2482 αῦτοῦ
560 2415 609 2493 είς
630 2415 707 2499 ἔργα
730 2410 857 2480 αὐτοῦ’.
888 2417 944 2481 καὶ
965 2410 1003 2479 οῦ
1026 2415 1163 2494 πάντως

137 2537 208 2580 που
232 2514 413 2598 ἐβεβαίωσε
434 2512 554 2600 γραφη,
579 2507 655 2579 οῦδὲ
678 2511 828 2598 ἐμνήσθη
851 2537 903 2591 τις
923 2515 990 2578 τῶν
1012 2506 1201 2591 ἇπσστό-χς

137 2613 206 2677 λων
226 2614 288 2698 τῆς
308 2612 426 2689 λέξεως
447 2610 577 2694 ταύτης,
601 2610 656 2676 ἵνα
678 2609 853 2695 παραγάγη
877 2604 978 2696 αὐτὴν
995 2608 1042 2686 εἷς
1058 2606 1163 2694 ὄνομα

138 2711 302 2792 Χριστοῦ.
334 2703 420 2774 ὥστε
442 2697 500 2773 οῦν
522 2704 560 2772 οῦ
583 2706 718 2785 πάντως
740 2714 817 2790 περὶ
840 2709 899 2772 τοῦ
914 2706 988 2772 υἱοῦ
1003 2710 1061 2772 τοῦ
1077 2708 1163 2774 θεοῦ

139 2808 238 2891 λέγει,
260 2803 322 2872 κᾶν
342 2830 379 2871 τε
402 2806 480 2891 ελπη
505 2800 558 2870 ὅτι
581 2804 664 2890 ’λέγω
682 2800 701 2892 ἡ
719 2811 825 2891 σοφία
838 2803 1070 2891 κατεσκήνωσα
1084 2811 1165 2889 βου-

139 2906 201 2988 λην
221 2906 277 2970 καί
300 2906 438 2988 γνῶσιν,
461 2905 515 2968 καὶ
538 2902 668 2971 ἔννοιαν
689 2902 753 2988 ἐγὼ
777 2902 1054 2989 ἒπεκαλεοάμην”.
1098 2901 1165 2968 πό-

140 3025 199 3068 σαι
229 2999 290 3085 γάρ
318 3000 385 3067 είσι
411 3003 676 3086 καταχρηστικῶς
704 2998 877 3084 λεγόμεναι
908 3001 993 3065 θεοῦ
1026 3006 1203 3085 σοφίαιςω

97 3106 206 3182 ταμία
241 3098 277 3164 δὲ
302 3092 321 3163 ὅ
349 3096 543 3184 μονογενὴς,
579 3092 648 3180 οῦχὶ
683 3099 947 3182 καταχρηστικιῦς
980 3095 1164 3180 λεγόμενος,

140 3189 215 3262 ἀλλ’
240 3193 275 3261 έν
295 3189 447 3282 ἀληθείᾳ.
477 3192 521 3260 τά
542 3193 653 3261 πάντα
674 3194 736 3280 γὰρ
758 3197 843 3261 θεοῦ
866 3198 981 3278 σοφία.
1023 3195 1077 3259 καί
1102 3187 1166 3258 ὅσα

140 3292 235 3360 ἐστίν
256 3285 327 3359 ἀπὸ
347 3296 407 3358 τοῦ
432 3295 531 3371 θεοῦ,
555 3298 661 3379 σοφία
683 3293 782 3359 ἐστίν.
814 3288 896 3377 ἄλλη
920 3291 957 3356 δὲ
980 3288 1164 3370 ι’ὀιάζουσα,

140 3391 196 3457 καὶ
222 3385 311 3474 ῦπλρ
339 3389 451 3456 πάντα
482 3378 581 3469 οῦσα,
610 3395 781 3457 τουτέστιν
810 3383 828 3453 ὁ
855 3386 1047 3473 μονογενὴς,
1079 3381 1164 3473 ὁμὴ

140 3490 408 3574 καταχρηστικῶς
434 3481 480 3553 ῶν
502 3493 623 3575 σοφία,
653 3482 723 3553 ἀλλ’
748 3481 906 3573 ἀληθείᾳ,
937 3481 1039 3551 ῦσῦν
1061 3486 1203 3570 πατρλεε

141 3581 194 3654 ἀεὶ
217 3579 275 3665 ῶν,
300 3579 318 3650 ὁ
341 3584 479 3668 ῦῦναμις
501 3578 547 3650 ῶν
570 3588 652 3651 θεοῦ
675 3587 728 3651 καί
752 3590 859 3670 σοφία
873 3583 957 3649 κατὰ
971 3581 1010 3647 τὸ
1025 3607 1166 3668 γεγραμ-

138 3691 241 3769 μίνον
265 3676 364 3770 ’ἡμῖν
393 3684 429 3750 δέ
451 3680 600 3768 Χριστὸς
627 3680 766 3765 δύναμις
794 3683 894 3760 θεοῦ,
922 3677 978 3746 καὶ
1000 3683 1084 3746 θεοῦ
1107 3702 1166 3745 σο·

140 3785 231 3870 φία”.
263 3779 337 3847 ἔστι
351 3780 388 3848 δὲ
404 3786 530 3866 “σοφία
545 3783 686 3865 πένητος
702 3778 951 3864 έξουθενημένη.
978 3778 1033 3842 καὶ
1049 3774 1165 3861 ἐπειδὴ

139 3879 175 3946 {r
202 3880 244 3966 τῇ
274 3883 381 3964 σοφίᾳ
405 3879 468 3943 τοῦ
495 3879 579 3943 θεοῦ
608 3872 667 3943 οῦκ
694 3877 777 3961 έγνω
807 3869 970 3957 ὃκόσμος
990 3872 1049 3938 τὸν
1071 3870 1165 3950 θεὸν,

142 3971 306 4063 ηῦῦόκησε
333 3972 390 4042 διαὶ
416 3977 476 4060 τῆς
501 3979 630 4057 μωρίας
656 3976 715 4038 τοῦ
746 3967 934 4058 εὐαγγελίου
958 3973 1067 4037 σῶσαι
1089 3967 1205 4046 τοῦςω

141 4070 373 4150 πιστεύοντας.
398 4074 452 4138 καί
469 4068 633 4156 ἐμώρανεν
657 4065 675 4134 ῦ
697 4067 780 4147 θεὸς
802 4069 861 4155 τὴν
883 4073 1007 4154 σοφίαν
1029 4068 1088 4130 τοῦ
1111 4063 1167 4130 aa·

109 4188 230 4254 Βσμου
250 4167 384 4247 τοῦτον,
404 4170 459 4235 καλ
482 4167 601 4236 λ’ῦωκεν
617 4161 636 4232 ὅ
651 4166 734 4244 θεὸς
749 4165 887 4250 καρδίαν
901 4167 947 4250 τῷ
959 4163 1164 4245 Σολομῶντι,

139 4263 186 4348 ὦς
215 4264 257 4333 τὸ
283 4263 373 4349 χῦμα
399 4268 457 4354 τῆς
478 4264 669 4351 θαλάσσης,
699 4265 754 4330 καὶ
777 4262 960 4349 ίσσφίσατο
982 4254 1067 4344 ὑπὲρ
1089 4257 1168 4339 τοῦς

962 4361 1017 4418 λλ*

981 4468 1207 4592 .Α
