2867 5084
464 1000 558 1053 mx.
576 1003 847 1054 ιυαιοοτιαιτιι.
1105 991 1167 1055 229

145 1151 185 1217 τό
214 1154 322 1231 τέλος,
354 1148 434 1218 όταν
461 1154 639 1238 παραδιδῷ
667 1153 726 1239 τῆν
753 1156 925 1239 βασιλείαν
948 1158 995 1239 τῷ
1019 1159 1090 1241 θεῷ
1113 1154 1169 1221 καὶ

144 1252 266 1332 πατρὶ,
297 1245 376 1315 όταν
399 1249 582 1337 καταργήσῃ
606 1253 720 1317 πᾶσαν
743 1246 842 1338 όρχῆν
864 1253 917 1317 καὶ
941 1255 1054 1318 πᾶσαν
1077 1253 1170 1332 ε’-ξου-

114 1353 223 1415 ῠσίαν
246 1348 299 1412 καὶ
323 1346 471 1430 δύναμιν.
518 1350 570 1414 δεῖ
596 1346 657 1432 γὰρ
680 1343 780 1415 αὑτὸν
802 1347 990 1432 βασιλεύειν
1013 1348 1106 1434 άχρις
1130 1340 1169 1416 οὑ

141 1447 191 1531 θῇ
215 1443 346 1522 πάντας
366 1443 444 1524 τοὺς
466 1445 608 1528 ἕχθροὺς
630 1439 731 1510 αὑτοῦ
748 1441 816 1510 ὑπὸ
832 1446 909 1524 τούς
924 1446 1033 1525 πόδας
1048 1443 1167 1513 αὑτοῦ·

143 1541 283 1624 ἔσχατος
305 1540 425 1625 ἐχθρός
447 1552 659 1626 καταργεῖται
682 1537 895 1620 όθάνατος”.
926 1539 1005 1608 όταν
1029 1546 1064 1609 δὲ
1088 1546 1193 1631 εἴπῃο

143 1634 198 1705 ότι
221 1639 334 1704 πάντα
356 1634 446 1725 αύτῷ
462 1635 693 1717 ὑποτέτακται,
719 1640 817 1724 δῆλον
834 1637 887 1706 ότι
902 1641 994 1718 ἐκτὸς
1009 1644 1067 1706 τού
1083 1638 1169 1706 ὑπο-

142 1735 306 1815 τάξαντος
332 1730 421 1822 αύτῷ
444 1735 485 1802 τὰ
508 1735 627 1802 πάντα.
660 1733 761 1803 “ὑ’ταν
785 1739 819 1804 δέ
842 1734 992 1825 ὑποταγῇ
1016 1733 1104 1824 αύτῷ
1127 1738 1170 1805 τὰ

143 1832 271 1912 πάντα,
300 1833 376 1901 τότε
404 1836 457 1899 καὶ
488 1830 587 1912 αὑτὸς
610 1830 628 1899 ό
651 1834 722 1913 υλός
745 1830 991 1922 ὑποταγήσεται
1013 1838 1060 1920 τῷ
1083 1830 1170 1900 ὑπο-

142 1930 282 2009 τάξαντι
310 1925 399 2016 αύτῷ
427 1931 470 1996 τὰ
497 1929 623 2010 πάντα,
654 1932 710 1997 ἵνα
737 1922 758 2020 ᾗ
788 1928 806 1996 ό
832 1933 914 2011 θεὸς
936 1932 978 1999 τὰ
1001 1932 1112 1999 πάντα
1135 1933 1170 1999 έν

142 2031 279 2094 πᾶσιν”.
311 2027 596 2112 ἐπιλαμβάνονται
617 2035 729 2094 τοίνυν
752 2033 810 2094 τοῦ
826 2031 936 2115 ῥητού,
959 2034 1013 2096 καί
1030 2034 1076 2115 τῷ
1094 2030 1168 2097 ἔθει
1181 2044 1208 2093 10

142 2128 203 2210 τῆς
225 2121 333 2190 αύτῶν
357 2124 479 2208 ἔχθρας
504 2125 590 2209 πρὸς
612 2125 669 2191 τόν
691 2130 850 2212 μονογενῆ
873 2126 1169 2205 κατασκευάζοντες

143 2221 203 2307 τῆν
227 2218 329 2287 αότοῖ·
351 2220 523 2308 ἄφραστον
546 2225 599 2288 καὶ
624 2223 756 2300 ἔνδοξον
773 2225 927 2307 θεότητα,
953 2220 998 2301 ιὺς
1013 2226 1065 2288 καὶ
1083 2224 1167 2287 πολ-

89 2318 240 2397 mmm
262 2313 367 2397 εἶπον,
392 2314 488 2406 άνοίρ
511 2319 699 2406 φερόμενοι,
721 2323 774 2384 καὶ
799 2324 912 2407 φασὶν,
938 2317 1017 2407 όρῆς
1040 2317 1092 2384 ότι
1116 2321 1169 2384 λέ-

142 2441 195 2502 γει
218 2411 318 2480 ’όταν
346 2416 385 2480 τό
413 2419 507 2494 τέλος
535 2418 713 2500 παραδιδῷ
742 2416 800 2503 τῆν
830 2417 1003 2500 βασιλείαν
1025 2419 1072 2502 τῷ
1098 2420 1168 2501 θεῷ

141 2512 200 2580 καί
223 2512 341 2596 πατρί,
372 2509 450 2578 ὅταν
472 2513 657 2600 καταργήσῃ
682 2517 794 2579 πᾶσαν
818 2514 969 2592 ἐξουσίαν
991 2520 1044 2580 καί
1070 2513 1168 2579 δύνα-
1178 2530 1207 2579 15

141 2636 211 2695 μιν.
259 2611 311 2677 δεῖ
336 2610 397 2695 γάρ
427 2605 527 2676 αὑτὸν
555 2611 759 2694 βασιλεύειν,
790 2609 883 2693 άχρις
906 2601 945 2676 οὑ
967 2600 1015 2699 θῆ
1038 2610 1168 2690 πάντας

141 2708 223 2786 τούς
250 2707 391 2791 ἐχθρούς
418 2703 486 2772 ὑπὸ
514 2706 591 2785 τούς
613 2707 722 2787 πόδας
745 2704 873 2774 αύτού”.
919 2710 957 2774 τὸ
982 2710 1018 2774 δὲ
1041 2710 1092 2776 δεῖ
1113 2712 1166 2774 καλ

142 2803 220 2887 δι’χρι
249 2807 302 2871 καὶ
332 2801 411 2870 όταν
440 2805 617 2887 παραδιδῷ
643 2805 702 2892 τῆν
735 2808 910 2890 βασιλείαν
936 2807 1055 2891 χρόνου
1079 2807 1168 2873 ἐστὶν

144 2899 293 2986 ὁρισμός.
324 2902 379 2968 καὶ
399 2903 673 2988 βλασφημούντές
696 2927 790 2988 φασι,
815 2902 972 2982 παύσειας
995 2907 1048 2970 καὶ
1067 2929 1168 2969 κατα-

142 3000 271 3078 λύσεως
292 3002 351 3064 τοῦ
373 2998 608 3083 βασιλεύοντός
630 3000 701 3065 ε’·στι
723 3004 828 3065 ταῦτα
851 3001 1026 3083 δηλωτικὰ,
1052 3002 1113 3079 ἕως
1129 2990 1207 3066 ούυο

144 3096 323 3182 παραδιδῷ
351 3096 410 3182 τῆν
437 3097 610 3179 βασιλείαν
632 3100 678 3181 τῷ
702 3101 773 3182 θεῷ
796 3101 850 3163 καί
873 3105 986 3183 πατρί.
1033 3102 1085 3163 καί
1111 3093 1168 3162 οὑκ

145 3195 262 3260 ἴσασιν
282 3193 319 3273 ἐξ
339 3189 488 3278 ὑπαρχῆς
509 3194 566 3257 τόν
589 3196 665 3258 νοῦν
686 3197 745 3280 τῆς
769 3189 941 3280 ἀληθείας,
976 3193 1027 3260 ότι
1051 3194 1168 3260 διὰτὸ

110 3296 375 3376 Βμετεσχηκέναι
396 3289 455 3354 τὸν
476 3293 634 3376 μονογενῆ
658 3290 778 3371 σαρκός
801 3294 854 3357 καὶ
878 3292 1019 3373 αἵματος
1040 3291 1082 3356 τά
1112 3286 1168 3356 άν-

141 3391 369 3473 θρωπσπαθῆ
393 3392 469 3471 περὶ
493 3382 593 3453 αὑτοῦ
616 3390 669 3453 καλ
692 3390 750 3472 τῆς
772 3388 930 3473 ἐνσάρκου
953 3384 1054 3454 αὑτοῦ
1080 3414 1169 3472 παρ-

143 3492 262 3564 ουσίας
284 3484 519 3571 προσληπτικό
539 3488 597 3571 τῆς
613 3485 709 3570 δόξης
724 3481 842 3571 ᾅδεται
857 3485 911 3551 καὶ
927 3488 1071 3572 λέγεται·
1096 3481 1164 3552 ἀλλ’
1177 3500 1206 3549 25

143 3578 206 3650 ούκ
226 3581 319 3661 ἐκτὸς
340 3585 398 3670 τῆς
419 3584 547 3661 τελείας
573 3577 623 3649 dez
646 3585 701 3647 καί
725 3582 858 3662 ἐνδόξου
882 3578 982 3649 αὑτοῦ
1005 3583 1168 3670 θεότητος

141 3683 206 3767 τῆς
224 3681 327 3768 μηδὲν
348 3679 539 3763 ἐνδυομένης
561 3681 820 3763 προσλαβέσθαι
844 3680 948 3768 δόξης,
973 3682 1108 3765 ἐχούσης
1132 3682 1167 3747 δέ

140 3778 185 3847 τό
220 3772 541 3860 αὑτοδεδοξασμένον
573 3779 629 3843 καλ
662 3778 701 3843 τὸ
736 3773 958 3870 αὑτοτέλειον,
995 3776 1039 3855 ιὺς
1068 3774 1167 3855 αὑτὸς

139 3877 225 3959 περὶ
251 3878 321 3940 τῶν
349 3874 407 3940 δύο
435 3869 654 3968 ἀπολογεῖται
683 3877 809 3958 μερῶν,
840 3873 977 3962 ιγάσκιυν
1006 3877 1083 3956 περὶ
1106 3876 1165 3956 μὲν

136 3975 206 4041 ταῦ
228 3972 429 4059 προσφάτου
453 3969 616 4050 ’δόξασόν
636 3997 686 4055 με,
711 3972 828 4055 πάτερ,
853 3971 886 4038 ἰν
908 3976 948 4059 τῆ
971 3970 1049 4056 δόξῃ
1072 3961 1093 4057 ᾗ
1120 3967 1205 4037 εἶ·30

134 4094 203 4158 χον
231 4069 326 4153 παρὰ
354 4069 410 4136 σοὶ
437 4069 504 4154 πρὸ
532 4073 591 4135 τοῦ
619 4068 676 4135 τόν
704 4068 829 4152 κόσμον
858 4072 1051 4153 γενέσθαι”·
1083 4064 1101 4132 ὑ
1130 4070 1166 4136 δὲ

133 4165 257 4254 πατὴρ
284 4171 352 4235 τῶν
377 4166 436 4233 δύο
459 4173 601 4251 σχέσεων
623 4160 838 4251 άπαγγέλλων
868 4165 925 4251 τῆν
960 4165 1059 4244 δόξαν
1089 4169 1165 4253 περὶ

96 4269 206 4356 eph
220 4266 281 4352 τῆς
294 4263 430 4353 πρώτης
443 4263 580 4332 κατὰτὸ
594 4267 735 4348 πνεῦμα,
761 4260 813 4330 δτι
830 4261 981 4343 ἐδόξασα,
1005 4263 1061 4329 ἰ’να
1076 4264 1165 4354 δείξῃ

1115 4576 1284 4676 fl
