<?xml version="1.0" encoding="UTF-8"?>
<!DOCTYPE html PUBLIC "-//W3C//DTD XHTML 1.0 Transitional//EN"
    "http://www.w3.org/TR/xhtml1/DTD/xhtml1-transitional.dtd">
<html xmlns="http://www.w3.org/1999/xhtml" xml:lang="en" lang="en">
 <head>
  <title>
</title>
<meta http-equiv="Content-Type" content="text/html;charset=utf-8" />
  <meta name='ocr-system' content='tesseract 3.04.00' />
  <meta name='ocr-capabilities' content='ocr_page ocr_carea ocr_par ocr_line ocrx_word'/>
</head>
<body>
  <div class='ocr_page' id='page_1' title='image "./opera01dindgoog_0068.png"; bbox 0 0 2867 5084; ppageno 0'>
   <div class='ocr_carea' id='block_1_1' title="bbox 169 932 957 995">
    <p class='ocr_par' dir='ltr' id='par_1_1' title="bbox 169 932 957 995">
     <span class='ocr_line' id='line_1_1' title="bbox 169 932 957 995; baseline -0.008 0"><span class='ocrx_word' id='word_1_1' title='bbox 169 932 211 995; x_wconf 77' lang='grc'><strong><em>46</em></strong></span> <span class='ocrx_word' id='word_1_2' title='bbox 394 941 598 992; x_wconf 67' lang='lat' dir='ltr'><strong>summor</strong></span> <span class='ocrx_word' id='word_1_3' title='bbox 613 940 709 990; x_wconf 78' lang='grc' dir='ltr'><strong><em>ιιετκ</em></strong></span> <span class='ocrx_word' id='word_1_4' title='bbox 726 941 912 992; x_wconf 67' lang='lat' dir='ltr'><strong><em>mmm</em></strong></span> <span class='ocrx_word' id='word_1_5' title='bbox 928 943 957 990; x_wconf 79' lang='grc' dir='ltr'><strong><em>ε.</em></strong></span> 
     </span>
    </p>
   </div>
   <div class='ocr_carea' id='block_1_2' title="bbox 204 1209 1216 1316">
    <p class='ocr_par' dir='ltr' id='par_1_2' title="bbox 204 1209 1216 1316">
     <span class='ocr_line' id='line_1_2' title="bbox 204 1209 1216 1316; baseline -0.007 -26"><span class='ocrx_word' id='word_1_6' title='bbox 204 1219 327 1313; x_wconf 77' lang='grc' dir='ltr'><strong><em>(Ἀρχὴ</em></strong></span> <span class='ocrx_word' id='word_1_7' title='bbox 353 1209 439 1291; x_wconf 81' lang='grc' dir='ltr'><strong><em>τῶν</em></strong></span> <span class='ocrx_word' id='word_1_8' title='bbox 456 1223 525 1291; x_wconf 84' lang='grc' dir='ltr'><strong><em>τοῦ</em></strong></span> <span class='ocrx_word' id='word_1_9' title='bbox 552 1214 752 1300; x_wconf 85' lang='grc' dir='ltr'><strong><em>Μάνεντος</em></strong></span> <span class='ocrx_word' id='word_1_10' title='bbox 778 1216 907 1289; x_wconf 72' lang='grc' dir='ltr'><strong><em>ἀθέων</em></strong></span> <span class='ocrx_word' id='word_1_11' title='bbox 934 1210 1161 1316; x_wconf 79' lang='grc' dir='ltr'><strong><em>δογμάτων.)</em></strong></span> <span class='ocrx_word' id='word_1_12' title='bbox 1197 1236 1216 1283; x_wconf 78' lang='grc' dir='ltr'><strong><em>ο</em></strong></span> 
     </span>
    </p>
   </div>
   <div class='ocr_carea' id='block_1_3' title="bbox 127 1378 1235 4303">
    <p class='ocr_par' dir='ltr' id='par_1_3' title="bbox 168 1378 1190 1670">
     <span class='ocr_line' id='line_1_3' title="bbox 252 1378 1190 1472; baseline -0.003 -19"><span class='ocrx_word' id='word_1_13' title='bbox 252 1387 294 1453; x_wconf 80' lang='grc' dir='ltr'><strong><em>Εἰ</em></strong></span> <span class='ocrx_word' id='word_1_14' title='bbox 315 1385 373 1472; x_wconf 78' lang='grc' dir='ltr'><strong><em>τὴν</em></strong></span> <span class='ocrx_word' id='word_1_15' title='bbox 394 1389 453 1453; x_wconf 82' lang='grc' dir='ltr'><strong><em>τοῦ</em></strong></span> <span class='ocrx_word' id='word_1_16' title='bbox 465 1384 566 1468; x_wconf 87' lang='grc' dir='ltr'><strong><em>Μόνη</em></strong></span> <span class='ocrx_word' id='word_1_17' title='bbox 589 1393 704 1452; x_wconf 89' lang='grc' dir='ltr'><strong><em>πίστιν</em></strong></span> <span class='ocrx_word' id='word_1_18' title='bbox 719 1384 838 1452; x_wconf 74' lang='grc' dir='ltr'><strong><em>θέλετε</em></strong></span> <span class='ocrx_word' id='word_1_19' title='bbox 851 1389 985 1468; x_wconf 70' lang='grc' dir='ltr'><strong><em>μαθεῖν,</em></strong></span> <span class='ocrx_word' id='word_1_20' title='bbox 1010 1378 1088 1467; x_wconf 81' lang='grc' dir='ltr'><strong><em>παρ’</em></strong></span> <span class='ocrx_word' id='word_1_21' title='bbox 1106 1382 1190 1466; x_wconf 77' lang='grc' dir='ltr'><strong><em>έμοόι</em></strong></span> 
     </span>
     <span class='ocr_line' id='line_1_4' title="bbox 168 1473 1189 1568; baseline -0.002 -18"><span class='ocrx_word' id='word_1_22' title='bbox 168 1478 329 1552; x_wconf 82' lang='grc' dir='ltr'><strong><em>ἀκούσατε</em></strong></span> <span class='ocrx_word' id='word_1_23' title='bbox 350 1483 528 1567; x_wconf 83' lang='grc' dir='ltr'><strong><em>συντόμως.</em></strong></span> <span class='ocrx_word' id='word_1_24' title='bbox 559 1473 656 1561; x_wconf 83' lang='grc' dir='ltr'><strong><em>οὗτος</em></strong></span> <span class='ocrx_word' id='word_1_25' title='bbox 678 1482 736 1548; x_wconf 83' lang='grc' dir='ltr'><strong><em>δύο</em></strong></span> <span class='ocrx_word' id='word_1_26' title='bbox 760 1489 850 1567; x_wconf 88' lang='grc' dir='ltr'><strong><em>σέβει</em></strong></span> <span class='ocrx_word' id='word_1_27' title='bbox 865 1480 966 1560; x_wconf 74' lang='grc' dir='ltr'><strong><em>θεοὺς</em></strong></span> <span class='ocrx_word' id='word_1_28' title='bbox 983 1476 1189 1568; x_wconf 80' lang='grc' dir='ltr'><strong><em>ἀγεννητους,</em></strong></span> 
     </span>
     <span class='ocr_line' id='line_1_5' title="bbox 169 1575 1190 1670; baseline -0.006 -22"><span class='ocrx_word' id='word_1_29' title='bbox 169 1579 362 1670; x_wconf 79' lang='grc' dir='ltr'><strong><em>αὖτοφυείς,</em></strong></span> <span class='ocrx_word' id='word_1_30' title='bbox 393 1578 535 1660; x_wconf 75' lang='grc' dir='ltr'><strong><em>ἀϊδίους,</em></strong></span> <span class='ocrx_word' id='word_1_31' title='bbox 566 1582 623 1649; x_wconf 75' lang='grc' dir='ltr'><strong><em>ἕνα</em></strong></span> <span class='ocrx_word' id='word_1_32' title='bbox 644 1584 691 1667; x_wconf 81' lang='grc' dir='ltr'><strong><em>τῷ</em></strong></span> <span class='ocrx_word' id='word_1_33' title='bbox 714 1580 762 1646; x_wconf 79' lang='grc' dir='ltr'><strong><em>ένλ</em></strong></span> <span class='ocrx_word' id='word_1_34' title='bbox 785 1575 1017 1664; x_wconf 76' lang='grc' dir='ltr'><em>ἀντικείμενον.</em></span> <span class='ocrx_word' id='word_1_35' title='bbox 1052 1579 1190 1645; x_wconf 78' lang='grc' dir='ltr'><strong><em>καὶτὸν</em></strong></span> 
     </span>
    </p>

    <p class='ocr_par' dir='ltr' id='par_1_4' title="bbox 144 1676 1218 2156">
     <span class='ocr_line' id='line_1_6' title="bbox 144 1676 1189 1767; baseline -0.004 -21"><span class='ocrx_word' id='word_1_36' title='bbox 144 1697 159 1746; x_wconf 74' lang='grc' dir='ltr'><strong><em>ο</em></strong></span> <span class='ocrx_word' id='word_1_37' title='bbox 166 1683 227 1765; x_wconf 81' lang='grc' dir='ltr'><strong><em>μὲν</em></strong></span> <span class='ocrx_word' id='word_1_38' title='bbox 256 1676 401 1767; x_wconf 70' lang='grc' dir='ltr'><strong><em>ἀγαθὸν,</em></strong></span> <span class='ocrx_word' id='word_1_39' title='bbox 433 1679 489 1745; x_wconf 89' lang='grc' dir='ltr'><strong><em>τὸν</em></strong></span> <span class='ocrx_word' id='word_1_40' title='bbox 517 1680 553 1746; x_wconf 83' lang='grc' dir='ltr'><strong><em>δὲ</em></strong></span> <span class='ocrx_word' id='word_1_41' title='bbox 581 1677 728 1765; x_wconf 88' lang='grc' dir='ltr'><strong><em>πονηρὸν</em></strong></span> <span class='ocrx_word' id='word_1_42' title='bbox 751 1677 944 1765; x_wconf 83' lang='grc' dir='ltr'><strong><em>εἰσηγεῖται,</em></strong></span> <span class='ocrx_word' id='word_1_43' title='bbox 974 1679 1048 1763; x_wconf 77' lang='grc' dir='ltr'><strong><em>φῶς</em></strong></span> <span class='ocrx_word' id='word_1_44' title='bbox 1068 1679 1116 1762; x_wconf 75' lang='grc' dir='ltr'><strong><em>τῷ</em></strong></span> <span class='ocrx_word' id='word_1_45' title='bbox 1140 1677 1189 1743; x_wconf 79' lang='grc' dir='ltr'><strong><em>ἑνὶ</em></strong></span> 
     </span>
     <span class='ocr_line' id='line_1_7' title="bbox 169 1774 1189 1862; baseline -0.003 -19"><span class='ocrx_word' id='word_1_46' title='bbox 169 1776 274 1862; x_wconf 77' lang='grc' dir='ltr'><strong><em>ὄνομα</em></strong></span> <span class='ocrx_word' id='word_1_47' title='bbox 296 1783 437 1861; x_wconf 69' lang='grc' dir='ltr'><strong><em>θέμενος</em></strong></span> <span class='ocrx_word' id='word_1_48' title='bbox 458 1779 512 1845; x_wconf 77' lang='grc' dir='ltr'><strong><em>καὶ</em></strong></span> <span class='ocrx_word' id='word_1_49' title='bbox 533 1779 581 1862; x_wconf 79' lang='grc' dir='ltr'><strong><em>τῷ</em></strong></span> <span class='ocrx_word' id='word_1_50' title='bbox 604 1776 705 1862; x_wconf 73' lang='grc' dir='ltr'><strong><em>ἑτέρῳ</em></strong></span> <span class='ocrx_word' id='word_1_51' title='bbox 728 1774 855 1854; x_wconf 82' lang='grc' dir='ltr'><strong><em>σκότος.</em></strong></span> <span class='ocrx_word' id='word_1_52' title='bbox 895 1776 949 1842; x_wconf 83' lang='grc' dir='ltr'><strong><em>καὶ</em></strong></span> <span class='ocrx_word' id='word_1_53' title='bbox 964 1777 1024 1840; x_wconf 85' lang='grc' dir='ltr'><strong><em>τοῦ</em></strong></span> <span class='ocrx_word' id='word_1_54' title='bbox 1039 1775 1100 1858; x_wconf 78' lang='grc' dir='ltr'><strong><em>μέν</em></strong></span> <span class='ocrx_word' id='word_1_55' title='bbox 1116 1798 1189 1861; x_wconf 83' lang='grc' dir='ltr'><strong><em>φω-</em></strong></span> 
     </span>
     <span class='ocr_line' id='line_1_8' title="bbox 167 1869 1189 1960; baseline -0.002 -20"><span class='ocrx_word' id='word_1_56' title='bbox 167 1875 225 1953; x_wconf 87' lang='grc' dir='ltr'><strong><em>τός</em></strong></span> <span class='ocrx_word' id='word_1_57' title='bbox 246 1870 332 1943; x_wconf 79' lang='grc' dir='ltr'><strong><em>εἶναι</em></strong></span> <span class='ocrx_word' id='word_1_58' title='bbox 352 1880 452 1959; x_wconf 89' lang='grc' dir='ltr'><strong><em>μέρος</em></strong></span> <span class='ocrx_word' id='word_1_59' title='bbox 472 1874 531 1960; x_wconf 80' lang='grc' dir='ltr'><strong><em>την</em></strong></span> <span class='ocrx_word' id='word_1_60' title='bbox 554 1873 587 1940; x_wconf 88' lang='grc' dir='ltr'><strong><em>έν</em></strong></span> <span class='ocrx_word' id='word_1_61' title='bbox 611 1869 809 1957; x_wconf 71' lang='grc' dir='ltr'><strong><em>ἀνθρώποις</em></strong></span> <span class='ocrx_word' id='word_1_62' title='bbox 831 1871 948 1960; x_wconf 76' lang='grc' dir='ltr'><strong><em>ψυχὴν,</em></strong></span> <span class='ocrx_word' id='word_1_63' title='bbox 971 1874 1029 1938; x_wconf 85' lang='grc' dir='ltr'><strong><em>τοῦ</em></strong></span> <span class='ocrx_word' id='word_1_64' title='bbox 1053 1873 1089 1938; x_wconf 78' lang='grc' dir='ltr'><strong><em>δὲ</em></strong></span> <span class='ocrx_word' id='word_1_65' title='bbox 1110 1871 1189 1938; x_wconf 83' lang='grc' dir='ltr'><strong><em>σκό-</em></strong></span> 
     </span>
     <span class='ocr_line' id='line_1_9' title="bbox 167 1966 1218 2057; baseline -0.005 -21"><span class='ocrx_word' id='word_1_66' title='bbox 167 1996 245 2050; x_wconf 84' lang='grc' dir='ltr'><strong><em>τους</em></strong></span> <span class='ocrx_word' id='word_1_67' title='bbox 265 1971 304 2038; x_wconf 88' lang='grc' dir='ltr'><strong><em>τὸ</em></strong></span> <span class='ocrx_word' id='word_1_68' title='bbox 327 1975 423 2055; x_wconf 78' lang='grc' dir='ltr'><strong><em>σῶμα</em></strong></span> <span class='ocrx_word' id='word_1_69' title='bbox 445 1974 498 2038; x_wconf 78' lang='grc' dir='ltr'><strong><em>καὶ</em></strong></span> <span class='ocrx_word' id='word_1_70' title='bbox 521 1969 559 2036; x_wconf 89' lang='grc' dir='ltr'><strong><em>τό</em></strong></span> <span class='ocrx_word' id='word_1_71' title='bbox 580 1974 638 2056; x_wconf 79' lang='grc' dir='ltr'><strong><em>τῆς</em></strong></span> <span class='ocrx_word' id='word_1_72' title='bbox 658 1966 739 2056; x_wconf 85' lang='grc' dir='ltr'><strong><em>όλης</em></strong></span> <span class='ocrx_word' id='word_1_73' title='bbox 761 1970 996 2057; x_wconf 76' lang='grc' dir='ltr'><strong><em>δημιούργημα.</em></strong></span> <span class='ocrx_word' id='word_1_74' title='bbox 1036 1971 1128 2052; x_wconf 83' lang='grc' dir='ltr'><strong><em>μίξιν</em></strong></span> <span class='ocrx_word' id='word_1_75' title='bbox 1151 1970 1218 2036; x_wconf 58' lang='lat' dir='ltr'><strong><em>dhe</em></strong></span> 
     </span>
     <span class='ocr_line' id='line_1_10' title="bbox 167 2066 1186 2156; baseline -0.002 -22"><span class='ocrx_word' id='word_1_76' title='bbox 167 2068 244 2156; x_wconf 81' lang='grc' dir='ltr'><strong><em>ἤτοι</em></strong></span> <span class='ocrx_word' id='word_1_77' title='bbox 274 2068 451 2155; x_wconf 83' lang='grc' dir='ltr'><strong><em>σύγκρασιν</em></strong></span> <span class='ocrx_word' id='word_1_78' title='bbox 483 2069 608 2134; x_wconf 76' lang='grc' dir='ltr'><strong><em>τούτων</em></strong></span> <span class='ocrx_word' id='word_1_79' title='bbox 641 2070 728 2153; x_wconf 79' lang='grc' dir='ltr'><strong><em>λέγει</em></strong></span> <span class='ocrx_word' id='word_1_80' title='bbox 760 2073 927 2152; x_wconf 84' lang='grc' dir='ltr'><strong><em>γεγονέναι</em></strong></span> <span class='ocrx_word' id='word_1_81' title='bbox 957 2066 1016 2134; x_wconf 88' lang='grc' dir='ltr'><strong><em>τόν</em></strong></span> <span class='ocrx_word' id='word_1_82' title='bbox 1049 2067 1186 2151; x_wconf 88' lang='grc' dir='ltr'><strong><em>τρόπον,</em></strong></span> 
     </span>
    </p>

    <p class='ocr_par' dir='ltr' id='par_1_5' title="bbox 130 2163 1192 2645">
     <span class='ocr_line' id='line_1_11' title="bbox 130 2163 1187 2253; baseline -0.006 -18"><span class='ocrx_word' id='word_1_83' title='bbox 130 2185 159 2236; x_wconf 83' lang='lat'><strong><em>1⁰</em></strong></span> <span class='ocrx_word' id='word_1_84' title='bbox 168 2163 355 2249; x_wconf 81' lang='grc' dir='ltr'><strong><em>ἀπεικάζων</em></strong></span> <span class='ocrx_word' id='word_1_85' title='bbox 383 2168 460 2247; x_wconf 79' lang='grc' dir='ltr'><strong><em>τοὺς</em></strong></span> <span class='ocrx_word' id='word_1_86' title='bbox 483 2166 541 2234; x_wconf 88' lang='grc' dir='ltr'><strong><em>δόο</em></strong></span> <span class='ocrx_word' id='word_1_87' title='bbox 563 2169 648 2252; x_wconf 74' lang='grc' dir='ltr'><strong><em>τῷδε</em></strong></span> <span class='ocrx_word' id='word_1_88' title='bbox 668 2169 716 2253; x_wconf 76' lang='grc' dir='ltr'><strong><em>τῷ</em></strong></span> <span class='ocrx_word' id='word_1_89' title='bbox 739 2165 999 2249; x_wconf 83' lang='grc' dir='ltr'><strong><em>παραδείγματι·</em></strong></span> <span class='ocrx_word' id='word_1_90' title='bbox 1029 2163 1187 2248; x_wconf 70' lang='grc' dir='ltr'><strong><em>καθάπερ</em></strong></span> 
     </span>
     <span class='ocr_line' id='line_1_12' title="bbox 169 2256 1184 2351; baseline -0.005 -18"><span class='ocrx_word' id='word_1_91' title='bbox 169 2266 227 2333; x_wconf 88' lang='grc' dir='ltr'><strong><em>δόο</em></strong></span> <span class='ocrx_word' id='word_1_92' title='bbox 248 2267 399 2351; x_wconf 77' lang='grc' dir='ltr'><strong><em>βασιλεῖς</em></strong></span> <span class='ocrx_word' id='word_1_93' title='bbox 420 2261 675 2349; x_wconf 81' lang='grc' dir='ltr'><strong><em>ἀντιμαχόμενοι</em></strong></span> <span class='ocrx_word' id='word_1_94' title='bbox 696 2263 784 2348; x_wconf 89' lang='grc' dir='ltr'><strong><em>πρός</em></strong></span> <span class='ocrx_word' id='word_1_95' title='bbox 805 2257 980 2347; x_wconf 80' lang='grc' dir='ltr'><strong><em>ἀλλήλους,</em></strong></span> <span class='ocrx_word' id='word_1_96' title='bbox 1013 2259 1105 2340; x_wconf 85' lang='grc' dir='ltr'><strong><em>ὄντες</em></strong></span> <span class='ocrx_word' id='word_1_97' title='bbox 1128 2256 1184 2328; x_wconf 72' lang='grc' dir='ltr'><strong><em>ἀπ’</em></strong></span> 
     </span>
     <span class='ocr_line' id='line_1_13' title="bbox 167 2358 1188 2452; baseline -0.005 -22"><span class='ocrx_word' id='word_1_98' title='bbox 167 2359 267 2452; x_wconf 80' lang='grc' dir='ltr'><strong><em>ἀρχῆς</em></strong></span> <span class='ocrx_word' id='word_1_99' title='bbox 295 2365 409 2447; x_wconf 73' lang='grc' dir='ltr'><strong><em>ἐχθροὶ</em></strong></span> <span class='ocrx_word' id='word_1_100' title='bbox 439 2366 493 2430; x_wconf 81' lang='grc' dir='ltr'><strong><em>καλ</em></strong></span> <span class='ocrx_word' id='word_1_101' title='bbox 523 2358 586 2430; x_wconf 89' lang='grc' dir='ltr'><strong><em>ἀνὰ</em></strong></span> <span class='ocrx_word' id='word_1_102' title='bbox 607 2368 706 2447; x_wconf 89' lang='grc' dir='ltr'><strong><em>μέρος</em></strong></span> <span class='ocrx_word' id='word_1_103' title='bbox 729 2360 866 2428; x_wconf 81' lang='grc' dir='ltr'><strong><em>ἑκάστου</em></strong></span> <span class='ocrx_word' id='word_1_104' title='bbox 889 2359 931 2427; x_wconf 83' lang='grc' dir='ltr'><strong><em>τὰ</em></strong></span> <span class='ocrx_word' id='word_1_105' title='bbox 953 2361 1024 2426; x_wconf 82' lang='grc' dir='ltr'><strong><em>ἰ’δια</em></strong></span> <span class='ocrx_word' id='word_1_106' title='bbox 1047 2360 1188 2442; x_wconf 72' lang='grc' dir='ltr'><strong><em>ἔχοντος.</em></strong></span> 
     </span>
     <span class='ocr_line' id='line_1_14' title="bbox 167 2453 1189 2541; baseline -0.005 -13"><span class='ocrx_word' id='word_1_107' title='bbox 167 2462 250 2529; x_wconf 83' lang='grc' dir='ltr'><strong><em>κατὰ</em></strong></span> <span class='ocrx_word' id='word_1_108' title='bbox 272 2464 308 2528; x_wconf 79' lang='grc' dir='ltr'><strong><em>δέ</em></strong></span> <span class='ocrx_word' id='word_1_109' title='bbox 331 2462 489 2528; x_wconf 89' lang='grc' dir='ltr'><strong><em>σόστασιν</em></strong></span> <span class='ocrx_word' id='word_1_110' title='bbox 511 2460 550 2526; x_wconf 90' lang='grc' dir='ltr'><strong><em>τὸ</em></strong></span> <span class='ocrx_word' id='word_1_111' title='bbox 573 2460 689 2538; x_wconf 86' lang='grc' dir='ltr'><strong><em>σκότος</em></strong></span> <span class='ocrx_word' id='word_1_112' title='bbox 712 2458 859 2525; x_wconf 71' lang='grc' dir='ltr'><strong><em>ἐπελθόν</em></strong></span> <span class='ocrx_word' id='word_1_113' title='bbox 882 2459 916 2526; x_wconf 87' lang='grc' dir='ltr'><strong><em>έκ</em></strong></span> <span class='ocrx_word' id='word_1_114' title='bbox 930 2461 997 2524; x_wconf 82' lang='grc' dir='ltr'><strong><em>τῶν</em></strong></span> <span class='ocrx_word' id='word_1_115' title='bbox 1013 2453 1113 2541; x_wconf 82' lang='grc' dir='ltr'><em>ὁρίων</em></span> <span class='ocrx_word' id='word_1_116' title='bbox 1129 2453 1189 2524; x_wconf 88' lang='grc' dir='ltr'><strong><em>αό-</em></strong></span> 
     </span>
     <span class='ocr_line' id='line_1_15' title="bbox 167 2550 1192 2645; baseline -0.002 -21"><span class='ocrx_word' id='word_1_117' title='bbox 167 2563 226 2625; x_wconf 86' lang='grc' dir='ltr'><strong><em>τοό</em></strong></span> <span class='ocrx_word' id='word_1_118' title='bbox 256 2558 532 2645; x_wconf 78' lang='grc' dir='ltr'><strong><em>προσεμαχήσατο</em></strong></span> <span class='ocrx_word' id='word_1_119' title='bbox 560 2561 607 2642; x_wconf 77' lang='grc' dir='ltr'><strong><em>τῷ</em></strong></span> <span class='ocrx_word' id='word_1_120' title='bbox 630 2562 727 2644; x_wconf 79' lang='grc' dir='ltr'><strong><em>φωτί.</em></strong></span> <span class='ocrx_word' id='word_1_121' title='bbox 773 2556 891 2641; x_wconf 85' lang='grc' dir='ltr'><strong><em>γνόντα</em></strong></span> <span class='ocrx_word' id='word_1_122' title='bbox 920 2557 956 2622; x_wconf 81' lang='grc' dir='ltr'><strong><em>δέ</em></strong></span> <span class='ocrx_word' id='word_1_123' title='bbox 977 2555 1035 2621; x_wconf 85' lang='grc' dir='ltr'><strong><em>τόν</em></strong></span> <span class='ocrx_word' id='word_1_124' title='bbox 1058 2550 1192 2639; x_wconf 72' lang='grc' dir='ltr'><strong><em>ἀγαθὸν</em></strong></span> 
     </span>
    </p>

    <p class='ocr_par' dir='ltr' id='par_1_6' title="bbox 131 2647 1191 2838">
     <span class='ocr_line' id='line_1_16' title="bbox 131 2647 1191 2739; baseline -0.004 -16"><span class='ocrx_word' id='word_1_125' title='bbox 131 2675 159 2724; x_wconf 80' lang='lat'><strong><em>15</em></strong></span> <span class='ocrx_word' id='word_1_126' title='bbox 168 2662 297 2739; x_wconf 88' lang='grc' dir='ltr'><strong><em>πατέρα</em></strong></span> <span class='ocrx_word' id='word_1_127' title='bbox 325 2655 365 2722; x_wconf 87' lang='grc' dir='ltr'><strong><em>τὸ</em></strong></span> <span class='ocrx_word' id='word_1_128' title='bbox 392 2655 509 2732; x_wconf 85' lang='grc' dir='ltr'><strong><em>σκότος</em></strong></span> <span class='ocrx_word' id='word_1_129' title='bbox 537 2653 570 2720; x_wconf 77' lang='grc' dir='ltr'><strong><em>ἐν</em></strong></span> <span class='ocrx_word' id='word_1_130' title='bbox 592 2657 631 2739; x_wconf 85' lang='grc' dir='ltr'><strong><em>τῇ</em></strong></span> <span class='ocrx_word' id='word_1_131' title='bbox 653 2657 693 2739; x_wconf 81' lang='grc' dir='ltr'><strong><em>γῇ</em></strong></span> <span class='ocrx_word' id='word_1_132' title='bbox 716 2647 817 2719; x_wconf 76' lang='grc' dir='ltr'><strong><em>αὐτοῦ</em></strong></span> <span class='ocrx_word' id='word_1_133' title='bbox 840 2652 1081 2739; x_wconf 80' lang='grc' dir='ltr'><strong><em>έπιδεδημηκός</em></strong></span> <span class='ocrx_word' id='word_1_134' title='bbox 1103 2677 1191 2737; x_wconf 86' lang='grc' dir='ltr'><strong><em>προ-</em></strong></span> 
     </span>
     <span class='ocr_line' id='line_1_17' title="bbox 166 2747 1190 2838; baseline -0.003 -19"><span class='ocrx_word' id='word_1_135' title='bbox 166 2752 300 2837; x_wconf 82' lang='grc' dir='ltr'><strong><em>βάλλειν</em></strong></span> <span class='ocrx_word' id='word_1_136' title='bbox 323 2752 358 2831; x_wconf 76' lang='grc' dir='ltr'><strong><em>ἐξ</em></strong></span> <span class='ocrx_word' id='word_1_137' title='bbox 379 2747 480 2818; x_wconf 78' lang='grc' dir='ltr'><strong><em>αὐτοῦ</em></strong></span> <span class='ocrx_word' id='word_1_138' title='bbox 503 2748 652 2835; x_wconf 79' lang='grc' dir='ltr'><strong><em>δύναμιν,</em></strong></span> <span class='ocrx_word' id='word_1_139' title='bbox 675 2753 850 2836; x_wconf 83' lang='grc' dir='ltr'><strong><em>λεγομένην</em></strong></span> <span class='ocrx_word' id='word_1_140' title='bbox 871 2757 996 2838; x_wconf 88' lang='grc' dir='ltr'><strong><em>μητέρα</em></strong></span> <span class='ocrx_word' id='word_1_141' title='bbox 1017 2755 1076 2838; x_wconf 79' lang='grc' dir='ltr'><strong><em>τῆς</em></strong></span> <span class='ocrx_word' id='word_1_142' title='bbox 1092 2752 1190 2837; x_wconf 80' lang='grc' dir='ltr'><strong><em>ζωῆς,</em></strong></span> 
     </span>
    </p>

    <p class='ocr_par' dir='ltr' id='par_1_7' title="bbox 143 2844 1220 3131">
     <span class='ocr_line' id='line_1_18' title="bbox 143 2844 1188 2936; baseline 0 -20"><span class='ocrx_word' id='word_1_143' title='bbox 143 2853 219 2916; x_wconf 53' lang='grc' dir='ltr'><strong><em>’καὶ</em></strong></span> <span class='ocrx_word' id='word_1_144' title='bbox 256 2844 356 2936; x_wconf 74' lang='grc' dir='ltr'><strong><em>αὐτὴν</em></strong></span> <span class='ocrx_word' id='word_1_145' title='bbox 387 2849 647 2935; x_wconf 84' lang='grc' dir='ltr'><strong><em>προβεβληκέναι</em></strong></span> <span class='ocrx_word' id='word_1_146' title='bbox 679 2847 737 2914; x_wconf 84' lang='grc' dir='ltr'><strong><em>τόν</em></strong></span> <span class='ocrx_word' id='word_1_147' title='bbox 771 2852 904 2932; x_wconf 89' lang='grc' dir='ltr'><strong><em>πρῶτον</em></strong></span> <span class='ocrx_word' id='word_1_148' title='bbox 933 2846 1119 2933; x_wconf 71' lang='grc' dir='ltr'><strong><em>ἄνθρωπον</em></strong></span> <span class='ocrx_word' id='word_1_149' title='bbox 1145 2849 1188 2916; x_wconf 85' lang='grc' dir='ltr'><strong><em>τὰ</em></strong></span> 
     </span>
     <span class='ocr_line' id='line_1_19' title="bbox 156 2941 1186 3032; baseline -0.002 -19"><span class='ocrx_word' id='word_1_150' title='bbox 156 2953 267 3015; x_wconf 81' lang='grc' dir='ltr'><strong><em>,πέντε</em></strong></span> <span class='ocrx_word' id='word_1_151' title='bbox 288 2958 447 3029; x_wconf 84' lang='grc' dir='ltr'><strong><em>στοιχεῖα.</em></strong></span> <span class='ocrx_word' id='word_1_152' title='bbox 492 2947 555 3013; x_wconf 80' lang='grc' dir='ltr'><strong><em>εἰσὶ</em></strong></span> <span class='ocrx_word' id='word_1_153' title='bbox 579 2948 615 3014; x_wconf 80' lang='grc' dir='ltr'><strong><em>δὲ</em></strong></span> <span class='ocrx_word' id='word_1_154' title='bbox 637 2944 766 3029; x_wconf 81' lang='grc' dir='ltr'><strong><em>ἀνεμος,</em></strong></span> <span class='ocrx_word' id='word_1_155' title='bbox 790 2950 878 3032; x_wconf 81' lang='grc' dir='ltr'><strong><em>φῶς,</em></strong></span> <span class='ocrx_word' id='word_1_156' title='bbox 907 2941 1012 3029; x_wconf 82' lang='grc' dir='ltr'><strong><em>όδιορ,</em></strong></span> <span class='ocrx_word' id='word_1_157' title='bbox 1043 2950 1110 3030; x_wconf 86' lang='grc' dir='ltr'><strong><em>πῦρ</em></strong></span> <span class='ocrx_word' id='word_1_158' title='bbox 1132 2949 1186 3012; x_wconf 83' lang='grc' dir='ltr'><strong><em>καί</em></strong></span> 
     </span>
     <span class='ocr_line' id='line_1_20' title="bbox 167 3038 1220 3131; baseline 0.002 -21"><span class='ocrx_word' id='word_1_159' title='bbox 167 3040 236 3131; x_wconf 81' lang='grc' dir='ltr'><strong><em>όλη.</em></strong></span> <span class='ocrx_word' id='word_1_160' title='bbox 281 3047 461 3112; x_wconf 79' lang='grc' dir='ltr'><strong><em>καὶταῦτα</em></strong></span> <span class='ocrx_word' id='word_1_161' title='bbox 484 3043 703 3128; x_wconf 87' lang='grc' dir='ltr'><strong><em>ένδυσόμενσν</em></strong></span> <span class='ocrx_word' id='word_1_162' title='bbox 726 3038 772 3121; x_wconf 79' lang='grc' dir='ltr'><strong><em>ὥς</em></strong></span> <span class='ocrx_word' id='word_1_163' title='bbox 793 3043 879 3127; x_wconf 87' lang='grc' dir='ltr'><strong><em>πρὸς</em></strong></span> <span class='ocrx_word' id='word_1_164' title='bbox 900 3044 1099 3129; x_wconf 83' lang='grc' dir='ltr'><strong><em>κατασκευὴν</em></strong></span> <span class='ocrx_word' id='word_1_165' title='bbox 1122 3067 1220 3112; x_wconf 67' lang='lat' dir='ltr'><em>rto-1)</em></span> 
     </span>
    </p>

    <p class='ocr_par' dir='ltr' id='par_1_8' title="bbox 127 3140 1235 4303">
     <span class='ocr_line' id='line_1_21' title="bbox 127 3140 1188 3228; baseline -0.001 -19"><span class='ocrx_word' id='word_1_166' title='bbox 127 3144 267 3227; x_wconf 69' lang='grc' dir='ltr'><strong><em>υολέμου</em></strong></span> <span class='ocrx_word' id='word_1_167' title='bbox 288 3143 464 3210; x_wconf 72' lang='grc' dir='ltr'><strong><em>κατελθεῖν</em></strong></span> <span class='ocrx_word' id='word_1_168' title='bbox 485 3140 574 3211; x_wconf 82' lang='grc' dir='ltr'><strong><em>κότον</em></strong></span> <span class='ocrx_word' id='word_1_169' title='bbox 596 3145 652 3209; x_wconf 80' lang='grc' dir='ltr'><strong><em>καὶ</em></strong></span> <span class='ocrx_word' id='word_1_170' title='bbox 672 3143 866 3228; x_wconf 77' lang='grc' dir='ltr'><strong><em>πολεμῆσαι</em></strong></span> <span class='ocrx_word' id='word_1_171' title='bbox 880 3144 928 3227; x_wconf 76' lang='grc' dir='ltr'><strong><em>τῷ</em></strong></span> <span class='ocrx_word' id='word_1_172' title='bbox 942 3141 1062 3208; x_wconf 87' lang='grc' dir='ltr'><strong><em>σκότει.</em></strong></span> <span class='ocrx_word' id='word_1_173' title='bbox 1095 3141 1129 3206; x_wconf 81' lang='grc' dir='ltr'><strong><em>οἱ</em></strong></span> <span class='ocrx_word' id='word_1_174' title='bbox 1151 3141 1188 3208; x_wconf 78' lang='grc' dir='ltr'><strong><em>δέ</em></strong></span> 
     </span>
     <span class='ocr_line' id='line_1_22' title="bbox 166 3234 1190 3328; baseline -0.002 -21"><span class='ocrx_word' id='word_1_175' title='bbox 166 3245 224 3307; x_wconf 83' lang='grc' dir='ltr'><strong><em>τοῦ</em></strong></span> <span class='ocrx_word' id='word_1_176' title='bbox 248 3240 385 3319; x_wconf 86' lang='grc' dir='ltr'><strong><em>σκότους</em></strong></span> <span class='ocrx_word' id='word_1_177' title='bbox 405 3239 560 3326; x_wconf 84' lang='grc' dir='ltr'><strong><em>ἀρχοντες</em></strong></span> <span class='ocrx_word' id='word_1_178' title='bbox 581 3236 879 3324; x_wconf 78' lang='grc' dir='ltr'><strong><em>ἀντιπολεμοῦντος</em></strong></span> <span class='ocrx_word' id='word_1_179' title='bbox 901 3234 990 3325; x_wconf 76' lang='grc' dir='ltr'><strong><em>αὐτῷ</em></strong></span> <span class='ocrx_word' id='word_1_180' title='bbox 1013 3240 1137 3328; x_wconf 74' lang='grc' dir='ltr'><strong><em>ἔφαγον</em></strong></span> <span class='ocrx_word' id='word_1_181' title='bbox 1154 3238 1190 3305; x_wconf 77' lang='grc' dir='ltr'><strong><em>ἐκ</em></strong></span> 
     </span>
     <span class='ocr_line' id='line_1_23' title="bbox 165 3331 1192 3425; baseline 0 -22"><span class='ocrx_word' id='word_1_182' title='bbox 165 3342 224 3425; x_wconf 81' lang='grc' dir='ltr'><strong><em>τῆς</em></strong></span> <span class='ocrx_word' id='word_1_183' title='bbox 253 3338 445 3417; x_wconf 90' lang='grc' dir='ltr'><strong><em>πανοπλίας</em></strong></span> <span class='ocrx_word' id='word_1_184' title='bbox 473 3333 589 3417; x_wconf 78' lang='grc' dir='ltr'><strong><em>αὐτοῦ,</em></strong></span> <span class='ocrx_word' id='word_1_185' title='bbox 620 3334 639 3403; x_wconf 81' lang='grc' dir='ltr'><strong><em>ό</em></strong></span> <span class='ocrx_word' id='word_1_186' title='bbox 667 3338 757 3405; x_wconf 74' lang='grc' dir='ltr'><strong><em>ἔστιν</em></strong></span> <span class='ocrx_word' id='word_1_187' title='bbox 784 3331 804 3422; x_wconf 78' lang='grc' dir='ltr'><em>ἡ</em></span> <span class='ocrx_word' id='word_1_188' title='bbox 832 3335 929 3422; x_wconf 72' lang='grc' dir='ltr'><strong><em>ψυχή.</em></strong></span> <span class='ocrx_word' id='word_1_189' title='bbox 973 3334 1051 3404; x_wconf 83' lang='grc' dir='ltr'><strong><em>τότε</em></strong></span> <span class='ocrx_word' id='word_1_190' title='bbox 1073 3337 1192 3418; x_wconf 79' lang='grc' dir='ltr'><strong><em>δεινῶς</em></strong></span> 
     </span>
     <span class='ocr_line' id='line_1_24' title="bbox 149 3429 1192 3520; baseline -0.005 -17"><span class='ocrx_word' id='word_1_191' title='bbox 149 3435 286 3520; x_wconf 71' lang='grc' dir='ltr'><strong><em>έθλίβη</em></strong></span> <span class='ocrx_word' id='word_1_192' title='bbox 314 3434 382 3503; x_wconf 75' lang='grc' dir='ltr'><strong><em>ἐκεῖ</em></strong></span> <span class='ocrx_word' id='word_1_193' title='bbox 409 3434 498 3502; x_wconf 82' lang='grc' dir='ltr'><strong><em>κάτω</em></strong></span> <span class='ocrx_word' id='word_1_194' title='bbox 526 3431 545 3500; x_wconf 90' lang='grc' dir='ltr'><strong><em>ό</em></strong></span> <span class='ocrx_word' id='word_1_195' title='bbox 572 3439 707 3520; x_wconf 84' lang='grc' dir='ltr'><strong><em>πρῶτος</em></strong></span> <span class='ocrx_word' id='word_1_196' title='bbox 728 3431 913 3517; x_wconf 75' lang='grc' dir='ltr'><strong><em>ἄνθρωπος</em></strong></span> <span class='ocrx_word' id='word_1_197' title='bbox 937 3429 1006 3500; x_wconf 85' lang='grc' dir='ltr'><strong><em>όπό</em></strong></span> <span class='ocrx_word' id='word_1_198' title='bbox 1030 3437 1088 3499; x_wconf 86' lang='grc' dir='ltr'><strong><em>τοῦ</em></strong></span> <span class='ocrx_word' id='word_1_199' title='bbox 1111 3433 1192 3499; x_wconf 85' lang='grc' dir='ltr'><strong><em>σκό·</em></strong></span> 
     </span>
     <span class='ocr_line' id='line_1_25' title="bbox 166 3526 1188 3619; baseline -0.002 -21"><span class='ocrx_word' id='word_1_200' title='bbox 166 3556 252 3611; x_wconf 88' lang='grc' dir='ltr'><strong><em>τους.</em></strong></span> <span class='ocrx_word' id='word_1_201' title='bbox 296 3535 352 3598; x_wconf 81' lang='grc' dir='ltr'><strong><em>καί</em></strong></span> <span class='ocrx_word' id='word_1_202' title='bbox 379 3532 410 3601; x_wconf 80' lang='grc' dir='ltr'><strong><em>εί</em></strong></span> <span class='ocrx_word' id='word_1_203' title='bbox 436 3531 481 3618; x_wconf 83' lang='grc' dir='ltr'><strong><em>μὴ</em></strong></span> <span class='ocrx_word' id='word_1_204' title='bbox 510 3526 687 3616; x_wconf 78' lang='grc' dir='ltr'><strong><em>εὐξαμένου</em></strong></span> <span class='ocrx_word' id='word_1_205' title='bbox 716 3531 904 3617; x_wconf 80' lang='grc' dir='ltr'><strong><em>εἰσήκοοσεν</em></strong></span> <span class='ocrx_word' id='word_1_206' title='bbox 933 3527 1102 3619; x_wconf 77' lang='grc' dir='ltr'><strong><em>όπατηρ,</em></strong></span> <span class='ocrx_word' id='word_1_207' title='bbox 1132 3535 1188 3597; x_wconf 77' lang='grc' dir='ltr'><strong><em>καὶ</em></strong></span> 
     </span>
     <span class='ocr_line' id='line_1_26' title="bbox 127 3624 1189 3717; baseline -0.008 -15"><span class='ocrx_word' id='word_1_208' title='bbox 127 3624 361 3702; x_wconf 69' lang='grc' dir='ltr'><strong><em>ίδᾶπέστειλεν</em></strong></span> <span class='ocrx_word' id='word_1_209' title='bbox 389 3629 503 3715; x_wconf 77' lang='grc' dir='ltr'><strong><em>ἑτέραν</em></strong></span> <span class='ocrx_word' id='word_1_210' title='bbox 535 3628 674 3715; x_wconf 81' lang='grc' dir='ltr'><strong><em>δύναμιν</em></strong></span> <span class='ocrx_word' id='word_1_211' title='bbox 705 3631 959 3717; x_wconf 74' lang='grc' dir='ltr'><strong><em>προβληθεῖσαν</em></strong></span> <span class='ocrx_word' id='word_1_212' title='bbox 988 3624 1043 3696; x_wconf 73' lang='grc' dir='ltr'><strong><em>ἀπ’</em></strong></span> <span class='ocrx_word' id='word_1_213' title='bbox 1074 3625 1189 3707; x_wconf 73' lang='grc' dir='ltr'><strong><em>αὐτοῦ,</em></strong></span> 
     </span>
     <span class='ocr_line' id='line_1_27' title="bbox 167 3725 1189 3814; baseline -0.001 -20"><span class='ocrx_word' id='word_1_214' title='bbox 167 3730 342 3812; x_wconf 80' lang='grc' dir='ltr'><strong><em>λεγομένην</em></strong></span> <span class='ocrx_word' id='word_1_215' title='bbox 374 3725 438 3806; x_wconf 83' lang='grc' dir='ltr'><strong><em>ζῶν</em></strong></span> <span class='ocrx_word' id='word_1_216' title='bbox 467 3729 614 3810; x_wconf 79' lang='grc' dir='ltr'><strong><em>πνεῦμα,</em></strong></span> <span class='ocrx_word' id='word_1_217' title='bbox 646 3729 701 3795; x_wconf 77' lang='grc' dir='ltr'><strong><em>καὶ</em></strong></span> <span class='ocrx_word' id='word_1_218' title='bbox 731 3726 760 3795; x_wconf 79' lang='grc' dir='ltr'><strong><em>εί</em></strong></span> <span class='ocrx_word' id='word_1_219' title='bbox 786 3727 831 3814; x_wconf 78' lang='grc' dir='ltr'><strong><em>μὴ</em></strong></span> <span class='ocrx_word' id='word_1_220' title='bbox 853 3727 1026 3795; x_wconf 75' lang='grc' dir='ltr'><strong><em>κατελθὼν</em></strong></span> <span class='ocrx_word' id='word_1_221' title='bbox 1049 3727 1189 3793; x_wconf 85' lang='grc' dir='ltr'><strong><em>δέδοικεν</em></strong></span> 
     </span>
     <span class='ocr_line' id='line_1_28' title="bbox 167 3818 1189 3912; baseline -0.003 -19"><span class='ocrx_word' id='word_1_222' title='bbox 167 3821 256 3910; x_wconf 77' lang='grc' dir='ltr'><strong><em>αὐτῷ</em></strong></span> <span class='ocrx_word' id='word_1_223' title='bbox 279 3821 390 3901; x_wconf 80' lang='grc' dir='ltr'><strong><em>δεξιὰν</em></strong></span> <span class='ocrx_word' id='word_1_224' title='bbox 411 3826 467 3891; x_wconf 82' lang='grc' dir='ltr'><strong><em>καλ</em></strong></span> <span class='ocrx_word' id='word_1_225' title='bbox 488 3819 658 3912; x_wconf 76' lang='grc' dir='ltr'><strong><em>ἀνήνεγκεν</em></strong></span> <span class='ocrx_word' id='word_1_226' title='bbox 681 3824 715 3893; x_wconf 77' lang='grc' dir='ltr'><strong><em>ἐκ</em></strong></span> <span class='ocrx_word' id='word_1_227' title='bbox 736 3827 795 3891; x_wconf 87' lang='grc' dir='ltr'><strong><em>τοῦ</em></strong></span> <span class='ocrx_word' id='word_1_228' title='bbox 818 3825 965 3904; x_wconf 83' lang='grc' dir='ltr'><strong><em>σκότους,</em></strong></span> <span class='ocrx_word' id='word_1_229' title='bbox 988 3825 1096 3892; x_wconf 85' lang='grc' dir='ltr'><strong><em>πάλαι</em></strong></span> <span class='ocrx_word' id='word_1_230' title='bbox 1112 3818 1189 3890; x_wconf 83' lang='grc' dir='ltr'><strong><em>ἀνό</em></strong></span> 
     </span>
     <span class='ocr_line' id='line_1_29' title="bbox 167 3919 1188 4005; baseline 0.003 -17"><span class='ocrx_word' id='word_1_231' title='bbox 167 3925 302 4005; x_wconf 82' lang='grc' dir='ltr'><strong><em>πρῶτος</em></strong></span> <span class='ocrx_word' id='word_1_232' title='bbox 336 3919 520 4004; x_wconf 71' lang='grc' dir='ltr'><strong><em>ἅνθρωπος</em></strong></span> <span class='ocrx_word' id='word_1_233' title='bbox 538 3950 540 3955; x_wconf 96' lang='grc'><strong><em>·</em></strong></span> <span class='ocrx_word' id='word_1_234' title='bbox 555 3921 769 4004; x_wconf 81' lang='grc' dir='ltr'><strong><em>κατεχόμενος</em></strong></span> <span class='ocrx_word' id='word_1_235' title='bbox 800 3921 1032 3990; x_wconf 79' lang='grc' dir='ltr'><strong><em>ἐκινδύνευσεν.</em></strong></span> <span class='ocrx_word' id='word_1_236' title='bbox 1078 3923 1188 3991; x_wconf 82' lang='grc' dir='ltr'><strong><em>έκτοτε</em></strong></span> 
     </span>
     <span class='ocr_line' id='line_1_30' title="bbox 168 4010 1235 4106; baseline 0.005 -22"><span class='ocrx_word' id='word_1_237' title='bbox 168 4010 225 4084; x_wconf 82' lang='grc' dir='ltr'><strong><em>οάν</em></strong></span> <span class='ocrx_word' id='word_1_238' title='bbox 247 4020 422 4104; x_wconf 79' lang='grc' dir='ltr'><strong><em>κατέλειψε</em></strong></span> <span class='ocrx_word' id='word_1_239' title='bbox 450 4018 538 4086; x_wconf 82' lang='grc' dir='ltr'><strong><em>κότον</em></strong></span> <span class='ocrx_word' id='word_1_240' title='bbox 558 4018 618 4106; x_wconf 75' lang='grc' dir='ltr'><strong><em>τὴν</em></strong></span> <span class='ocrx_word' id='word_1_241' title='bbox 642 4019 759 4106; x_wconf 79' lang='grc' dir='ltr'><strong><em>ψυχήν.</em></strong></span> <span class='ocrx_word' id='word_1_242' title='bbox 797 4021 851 4086; x_wconf 78' lang='grc' dir='ltr'><strong><em>καὶ</em></strong></span> <span class='ocrx_word' id='word_1_243' title='bbox 874 4019 931 4087; x_wconf 84' lang='grc' dir='ltr'><strong><em>διὰ</em></strong></span> <span class='ocrx_word' id='word_1_244' title='bbox 952 4024 1051 4086; x_wconf 82' lang='grc' dir='ltr'><strong><em>τοῦτο</em></strong></span> <span class='ocrx_word' id='word_1_245' title='bbox 1073 4025 1235 4089; x_wconf 66' lang='lat' dir='ltr'><strong><em>Mau-⁶1³</em></strong></span> 
     </span>
     <span class='ocr_line' id='line_1_31' title="bbox 127 4111 1188 4204; baseline -0.002 -18"><span class='ocrx_word' id='word_1_246' title='bbox 127 4127 259 4197; x_wconf 67' lang='lat' dir='ltr'><strong><em>aoxaiot</em></strong></span> <span class='ocrx_word' id='word_1_247' title='bbox 280 4115 336 4183; x_wconf 71' lang='grc' dir='ltr'><strong><em>ἐὰν</em></strong></span> <span class='ocrx_word' id='word_1_248' title='bbox 359 4117 605 4204; x_wconf 78' lang='grc' dir='ltr'><strong><em>σοναντήσιοσιν</em></strong></span> <span class='ocrx_word' id='word_1_249' title='bbox 627 4111 791 4203; x_wconf 77' lang='grc' dir='ltr'><strong><em>ἀλληλοις,</em></strong></span> <span class='ocrx_word' id='word_1_250' title='bbox 815 4117 925 4197; x_wconf 81' lang='grc' dir='ltr'><strong><em>δεξιὰς</em></strong></span> <span class='ocrx_word' id='word_1_251' title='bbox 944 4117 1097 4184; x_wconf 88' lang='grc' dir='ltr'><strong><em>διδόασιν</em></strong></span> <span class='ocrx_word' id='word_1_252' title='bbox 1112 4117 1188 4184; x_wconf 77' lang='grc' dir='ltr'><strong><em>ἑαυ-</em></strong></span> 
     </span>
     <span class='ocr_line' id='line_1_32' title="bbox 167 4209 1188 4303; baseline 0.003 -26"><span class='ocrx_word' id='word_1_253' title='bbox 167 4223 239 4290; x_wconf 85' lang='grc' dir='ltr'><strong><em>τοῖς</em></strong></span> <span class='ocrx_word' id='word_1_254' title='bbox 261 4220 398 4297; x_wconf 84' lang='grc' dir='ltr'><strong><em>σημείου</em></strong></span> <span class='ocrx_word' id='word_1_255' title='bbox 420 4212 515 4299; x_wconf 84' lang='grc' dir='ltr'><strong><em>χάριν</em></strong></span> <span class='ocrx_word' id='word_1_256' title='bbox 537 4209 582 4293; x_wconf 78' lang='grc' dir='ltr'><strong><em>ὡς</em></strong></span> <span class='ocrx_word' id='word_1_257' title='bbox 605 4209 676 4282; x_wconf 89' lang='grc' dir='ltr'><strong><em>ἀπὸ</em></strong></span> <span class='ocrx_word' id='word_1_258' title='bbox 698 4214 835 4294; x_wconf 90' lang='grc' dir='ltr'><strong><em>σκότους</em></strong></span> <span class='ocrx_word' id='word_1_259' title='bbox 857 4220 1032 4292; x_wconf 68' lang='grc' dir='ltr'><strong><em>σωθέντες.</em></strong></span> <span class='ocrx_word' id='word_1_260' title='bbox 1074 4214 1108 4280; x_wconf 75' lang='grc' dir='ltr'><strong><em>ἓν</em></strong></span> <span class='ocrx_word' id='word_1_261' title='bbox 1125 4215 1188 4303; x_wconf 80' lang='grc' dir='ltr'><strong><em>γὰρ</em></strong></span> 
     </span>
    </p>
   </div>
   <div class='ocr_carea' id='block_1_4' title="bbox 0 0 1438 5084">
    <p class='ocr_par' dir='ltr' id='par_1_9' title="bbox 0 0 1438 5084">
     <span class='ocr_line' id='line_1_33' title="bbox 0 0 1438 5084; baseline 0 0"><span class='ocrx_word' id='word_1_262' title='bbox 0 0 1438 5084; x_wconf 95' lang='lat' dir='ltr'><strong><em> </em></strong></span> 
     </span>
    </p>
   </div>
  </div>
 </body>
</html>
