2867 5084
1208 536 1211 547 τ

293 526 299 553 λ

521 962 641 1014 τωο.
660 965 848 1015 Ammon
1130 953 1193 1015 429

173 1114 400 1200 πεπόρισται,
435 1115 517 1182 κατὰ
544 1113 623 1192 τοὺς
651 1109 809 1180 ἀνωτάτω
842 1111 910 1181 ἀπὸ
937 1118 997 1181 σοῦ
1021 1116 1199 1198 λεχθέντας

174 1211 302 1296 λόγους,
333 1215 387 1279 καὶ
411 1208 510 1291 αὐτὸς
532 1213 618 1295 πρὸς
640 1214 677 1278 σὲ
700 1207 967 1295 ἀποτεινόμενος,
995 1217 1199 1297 συγχωροῦν-

174 1334 233 1388 τος
254 1314 313 1376 τοῦ
336 1313 431 1388 θεοῦ,
465 1308 507 1376 τὰ
536 1310 594 1375 ’ίσα
616 1312 670 1375 σοὶ
702 1312 755 1374 καὶ
785 1305 883 1386 αὐτὸς
905 1312 1196 1395 προσφθέγξομαι,

174 1403 231 1472 ὅτι
258 1407 398 1494 μηδενὸς
425 1410 491 1472 τῶν
520 1409 674 1473 παλαιῶν
703 1407 736 1471 ἔν
764 1431 800 1472 τε
828 1409 866 1493 τῆ
895 1408 1025 1493 παλαιᾷ
1053 1407 1197 1494 διαθήκῃ

175 1502 232 1569 καὶ
255 1504 288 1570 ἒν
311 1508 350 1590 τῆ
372 1508 467 1590 καινῇ
496 1500 598 1588 ἀγίων
626 1502 825 1569 ἀποστόλων
852 1497 873 1588 ῆ
895 1507 1078 1590 προφητῶν
1100 1508 1222 1570 τοῦτοί»

176 1602 445 1689 πεφρονηκότων,
480 1595 637 1684 ἀμείνονα
660 1601 799 1667 σεαυτόν
821 1603 987 1687 καίίιστῆς
1020 1603 1073 1665 καὶ
1096 1596 1198 1666 αῦτοῦ

176 1702 236 1764 τοῦ
258 1702 342 1765 θεοῦ
365 1702 418 1764 καὶ
442 1695 586 1784 ἀσφαλῆ.
636 1694 706 1764 ἀπὸ
728 1697 788 1782 γάρ
813 1701 872 1763 σοῦ
896 1701 949 1789 κρλ
973 1700 1068 1782 δεῦρο
1092 1720 1200 1781 προσ-

146 1796 275 1879 ιιέλαβε
296 1795 335 1861 τὸ
358 1803 465 1874 θεῖον,
490 1791 535 1872 ὥς
559 1794 641 1860 κατὰ
662 1794 720 1859 τόν
743 1794 803 1861 σὺν
825 1795 931 1879 λόγον,
956 1795 1003 1873 είς
1024 1796 1082 1882 τῆν
1098 1791 1199 1861 αῦτοῦ

177 1899 294 1958 πίστιν
316 1892 374 1978 τῆν
398 1892 645 1978 συλλογιστικῆν
666 1891 787 1977 ταύτην
817 1916 877 1957 σου
899 1890 958 1978 τὴν
979 1895 1197 1978 τεχνολογίαν,

175 1989 216 2054 τὸ
239 1989 318 2072 περὶ
340 1985 514 2077 ἀγενυῆτου
538 1992 641 2074 λέγειν
672 1989 856 2074 στερήσεως
885 1990 939 2055 καὶ
968 1989 1006 2053 τὸ
1034 1994 1198 2077 γεννητοῦ,
1211 2006 1238 2056 10

175 2089 230 2153 καὶ
254 2088 427 2165 παντελῶς
449 2085 620 2172 ἀποβολῆς
642 2088 739 2165 ἕξεως
761 2089 815 2152 καὶ
833 2089 1027 2172 μεταβολῆς,
1052 2091 1199 2173 καὶπερὶ

175 2184 261 2251 θεὸν
283 2192 526 2269 κατονομασίας
548 2184 582 2250 ἔν
604 2188 643 2270 τῆ
666 2185 749 2250 κατὰ
770 2184 827 2250 τὸν
849 2184 931 2250 θεὸν
955 2181 1071 2262 οὐσίας
1092 2207 1201 2268 προσ-

178 2287 304 2368 ηγορίᾳ.
344 2278 419 2348 σῦτε
441 2281 501 2366 γὰρ
525 2280 641 2347 διὰτὸ
663 2280 720 2345 τὸν
743 2281 825 2346 θεὸν
855 2276 940 2347 εἶναι
968 2282 1103 2348 πάντων
1131 2289 1200 2348 κτί-
1276 2321 1286 2334 ·

175 2403 258 2465 στην
280 2382 346 2445 τῶν
368 2378 452 2462 μετὰ
472 2379 530 2444 τὸν
552 2381 710 2464 μονογενῆ
735 2373 835 2443 αι’·τοῦ
858 2383 910 2443 καὶ
933 2378 972 2444 τὸ
988 2377 1082 2463 ἀγιον
1099 2374 1200 2445 αὐτοῦ

175 2480 309 2559 πνεῦμα
332 2476 389 2542 διὰ
411 2481 469 2562 τῆς
490 2479 555 2542 τῶν
578 2481 794 2558 κεκτισμένων
821 2475 1011 2554 συστάσεως
1031 2475 1069 2541 τό
1086 2501 1200 2564 στερη·
1212 2494 1239 2544 15

175 2573 269 2639 τικὸν
292 2573 461 2661 ἐφηυρέθη
484 2577 549 2640 τιῦν
574 2570 611 2640 οῦ
634 2573 829 2659 προσόντων
847 2578 926 2659 θεῷ,
950 2569 1023 2660 ῆτὸ
1040 2571 1201 2662 ὁμολογη-

178 2670 271 2737 τικὸν
294 2675 358 2737 τῶν
382 2668 486 2738 ὄντων
509 2667 601 2757 αὐτῷ
617 2672 872 2755 προσείληπται,
896 2674 951 2737 ἵνα
969 2672 1008 2736 τὸ
1022 2680 1202 2756 μετέπειτα

147 2770 318 2843 ςκτισόὲν
333 2769 372 2833 τό
389 2768 604 2854 ἀμεινονθεῷ
620 2774 795 2854 προσηίρη
812 2769 866 2834 καί
879 2764 1057 2857 ἀκραιφνὲς
1073 2770 1129 2836 διὰ
1143 2773 1201 2836 τοῦ

179 2861 239 2933 ἀπ’
255 2866 376 2932 ἐκείνου
400 2867 485 2951 πρὸς
507 2871 611 2932 ταῦτα
633 2869 823 2951 στερητικοῦ
848 2892 881 2932 τε
904 2873 957 2932 καὶ
975 2863 1201 2955 ἀμεταβλήτου

180 2963 370 3043 ἐπινοοῖτο,
409 2960 476 3030 ἀλλ’
503 2960 555 3029 ότι
578 2965 666 3030 ἐστίν
695 2959 747 3030 ἀεὶ
770 2959 851 3029 αὐτὸ
874 2958 910 3029 ὃν
935 2961 1011 3030 ὅλον
1035 2966 1124 3045 δόξα,
1148 2969 1242 3032 καίεο

179 3057 261 3127 ὅλον
277 3056 505 3148 ἀπερίληπτον
521 3056 587 3126 ἀπὸ
610 3061 746 3127 πάντων
761 3065 828 3126 τιῦν
843 3057 898 3127 ὑπ’
917 3057 1018 3128 αάτοῦ
1034 3070 1202 3146 κεκτισμέ-

178 3184 257 3237 νων,
278 3158 415 3225 κατὰτὸ
431 3165 631 3242 μέτροντιῦν
654 3157 739 3242 πρὸς
760 3158 818 3244 τῆν
841 3161 1033 3243 ἀοξολογίαν
1056 3159 1203 3226 ἐπεκτει-

178 3261 342 3338 νσμένων,
376 3256 652 3341 ὀοξολογοόμενον
675 3249 753 3339 παρ’
779 3251 928 3340 ἀγγέλοις
955 3258 1015 3339 μὲν
1037 3256 1120 3322 κατὰ
1145 3255 1203 3343 τῆν

178 3348 327 3437 ἀγγέλων
349 3354 512 3437 γλῶσσαν,
535 3353 594 3440 τὴν
617 3352 709 3437 παρὰ
732 3356 779 3437 τῷ
803 3348 981 3439 ἀποστόληι
1005 3359 1204 3437 προκριτέαν

177 3453 247 3517 τῶν
259 3445 450 3535 ἀνθρώπιον
462 3453 768 3536 καταγγελλομένην,
778 3452 871 3535 παρὰ
887 3452 922 3517 δὲ
933 3454 998 3516 τιῦν
1012 3447 1202 3534 ἀνθρώπων
1211 3465 1242 3516 25

177 3547 265 3614 κατὰ
292 3547 350 3634 τῆν
378 3551 444 3614 τιῦν
473 3543 665 3633 ἀνθρώπων
690 3550 844 3632 γλῶσσαν
872 3548 931 3635 τῆν
959 3544 1203 3633 ὑποβεβηκυῖαν

143 3647 229 3730 1)τῴ
251 3651 359 3731 μέτρῳ
381 3648 435 3711 καὶ
458 3645 541 3711 κατὰ
562 3645 620 3733 τῆν
636 3649 701 3712 τιῦν
718 3646 766 3712 ἔτι
782 3641 1038 3732 ἀποβεβηκότων
1055 3646 1202 3729 δύναμιν,

177 3745 236 3810 καὶ
261 3738 297 3809 οῦ
321 3741 457 3821 πάντως
480 3738 532 3808 ὅτι
555 3742 588 3809 ἓν
611 3743 737 3829 ἑκάστην
758 3749 912 3827 κτίσματι
937 3741 1104 3828 ἀναλόγως
1120 3738 1206 3808 ῦπα-

175 3845 318 3929 βέβηκεν
339 3835 358 3928 ἡ
376 3841 559 3925 όοξολογία,
582 3835 877 3927 ῆμεταβέβληται’
901 3837 970 3907 ἀλλ)
997 3842 1067 3907 ἔστι
1088 3842 1148 3923 μὲν
1171 3838 1205 3906 ἒν

175 3937 281 4024 ἑαυτῆ
304 3932 540 4024 ἀμετάβλητος,
571 3944 804 4024 στερισκομένη
827 3937 938 4024 πάσης
960 3946 1097 4014 κτίσεως
1120 3934 1246 4021 πρὸςῑλο

175 4034 220 4102 τὸ
243 4031 384 4119 ἀπειρον
406 4036 659 4102 ἐπεκτείνεσθαι
682 4035 715 4101 ἐν
735 4036 917 4120 όοξολογίᾳ,
941 4030 1206 4119 ῦπερβαινοόσης

175 4127 234 4202 ἀεὶ
256 4130 368 4199 πάντα
389 4135 466 4200 νοῦν
488 4135 546 4220 τῆς
569 4128 727 4200 ἀνωτάτω
751 4128 881 4210 οὐσίας,
912 4126 949 4196 οὖ
980 4133 1036 4199 διὰ
1063 4136 1129 4198 τῶν
1153 4133 1206 4200 λε-

172 4234 328 4318 γομένων
349 4224 418 4296 ἀπὸ
441 4229 576 4297 πάντων
599 4230 721 4310 ἐξεῖναι
744 4223 834 4315 αῦτῆ,
860 4223 879 4315 ῆ
901 4229 1037 4317 τροπὴν,
1064 4224 1085 4316 ἢ
1106 4254 1207 4314 μετα·
