2867 5084
244 966 305 1032 162
468 975 673 1027 επιοιαιου
687 973 785 1024 ma
801 971 990 1022 ωυεεειια
1006 972 1037 1020 ε

242 1128 383 1214 δωρεάν,
412 1126 470 1214 τὴν
499 1126 702 1215 σοφίζουσαν
724 1124 835 1191 πάντα
857 1120 1052 1205 ἄνθρωπον.
1098 1119 1204 1188 πάλιν
1225 1120 1261 1187 66

242 1227 413 1295 αἰτοῦνται
434 1219 543 1304 αὐτὸν,
568 1228 679 1312 φησίν,
704 1222 736 1287 οἱ
759 1221 824 1287 υίοὶ
843 1220 1026 1303 Ζεβεδαίου
1049 1217 1169 1284 διὰ
1128 1244 1188 1306 της
1203 1212 1259 1285 66-

243 1327 308 1392 τῶν
335 1321 459 1409 μητρὸς
489 1320 528 1387 τὸ
557 1320 590 1387 ἐν
618 1323 657 1406 τῇ
681 1319 836 1405 βασιλείᾳ
857 1312 958 1383 αὐτοῦ
982 1316 1039 1383 ἕνα
1060 1322 1205 1383 καθίσαι
1227 1314 1259 1383 ἐκ

244 1422 359 1500 δεξιῶν
380 1420 476 1487 καλ”
457 1445 515 1487 ενα
536 1413 625 1498 ἐξ’
593 1416 777 1499 ευωνάμων.
807 1418 861 1481 καί
885 1414 947 1501 ἐφη
970 1407 1117 1491 αὐτοῖς·
1120 1407 1191 1480 (οὐκ
1212 1411 1260 1479 06-

219 1519 375 1586 οδατεί
341 1525 375 1584 τί
396 1518 558 1586 αἰτεῖσθε.
588 1516 736 1582 δύνασθε
758 1523 850 1579 πιεῖν
871 1511 910 1577 τὸ
933 1510 1095 1596 ποτήριον
1118 1508 1257 1595 ὃμέλλω

243 1623 369 1698 πίνειν,·
391 1610 500 1681 αὐτῶν
522 1615 558 1680 δέ
581 1610 768 1701 φησάντων,
791 1613 856 1689 ναὶ,
880 1611 942 1696 ἐφη
966 1606 1052 1692 πρὸς
1067 1602 1199 1686 αὖτοὺς,
1222 1605 1279 1678 τὸο

242 1716 302 1796 μὲν
331 1711 491 1796 ποτήριόν
519 1733 583 1794 μου
612 1713 754 1787 πίεσθε,
783 1707 823 1773 τὸ
850 1708 886 1772 δὲ
914 1711 1057 1772 καθίσαι
1084 1705 1120 1772 ἐκ
1145 1706 1257 1785 δεξιῶν

243 1834 307 1893 μου
335 1812 390 1875 καὶ
417 1804 598 1893 ἀριστερῶν
627 1803 685 1873 οὐκ
714 1806 803 1873 ἐστιν
833 1804 911 1888 ἐμὸν
936 1804 1068 1881 δοῦναι,
1105 1798 1177 1870 ἀλλ’
1212 1795 1258 1880 οἷς

243 1902 442 1992 ἡτοίμασται
465 1903 558 2022 παρὰ
580 1907 637 1969 τοῦ
660 1903 814 1989 πατρός”.
851 1896 923 1968 εἶτά
945 1923 1048 1987 φησιν
1070 1897 1089 1964 6
1113 1890 1257 1966 άπόστο·

195 2021 224 2070 ιο
243 2004 330 2082 λος·
334 1999 500 2080 ’δθεὸς’
486 1999 613 2088 η’γειρεν
636 1995 736 2066 αὐτὸν
755 2000 789 2068 ἐκ
804 2001 952 2083 νεκρῶν,”
975 1993 1020 2076 ὡς
1035 1991 1138 2064 αὐτοῦ
1151 2003 1257 2081 χρείαν

244 2100 374 2183 ἔχοντος
394 2102 453 2166 τοῦ
477 2099 661 2184 ἐγείραντος
682 2093 792 2163 αὐτόν.
837 2092 932 2162 καί”
913 2120 975 2172 στι,
1000 2097 1145 2182 φησίν,“
1148 2093 1257 2183 ἐφάνη

243 2195 378 2284 άγγελος
399 2223 456 2282 κυρ
459 2202 511 2263 ίου
534 2194 691 2278 ἐνισχύων
714 2190 830 2273 αὐτὸν,
862 2190 916 2258 ὅτι
937 2187 1121 2279 ἐνάγωνίᾳ
1142 2198 1256 2278 γέγονε,

242 2298 296 2362 καὶ
318 2295 450 2379 ἵδρωσε,
472 2296 527 2360 καλ
550 2289 568 2358 6
591 2292 690 2378 ἱδρὼς
712 2286 814 2358 αὐτοῦ
835 2296 965 2376 γέγονεν
988 2284 1076 2375 αὐτῷ
1093 2285 1139 2370 ὡς
1153 2287 1258 2377 θρόμ-

242 2399 299 2477 βοι
331 2393 507 2476 αλ’ματος,”
542 2392 576 2458 ἐν
608 2394 655 2477 τῷ
692 2388 776 2456 κατὰ
808 2391 947 2454 Λουκᾶν
980 2381 1173 2474 εὐαγγελίῳ,
1209 2383 1258 2453 ὅτε

206 2509 234 2558 15
244 2483 404 2556 άπελθιίιν
426 2487 541 2574 ηὔχετο
562 2490 691 2572 μέλλων
713 2487 978 2569 παραδίδοσθαι.
1024 2493 1077 2551 καί
1100 2485 1206 2553 πάλιν
1228 2483 1295 2552 ἐιῑθ

243 2589 291 2672 τῷ
320 2591 467 2670 σταυρῷ,
499 2588 616 2671 φησὶν,
647 2585 754 2669 ἐ’λεγεν
783 2578 895 2659 ··Ἠλὶ,
921 2576 1010 2661 Ἠλὶ,
1039 2583 1129 2669 λημᾶ
1158 2590 1259 2668 σαβα-

243 2687 354 2765 χθονί
357 2687 379 2717 ’·
401 2687 560 2759 τουτέστι,
587 2685 650 2748 Θεέ
671 2706 745 2764 μου,
772 2685 835 2747 Θεέ
855 2704 920 2763 μου
942 2680 998 2746 ἵνα
1019 2687 1053 2746 τί
1073 2706 1116 2764 με
1133 2679 1261 2765 ἐγκατέ-

245 2779 359 2861 λιπες,·
381 2783 433 2846 καί
458 2773 553 2865 ὁρᾷς,
577 2782 693 2864 φησίν,
717 2775 800 2857 1696
785 2779 954 2846 ἐπιδέεται
974 2782 1156 2898 βοηθείαςς
1180 2772 1263 2843 ἀλλὰ

244 2879 410 2960 περὶτοῦ
437 2877 589 2961 λέγειν,
593 2875 729 2960 ιἐγιὸέν
754 2879 802 2962 τῶ
830 2878 949 2960 πατρί,
978 2878 1032 2941 καὶ
1055 2870 1074 2940 6
1095 2875 1209 2995 πατῂρ
1231 2875 1264 2942 ἐν

205 2973 352 3058 ιοέμοΡ·
374 2976 428 3041 καί
452 2969 505 3039 ὅτι
528 2973 581 3039 “06
598 2971 690 3039 660⁰
672 2998 706 3039 εν
721 2973 868 3057 ἐσμεν
853 3000 907 3040 ινα
921 2998 976 3038 και
968 2969 1119 3039 ‹16166‘
1102 2999 1137 3040 εν
1152 2975 1263 3041 ωσιν

244 3067 330 3140 ω’στε
359 3061 416 3138 σάν
444 3070 483 3137 τὸ
514 3074 548 3138 ἓν
577 3065 663 3138 εἶναι
690 3069 826 3148 πάντως
854 3065 891 3136 06
921 3068 1004 3136 κατά
1033 3070 1135 3156 φύσιν
1165 3071 1265 3188 λέγει,

243 3163 329 3237 άλλά
348 3168 432 3237 κατὰ
454 3165 620 3255 ὁμόνοιαν.
651 3163 690 3234 06
710 3167 814 3252 μόνον
837 3168 1002 3245 δὲταῦτα,
1026 3162 1112 3234 ἀλλὰ
1132 3163 1225 3235 κάλ’
1205 3193 1269 3253 αρ-

243 3271 378 3334 νοῦνται
394 3267 499 3352 ψυχὴν
515 3263 614 3333 αὐτὸν
630 3261 848 3350 ἀνθρωπείαν
864 3265 1043 3353 είληφέναι,
1067 3260 1149 3331 αὐτὸ
1164 3268 1265 3332 τοῦτο

243 3363 613 3447 προκατασκευάζοντες.
645 3361 751 3448 σάρκα
772 3361 833 3448 γὰρ
856 3358 1075 3448 ὁμολογοῦσιν
1097 3357 1266 3451 ἀληθινὴν

207 3452 314 3532 25666
337 3464 477 3543 Μαρίας
498 3454 598 3526 αὐτὸν
620 3458 794 3547 ἐσχηκότα,
817 3462 871 3526 καὶ
895 3459 1006 3527 πάντα
1029 3455 1092 3526 ὅσα
1114 3459 1207 3527 ἐστὶν
1231 3460 1298 3528 ἐνἸι

244 3558 292 3641 τῷ
321 3549 509 3643 ἀνθρώπῳ,
538 3555 639 3641 χωρίς
665 3561 788 3643 ψυχῆς·
816 3557 872 3623 ἵνα
901 3553 980 3625 ὅταν
1013 3553 1155 3645 άκοάσης
1185 3560 1268 3645 περὶ

244 3660 361 3739 πείνης
382 3646 402 3738 6
425 3654 535 3740 δίψης,
558 3648 580 3741 6
601 3653 764 3738 καμάτου,
788 3650 809 3742 6
832 3651 1044 3740 ὁδοιπορίας,
1067 3649 1089 3742 6
1112 3655 1268 3741 ἱδρῶτος,

242 3744 403 3839 ἢῧπνου,
426 3744 447 3836 6
469 3750 709 3838 ἐμβριμησεως,
737 3758 791 3819 καί
814 3754 913 3839 ε’ίπης
935 3749 987 3818 ὅτι
1011 3752 1068 3819 διὰ
1088 3752 1147 3840 τὴν
1170 3753 1275 3873 ἐναν*

243 3847 423 3934 θρώπησιν
451 3847 576 3914 τούτων
608 3848 778 3928 ἒπεδέετο,
806 3851 938 3929 λδξουσί
966 3873 1022 3916 σοι
1049 3846 1190 3933 ὕστερον
1214 3848 1275 3919 ὅτι

205 3944 328 4030 δυσάρξ
353 3938 429 4012 καθ’
454 3943 571 4031 ἑαυτὴν
599 3950 703 4012 ταῦτα
732 3941 789 4013 οάκ
812 3946 949 4032 ἐνεργεῖ,
979 3945 1036 4013 ἐάν
1058 3945 1102 4034 μὴ
1125 3948 1183 4066 ἔχῃ
1207 3949 1272 4037 τὴν

245 4042 360 4160 ψυχην.
390 4039 501 4107 καὶ
466 4067 527 4127 γαρ
549 4045 642 4129 τῷμ
618 4042 721 4126 μέν”
700 4069 774 4160 om³
795 4040 901 4123 οὕτως
923 4043 1002 4111 ἐστί.
1043 4051 1077 4112 τί
1099 4033 1158 4111 οὖν
1182 4046 1271 4130 ἐστι,

245 4140 361 4223 φησίν,
391 4135 472 4203 άλλο
496 4165 530 4205 τι
550 4135 569 4226 6
591 4140 714 4227 θεάτης
736 4135 836 4207 αὖτοῦ
859 4141 1028 4220 ἐπεδὲετο,
1059 4138 1158 4208 6va‘'
1138 4165 1198 4212 ατε
1221 4146 1274 4214 εἴ·

244 4256 337 4298 πωσι
364 4233 422 4317 τὴν
449 4235 595 4321 θεάτητα
624 4235 725 4304 αὐτοῦ
748 4238 978 4324 ἐπιδεομένην,
1010 4234 1145 4319 ξενον.’
1125 4242 1274 4332 αποφά-
