2867 5084
655 486 661 496 ι

491 989 585 1041 hm.
605 992 879 1041 Αναιοπινιτιτ
1137 983 1196 1046 183

166 1145 224 1206 καί
251 1143 398 1228 λέγοντες
419 1141 463 1229 μη
488 1136 572 1207 είναι
596 1145 652 1207 τοῦ
677 1136 787 1207 αὐτοῦ.
825 1142 863 1208 τὸ
888 1144 922 1209 δὲ
945 1143 1043 1229 ῥητόν
1067 1145 1123 1210 διὰ
1138 1144 1197 1229 τὴν

169 1241 262 1304 ἰδίαν
284 1238 383 1306 νόσον
407 1238 454 1316 εἷς
477 1238 621 1316 ἑαυτοὺς,
647 1235 692 1316 ιός
714 1250 890 1321 προεῖπον,
921 1245 1027 1318 κακιῦς
1050 1240 1197 1323 ἐκδέχον-

137 1354 155 1400 ιι
167 1363 244 1414 ται,
280 1337 383 1423 δῆθεν
411 1330 481 1401 όιπό
510 1341 568 1402 τοῦ
604 1336 775 1421 εἰρημένου
805 1332 857 1402 ὅτι
886 1337 1007 1404 πιστόν
1037 1336 1117 1403 όντα
1148 1341 1196 1425 τῷ

170 1433 354 1519 ποιήσαντι
383 1428 497 1511 αὐτόν,
526 1434 565 1498 τό
594 1440 716 1515 κτίσμα
739 1440 1028 1521 παρεισφέροντες.
1075 1435 1198 1523 ἐρατή·

169 1555 243 1597 σειε
267 1526 297 1594 δ’
323 1528 363 1596 ἄν
385 1557 436 1610 τις
459 1526 578 1610 αὐτοὺς
600 1530 732 1597 σόνεσιν
754 1538 961 1616 κεκτημένος,
991 1535 1044 1598 καὶ
1069 1529 1221 1620 ἀπορίη-ο

170 1651 286 1706 σσασι,
309 1628 353 1713 μη
378 1629 504 1710 ἔχοντες
525 1635 558 1693 τί
581 1623 880 1712 ἀποκριθήσονται,
905 1625 957 1694 ότι
973 1629 1030 1694 τόν
1046 1625 1197 1713 ἀρχιερέα

170 1725 258 1792 πότε
280 1725 505 1810 προσελάβετο
536 1722 552 1789 ό
576 1725 686 1808 κόριος
715 1722 806 1810 ἡμῶν
837 1724 941 1808 ὄνομα
971 1721 1059 1812 αὐτῷ
1088 1729 1198 1794 καλεί-

171 1831 269 1889 σθαι.
302 1817 448 1906 σόόαμοῦ
470 1821 531 1906 γάρ
556 1822 621 1906 πρό
643 1826 701 1907 τῆς
717 1824 875 1908 ε’νσάρκοο
892 1818 993 1888 αῦτοῦ
1011 1831 1198 1907 παρουσίας

173 1922 278 1986 ταῦτα
301 1919 372 2001 ἴσχε
394 1918 436 1985 τόι
459 1915 620 2001 όνόματιι,
647 1920 686 1985 τό
709 1919 809 1985 λίθον
832 1923 1027 1998 καλεῖσθαι,
1052 1923 1089 1985 τό
1113 1921 1198 2004 πρό-

170 2025 276 2101 βατον
305 2016 352 2093 είς
379 2017 508 2102 σφαγὴν
538 2023 720 2102 φέρεσθαι,
762 2019 800 2082 τό
830 2016 1014 2102 ι’ίνθριοπον
1043 2021 1098 2083 καὶ
1125 2018 1237 2085 οίόνιο

170 2111 375 2198 ἀνθρώπου,
410 2113 447 2178 τό
478 2108 573 2190 όιετός
603 2117 657 2178 καὶ
685 2109 798 2197 ἀρνίον
827 2114 945 2180 καὶτὰ
969 2114 1053 2180 ἄλλα
1075 2115 1196 2195 πάντα,

171 2208 303 2294 ὅσαπερ
326 2211 373 2288 είς
395 2206 494 2275 αὐτόν
521 2210 604 2292 μετὰ
633 2237 690 2296 την
721 2214 875 2295 ίνσαρκον
907 2207 1136 2295 aorem-'0177
1118 2238 1197 2278 ανα-

171 2314 327 2394 φέρεται,
362 2302 406 2385 ὡς
428 2333 481 2373 και
507 2303 658 2392 αρχιερία
687 2303 786 2373 αὐτὸν
815 2311 1008 2387 καλεῖσθαι,
1046 2304 1126 2375 δι’
1116 2304 1197 2394 ηνό

171 2405 275 2488 νόμος
306 2404 457 2491 ἐκήρυττε
485 2408 561 2488 περὶ
593 2400 692 2470 αῦτοο
725 2401 906 2484 ῦποθεσιν,
941 2404 1030 2471 ὅτι
1022 2407 1197 2494 προφήτην

143 2504 206 2569 εέκ
228 2505 296 2568 τιῦν
319 2495 511 2588 αόείφιῦν(
495 2505 586 2584 υμιῦν
610 2503 714 2586 ἐγερεῖ
735 2503 845 2586 κύριος
869 2500 886 2566 ό
911 2503 990 2580 θεός
1015 2498 1031 2567 ό
1033 2516 1099 2585 μίν.
1133 2531 1197 2588 αρα
1211 2520 1237 2569 15

170 2603 250 2685 γοῦν
274 2598 332 2664 τόν
355 2600 529 2687 προφητην
551 2604 605 2665 καὶ
630 2594 782 2683 ἀρχιερέα
804 2604 858 2665 καὶ
879 2602 917 2664 τό
934 2602 968 2679 ἐξ
984 2532 1091 2665 αι’·όιῦν
1113 2601 1197 2683 μετὰ

170 2700 232 2784 την
254 2696 402 2763 ἐνταῦθα
424 2695 611 2780 καταιισχὴν
634 2697 802 2783 ἑρμηνεία
825 2702 942 2783 σαφῶς
966 2696 983 2759 ό
1007 2698 1116 2781 λόγος,
1154 2693 1199 2775 ιός

172 2795 228 2861 καὶ
251 2790 422 2878 ἇρορότιος
456 2794 545 2859 ἔστιν
569 2793 651 2860 ἰδεῖν
680 2799 755 2873 πῶς
783 2796 886 2860 πάλιν
917 2791 934 2879 ἦ
958 2792 1110 2880 ἀνίκητος
1138 2799 1197 2861 τοῦ

171 2894 258 2959 θεοῦ
282 2890 494 2974 δύναμιςκαὶ
518 2899 711 2977 προγνιοσία
735 2893 781 2970 είς
803 2892 841 2957 τὸ
865 2891 989 2978 φράξαι
1006 2896 1074 2957 πᾶν
1091 2892 1199 2976 στόμα

172 2989 426 3074 ἐπεγειρόμενον
454 2987 537 3057 κατὰ
559 2992 617 3074 τῆς
642 2984 804 3074 ἀληθείας
826 2989 937 3053 πάντα
958 2989 1041 3070 μετὰ
1067 2997 1239 3073 θαῦμα-20

175 3090 257 3174 στῆς
279 3093 497 3172 φωταγιονίας
520 3092 754 3170 προεθέσπισε
782 3089 834 3150 καὶ
865 3081 1108 3201 ησηαλίσατο
1133 3087 1199 3171 φό-

174 3209 249 3251 κσει
268 3182 328 3268 γὰρ
352 3179 513 3260 οῦτωςν
481 3181 513 3248 ἐν
536 3186 575 3269 τῇ
599 3177 680 3268 αίτη
704 3177 928 3267 &moloc-977⁰
910 3197 993 3244 οιι
997 3185 1075 3258 πᾶς
1091 3175 1200 3264 ίιρχιε·

171 3281 250 3366 ρεός
271 3279 307 3359 ἐξ
328 3268 522 3362 ἀνθρώπων
544 3282 585 3345 λα
586 3278 793 3363 μβανόιιενος
820 3275 902 3360 όπιρ
926 3273 1052 3360 ανθριό
1048 3305 1118 3343 τιον
1141 3305 1199 3345 κα-

141 3388 348 3454 οθίσταται,
373 3376 420 3455 είς
442 3374 480 3442 τό
503 3384 707 3461 προσφέρειν
731 3375 821 3458 διῦριί
850 3377 960 3441 τεκαὶ
985 3381 1068 3440 θεοί
1056 3383 1116 3453 ίας,
1142 3378 1198 3442 δυ·

169 3478 314 3560 νόμενος
334 3481 589 3560 μετριοπαθεῖν.
621 3472 761 3558 ἀνάγκην
782 3474 843 3557 γὰρ
867 3474 1007 3555 ἔχεικαὶ
1032 3474 1109 3557 περὶ
1132 3477 1238 3541 τιῦν25

169 3576 269 3641 ι’όίιον
292 3566 472 3655 ἆμαρτιιῦν.
505 3567 523 3634 ό
546 3574 581 3637 δὲ
603 3572 645 3656 μη
672 3571 752 3653 ἔχων
768 3566 931 3654 ἁμαρτίαν
958 3570 1074 3636 ἑαυτὸν
1091 3595 1198 3655 προσ-

167 3672 285 3758 ήνεγκε
307 3671 355 3753 τῷ
377 3676 481 3751 πατρί
488 3672 503 3693 ”
526 3674 578 3734 καὶ
601 3669 640 3733 τὸ
662 3671 722 3749 μὲν
746 3671 800 3734 “ἐκ
821 3672 888 3733 τῶν
906 3663 1117 3752 ἀνθρώπων”
1141 3669 1198 3735 διὰ

168 3770 229 3855 την
247 3767 416 3853 ἕνδημίαν,
435 3765 474 3829 τό
491 3765 527 3831 δὲ
542 3760 621 3830 “οῦκ
637 3766 672 3843 ἐξ
687 3761 896 3885 ἀνθρώπιρν”
913 3768 965 3831 καί
982 3765 1020 3830 τό
1037 3767 1100 3852 (μὴ
1118 3766 1198 3847 ἔχων

168 3865 315 3951 ἀνάγκην
317 3860 466 3929 ”όιὰ
433 3888 491 3948 την
514 3862 669 3983 θεότητα.
703 3867 755 3928 καὶ
780 3865 857 3946 περὶ
879 3890 937 3950 της
959 3860 1060 3928 αὐτοῦ
1079 3862 1199 3948 θεότη-

166 3965 228 4044 τός
250 3984 348 4051 φησι,
371 3967 490 4042 καίπερ
513 3954 559 4026 τόν
583 3961 695 4037 υίὸς
687 3964 762 4043 περὶ
787 3963 883 4026 δὲ’
845 3986 902 4047 της
924 3959 1081 4043 ενσόρκου
1098 3955 1240 4029 ιιῦτοῦοθ

167 4065 365 4145 παρουσίας
387 4044 619 4137 ε’μαθενίξ
593 4085 638 4122 ιον
662 4057 792 4134 ίπαθί
807 4065 899 4172 φησί

258 4162 311 4224 38
349 4157 416 4220 Κατ
447 4148 573 4239 όρᾷς“
554 4178 607 4219 οτι
635 4179 746 4219 πιιντα
775 4158 833 4218 τοῦ
863 4157 1012 4236 Χριστοῦ
1042 4154 1115 4218 λεῖα
1143 4154 1197 4219 καὶ

167 4254 271 4323 οῦδὲν
293 4251 329 4319 ἐν
344 4247 459 4327 αὐτοῖς
474 4252 745 4337 στραγγαλιιῦόες.
781 4251 816 4315 τό
832 4251 893 4335 γὰρ
910 4246 1061 4334 ιἰρχιεριά
1077 4248 1199 4316 πιστὸν
