2867 5084
477 996 571 1049 mv.
598 999 807 1050 κικικιιοι.
1093 955 1147 1051 ίοί

131 1154 329 1234 τριμμένον·
351 1151 488 1232 καρδίαν
509 1156 784 1235 συντετριμμένην
799 1149 854 1217 καί
868 1158 1152 1237 τεταπεινωμένην

131 1243 149 1313 ό
172 1246 258 1324 θεὸς
281 1241 340 1312 οόκ
362 1246 599 1325 ἔξουδενιόσείῖ
631 1250 683 1312 καί
709 1248 857 1316 *ίθόσατε
878 1252 925 1334 τῷ
942 1252 1013 1335 θεῷ
1028 1255 1152 1315 θυσίαν

131 1343 319 1422 αἰνέσεως,”
346 1347 401 1410 καὶ
423 1340 487 1410 όσα
509 1345 579 1410 έστι
601 1347 677 1428 περί
700 1347 819 1411 τούτου
842 1347 955 1432 λέγειν.

220 1447 269 1507 72.
307 1435 391 1507 Είτόι
419 1465 521 1528 φησιν
551 1438 568 1507 5
600 1436 699 1520 αι’πός
730 1442 865 1528 Μάνης,
901 1437 1046 1530 ἠθέλησε
1072 1445 1150 1527 περί

129 1543 284 1624 Χριστοῦ
307 1538 403 1622 λόγον
425 1538 598 1606 ἐκθέσθαι.
634 1536 652 1604 5
675 1541 820 1626 λαλήσας
841 1540 902 1626 γὰρ
926 1541 959 1607 ἐν
981 1544 1028 1627 τῷ
1051 1541 1178 1627 νόμῳ,5

130 1642 234 1720 μέγας
261 1632 413 1722 ἀληθῶς,
444 1632 464 1701 5
492 1636 668 1721 ἐκθέμενος
696 1645 749 1704 καί
779 1641 855 1722 περὶ
878 1642 945 1706 τῶν
966 1637 1153 1720 μελλόντων
1197 1716 1205 1729 .

85 1732 313 1820 mymbouwv.
354 1733 384 1800 ελ
405 1733 466 1818 γὰρ
490 1729 561 1800 ολδε
580 1734 623 1800 τὰ
644 1736 815 1819 μέλλοντα,
841 1733 897 1802 οὐκ
920 1735 1060 1821 ἄμοιρός
1082 1734 1154 1801 ἔστι

129 1830 364 1916 προγνώσεως,
380 1825 464 1898 ἀλλὰ
478 1831 561 1910 θεός
576 1833 703 1899 ἐστιτὰ
718 1834 880 1914 μέλλοντα
896 1833 1007 1912 εἷδιός·
1029 1833 1154 1918 ἔγραψε

132 1930 169 1994 δὲ
199 1922 300 2008 αὐτὰ,
330 1929 385 1994 ἵνα
412 1934 553 2014 γένηται.
598 1929 628 1997 εί
657 1932 693 1996 δέ
721 1930 852 1997 ἐναντία
881 1928 970 2018 αὐτῷ
999 1926 1152 2017 ὑπῆρχεν,

132 2026 258 2114 ἔγραφε
278 2027 338 2108 μὲν
360 2030 438 2110 περὶ
461 2022 578 2105 αι’τιόν,
603 2030 696 2095 ἐ’λυσε
720 2031 755 2095 δὲ
778 2024 872 2107 αὐτὰ,
895 2029 1016 2115 ἵναμή
1040 2022 1194 2107 αι”τοϊςιο

130 2127 342 2206 πεισθῶμεν.
373 2119 476 2191 ὁπότε
500 2125 535 2191 δέ
558 2133 729 2212 συνίστησι
751 2125 793 2192 τὰ
814 2128 976 2209 μέλλοντα
999 2127 1045 2205 εἷς
1070 2133 1154 2210 Χρι-
1233 2172 1236 2189 .

132 2221 214 2288 στὸν
235 2223 465 2301 τελειοῦσθαι,
495 2218 577 2288 αὐτὸ
599 2220 664 2306 δι’ρα
687 2222 757 2289 ε’στὶ
779 2221 818 2288 τό
841 2227 971 2307 πνεῦμα
993 2223 1031 2288 τὸ
1055 2224 1154 2309 λαλή-

132 2342 197 2385 σαν
220 2318 255 2385 έν
276 2317 367 2405 νόμῳ
388 2323 441 2386 καὶ
464 2320 498 2386 ἓν
521 2320 711 2407 προφήταις
733 2323 785 2386 καί
810 2320 844 2386 έν
867 2314 1051 2406 εδαγγελιίμ.
1093 2331 1155 2403 μία

130 2416 198 2503 γάρ
221 2417 310 2484 ἐστιν
330 2412 349 2503 ή
373 2424 566 2505 συμφωνία,
597 2413 642 2495 ὡς
664 2417 722 2483 διὰ
745 2422 919 2494 Μωυσέως
942 2419 1026 2502 λέγει
1050 2431 1155 2500 “προ·

135 2514 246 2601 φήτην
266 2510 342 2598 ὑμῖν
365 2514 485 2581 ἐκτῶν
509 2509 663 2601 ἀδελφῶν
685 2513 776 2597 ὑμῶν
800 2515 903 2599 ε’γερεῒ
924 2515 1061 2598 κύριος’.
1100 2517 1154 2582 καλ
1165 2530 1193 2581 15

134 2610 243 2678 πάλιν
269 2608 286 2677 5
314 2611 426 2695 κόριος
454 2615 539 2698 λέγει
569 2616 747 2699 *Μωυσῆς
775 2617 852 2696 περὶ
883 2612 962 2696 ἐμοῦ
986 2614 1153 2697 λ’γραψεν”.

99 2704 154 2781 Βό
184 2710 222 2777 δέ
242 2713 395 2795 Μωυσῆς
422 2733 506 2797 φησι
534 2714 649 2777 “ιιᾶσα
677 2709 765 2797 ψυχή
794 2707 866 2794 ἥτις
894 2705 952 2776 οἰκ
980 2707 1156 2779 ἀκούσεται

132 2810 194 2874 τοῦ
216 2806 395 2893 προφήτου
411 2807 544 2887 ἐκείνου,
569 2808 917 2894 ἰξολοθρευθήσεταδ.
948 2809 1001 2873 καί
1018 2805 1155 2874 πόλινδ

130 2905 249 2990 κόριος
272 2904 322 2971 ι(εί
343 2914 415 2983 τοῖς
430 2911 605 2983 Μωυσέως
619 2906 807 2990 γράμμασιν
823 2900 861 2971 οδ
877 2905 1058 2984 πιστεύετε,
1082 2909 1157 2984 πῶς

131 2998 176 3070 ἂν
198 3002 278 3080 τούς
298 3000 396 3086 ἐμοὺς
420 3002 537 3088 λόγους
559 2998 756 3090 όκοόοητε,·”
778 3006 831 3069 καί
847 3003 1059 3086 πανταχόθεν
1076 3010 1196 3090 φοί-κο

131 3125 228 3169 νεται
250 3097 271 3186 ἡ
295 3093 438 3188 ἇλήθεια
459 3101 603 3187 ιμωτεινή
627 3125 678 3178 τις
700 3091 784 3167 οὖσα
815 3104 869 3167 καί
891 3100 935 3187 μή
960 3101 1078 3183 ἔχουσα
1098 3103 1156 3186 ῥυ·

130 3199 222 3267 τίδα.

222 3303 274 3365 73.
306 3296 458 3362 θανάτου
481 3298 517 3363 δέ
539 3297 642 3362 πόλιν
665 3292 808 3378 ὁρίζεται
830 3295 889 3382 τήν
913 3293 1075 3380 διαθήκην
1097 3297 1156 3362 τοῦ

132 3395 251 3478 νόμον,
276 3392 393 3460 διὰτὸ
415 3394 576 3478 εἰρηκέναι
598 3394 656 3460 τὸν
678 3389 868 3459 ἀπόστολον
894 3392 943 3459 “ει’
961 3392 996 3459 δὲ
1012 3392 1155 3481 διαθήκη

134 3497 198 3559 τοῦ
221 3491 372 3558 θανάτου
396 3491 430 3557 ἒν
451 3491 639 3575 γράμμασιν
668 3490 915 3577 ἐντετυπωμένη
946 3491 1059 3568 λίθοις
1087 3490 1196 3577 {rc-2⁵

133 3589 227 3677 νήθη
250 3588 284 3656 ἐν
306 3587 411 3676 δόξη”.
441 3591 495 3654 καὶ
518 3584 557 3654 οό
571 3589 673 3672 μόνον
684 3592 783 3655 τοῦτο
799 3583 891 3655 εἶπεν
906 3586 925 3673 η
941 3594 1022 3655 θεία
1036 3589 1156 3676 γραφὴ,

134 3681 210 3755 ἀλλ’
235 3682 288 3752 ότι
309 3682 349 3751 “ό
372 3684 473 3768 νόμος
494 3687 611 3773 δικαίῳ
633 3681 671 3752 οὗ
694 3696 809 3765 κεῖται,
834 3683 918 3752 ἀλλὰ
936 3688 1158 3770 πατραλοίαις

134 3785 193 3852 καί
216 3783 433 3867 μητραλοίαις
452 3782 508 3849 καὶ
530 3783 708 3869 ἐπιόρκοις,
731 3786 785 3850 καί
808 3784 840 3849 εί
859 3807 894 3848 τι
916 3780 1096 3849 ἀντίκειται
1116 3785 1157 3868 τῇ

106 3878 332 3968 εδγιαινοόσῃ
362 3881 585 3968 διδασκαλίᾳ”.
631 3880 703 3947 ἐπεὶ
728 3870 785 3946 οὖν
808 3876 827 3945 5
850 3881 950 3964 νόμος
978 3880 1094 3966 δικαίῳ
1117 3874 1155 3944 οό

133 3990 263 4057 κεῖται,
291 3982 487 4064 παράνομος
514 3977 579 4063 όρα
606 3978 695 4044 ἐστίν
725 3973 743 4043 5
771 3978 916 4058 δίκαιος,·
942 3977 985 4064 μή
1015 3983 1196 4062 γένοιτο.θ]

134 4071 209 4147 ἀλλ’
235 4074 351 4164 ἐπειδὴ
372 4078 557 4161 προέλαβεν
579 4070 597 4141 5
620 4075 747 4153 δίκαιος
767 4075 810 4143 τόι
823 4078 881 4140 τοῦ
897 4074 999 4158 νόμου
1013 4076 1155 4155 τελέσαι,

135 4172 197 4244 οόκ
221 4173 294 4242 ἔστι
315 4176 414 4260 νόμος
440 4173 523 4242 κατὰ
544 4174 673 4240 δικαίου
694 4175 754 4239 τοῦ
777 4172 1000 4259 πεποιηκότος
1020 4171 1079 4238 τὸν
1101 4172 1157 4239 νό·

134 4295 214 4359 μον.
259 4281 364 4343 κεῖται
390 4274 427 4340 δὲ
454 4270 539 4339 κατὰ
566 4273 631 4338 τῶν
659 4264 884 4357 ἠνομηκότων,
914 4267 1052 4350 δικάζων
1080 4269 1158 4351 τοὺς
