2867 5084
573 975 706 1029 mm
725 978 935 1030 ιιιιοινιτιι.
1192 965 1255 1028 489

237 1151 306 1210 μοι.
346 1127 455 1210 εἰμὲν
477 1128 539 1213 γὰρ
562 1128 646 1213 σὰρξ
666 1131 768 1213 μόνον
792 1121 839 1216 ἦν,
863 1133 937 1208 πῶς
954 1122 1092 1215 ἠδύνατο
1107 1131 1259 1216 μνησθῆ-

237 1251 293 1292 ναι
316 1233 450 1311 πείνηςς
488 1230 540 1291 καί
564 1227 594 1293 εί
617 1226 650 1293 ἐκ
680 1232 786 1313 ψυχῆς
814 1230 870 1293 καὶ
900 1227 1054 1310 σώματος
1081 1216 1119 1310 ἦν
1146 1226 1257 1313 μόνης,

238 1327 347 1409 ψυχῆς
375 1322 420 1408 μὴ
449 1323 584 1408 ἐχούσης
611 1324 650 1389 τὸ
673 1324 803 1410 λογικὸν
831 1327 890 1390 τοῦ
913 1326 980 1402 νοῦ,
1014 1323 1071 1388 τὸν
1102 1325 1259 1409 λογισμὸν

236 1425 297 1506 τῆς
326 1421 612 1508 ε’νανθρωπησεως
644 1421 694 1493 (ού
722 1423 779 1488 τὸν
808 1424 936 1509 φαῦλον
958 1423 1057 1506 λέγω,
1091 1417 1175 1488 ἀλλὰ
1203 1422 1260 1488 τὸν

238 1518 299 1586 ἐπὶ
320 1522 360 1604 τῇ
377 1514 499 1604 εύλόγιμ
514 1526 607 1604 χρείᾳ
622 1527 826 1605 τεταγμένον,
851 1519 1164 1606 συμπρεπόντωςτῇ
1180 1521 1284 1589 θεά-5

237 1634 335 1702 τητι),
371 1620 444 1694 πῶς
466 1612 607 1702 ἠδύνατο
629 1618 798 1695 πεινάσαι,
822 1612 842 1703 ἢ
872 1620 1093 1704 διανοηθῆναι
1122 1627 1260 1698 πεῖναν,·

238 1714 352 1781 πόθεν
375 1716 411 1780 δὲ
433 1716 623 1800 λελύπηται,
647 1718 718 1800 λέγε
735 1739 803 1797 μοι,
834 1720 940 1803 ψυχῆς
961 1715 1004 1802 μὴ
1029 1714 1163 1800 ἐχούσης
1185 1718 1261 1783 νοῦν

240 1812 356 1878 καὶτὸ
383 1813 577 1898 λογίζεσθαι
584 1843 594 1894 ,·
618 1811 740 1897 ἀλόγου
761 1816 869 1899 ψυχῆς
884 1811 984 1900 σύσης
1005 1807 1157 1899 ἢσαρκὸς
1172 1808 1261 1897 διψα-

209 1932 300 1992 [ιχου
333 1908 433 1995 σύσης
465 1908 540 1976 οὔτε
569 1905 636 1975 ὑπὸ
658 1911 764 1997 λύπην
788 1907 978 1979 ὑπέπιπτεν
1000 1909 1076 1978 οὔτε
1098 1912 1145 1990 εἰς
1175 1907 1262 1978 διθυ-

239 2014 330 2091 μίαν.
368 2012 420 2073 καί
445 2008 556 2074 πολλά
579 2008 668 2075 ἐστιν
698 2008 799 2095 ἃχρὴ
828 2005 912 2096 ἡμᾶς
940 2011 1193 2093 διανοουμένους
1216 2010 1261 2077 εἰ·
1273 2030 1300 2080 1⁰

239 2108 343 2184 δέναι,
369 2102 485 2170 ὅτιτὸ
508 2108 688 2193 σοφιστικὰ
711 2107 852 2188 περιττὰ
872 2108 1031 2191 τυγχάνει,
1056 2112 1109 2172 καὶ
1124 2107 1262 2193 πλήττει

239 2205 367 2286 μᾶλλον
401 2204 478 2282 τούς
512 2200 596 2288 ὑπὲρ
624 2206 663 2270 τὸ
693 2207 767 2271 δέον
799 2207 1019 2289 βουλομένους
1048 2206 1263 2272 διανοεῖσθαι

239 2301 297 2368 καὶ
324 2302 366 2386 μὴ
397 2312 527 2386 μετρεῖν
557 2302 693 2380 ἑαυτούς
722 2302 756 2368 ἐν
784 2306 831 2386 τῷ
863 2309 971 2388 μέτρῳ
1000 2304 1047 2386 τῷ
1076 2297 1153 2387 ἡμῖν
1180 2301 1263 2368 κατὰ

240 2410 440 2484 παραίνεσιν
471 2400 639 2485 εἰρημένῳ,
671 2397 741 2466 ἀπὸ
769 2402 827 2465 τοῦ
857 2395 1042 2484 ἆγιιοτάτου
1072 2395 1262 2465 ἀποστόλου

243 2499 302 2563 τοῦ
327 2497 493 2584 φήσαντος
518 2497 581 2581 ’μὴ
605 2492 827 2583 ὑπερφρονεῖν
849 2497 940 2580 παρὸ
962 2498 1014 2562 δεῖ
1036 2499 1200 2582 φρονεῖν.”
1275 2524 1302 2572 15

185 2610 235 2662 ms
330 2602 379 2660 31.
413 2601 559 2677 Φέρουσι
582 2594 617 2660 δὲ
639 2590 717 2680 ἡμῖν
739 2598 794 2660 καί
817 2596 921 2674 λέξεις
942 2593 1035 2672 τινδις
1057 2591 1119 2672 ὅτι,
1151 2597 1262 2679 φησὶν,

242 2688 338 2778 ἡμεῖς
367 2693 403 2757 δὲ
432 2695 506 2757 νοῦν
529 2695 678 2774 Χριστοῦ
702 2689 827 2775 ἔχομεν.
871 2701 926 2759 καί
949 2715 1068 2779 φασιν,
1103 2687 1183 2778 ὁρᾷς
1211 2688 1264 2759 ὅτι

242 2793 301 2856 τοῦ
319 2792 468 2873 Χριστοῦ
492 2785 509 2853 ὁ
533 2793 608 2868 νοῦς
631 2791 741 2873 ἕτερος
763 2789 856 2872 παρὰ
878 2791 935 2856 τὸν
957 2785 1131 2876 ἡμέτερον,·
1160 2793 1212 2856 καί
1237 2785 1264 2856 εἰ

244 2887 351 2972 πολλὴ
380 2890 445 2951 τῶν
474 2882 665 2970 ἀνθρώπων
688 2884 869 2975 σἰφελύτης,
904 2884 957 2954 ὅτι
991 2888 1038 2964 εἰς
1067 2886 1084 2952 ὃ
1114 2887 1265 2972 ἑκάτερος

244 2987 400 3072 βούλεται
434 2983 536 3051 κλίνει
568 2989 621 3051 καί
658 2987 692 3051 ἰν
722 2975 750 3072 ηλ
781 2986 871 3052 δοκεῖ
904 2986 1108 3073 σοφίζεσθαι
1139 2987 1303 3068 μᾶλλσννσ

247 3082 380 3169 ἰδιιύτης
395 3078 586 3166 εὑρίσκεται.
622 3078 715 3167 ἡμῶν
737 3083 797 3168 γὰρ
822 3081 926 3150 ὄντων
949 3084 1091 3149 ἰδιωτῶν
1105 3086 1152 3168 τῷ
1168 3085 1264 3169 λόγῳ,

247 3176 314 3247 ἀλλ’
335 3176 372 3247 οὗ
395 3185 435 3266 τῇ
457 3182 585 3263 γνώσει,
609 3180 692 3245 κατὰ
706 3180 745 3246 τὸ
762 3182 940 3267 εἰρημένον,
963 3186 1110 3264 βραχέων
1128 3182 1165 3246 δί
1180 3180 1266 3265 σφό-

247 3280 308 3362 δρα
332 3277 445 3356 ὄντων,
471 3276 710 3360 θαυμαζόντων
734 3279 769 3345 δὲ
790 3281 857 3344 τιῦν
879 3277 1039 3343 τοιούτων
1062 3273 1265 3370 ἀνθρώπων,

247 3382 299 3443 καί
329 3373 398 3442 ἀπὸ
427 3375 532 3460 λόγων
562 3371 761 3459 ὁρμωμένων
791 3375 848 3441 τὸν
880 3378 972 3454 νοῦν,
1011 3370 1156 3460 ἀπορίας
1187 3372 1266 3461 ἡμῖν

248 3475 448 3551 κατάστασις
471 3476 547 3557 περὶ
569 3473 628 3558 τὴν
651 3473 803 3539 διάνοιαν
826 3481 1009 3557 συμβαίνει,
1034 3470 1146 3540 ὅτιτὸ
1168 3470 1305 3559 ῥητὸνεε

197 3576 344 3638 Βτοῦτσ
369 3572 416 3649 εἰς
438 3570 649 3654 παράστασιν
671 3574 730 3657 τῆς
743 3570 897 3657 τοιαύτης
913 3569 1020 3637 αῦτιῦν
1036 3569 1153 3650 ἁπλῶς
1167 3566 1268 3659 ἀργῇ-ς
1343 3615 1346 3621 ,

251 3672 454 3792 φιλονεικίας
475 3669 699 3753 λαμβάνουσιν
716 3664 811 3746 ὅλως,
834 3671 893 3734 τοῦ
909 3668 1103 3784 πράγματος
1117 3695 1161 3755 μη
1154 3667 1268 3752 ἕχον-

250 3791 305 3846 τος
327 3768 472 3873 ε’μφασιν
495 3766 776 3833 ίπικοινωνοῦσαν
798 3769 838 3852 τῇ
859 3766 995 3853 τοιαύτη
1019 3772 1136 3848 σχίσει.
1175 3762 1269 3851 ἡμεῖς

251 3865 319 3983 γὰρ,
345 3850 436 3952 φησί,
462 3865 737 3948 νοῦνΧριστοῦ”
720 3886 843 3946 εχομεν.
874 3869 909 3930 τί
930 3862 1011 3930 δλ”
989 3889 1054 3949 αρα
1076 3865 1125 3947 εἰη
1150 3858 1269 3949 δΧρι-

252 3962 328 4042 στὸς
350 3960 428 4047 παρ’
447 3957 560 4040 αὐτοῖς
583 3955 822 4047 ίρωτητέσν,
802 3988 820 4046 η
845 3957 862 4027 ὁ
886 3964 962 4039 νοῦς
976 3964 1125 4045 Χριστοῦ
1147 3967 1181 4028 τί
1205 3961 1308 4047 ἄρατο

253 4061 310 4147 εἰη.
342 4059 490 4127 ἐνταῦθα
506 4057 572 4127 δὲ’
556 4084 675 4148 υποφα
677 4065 804 4126 ίνσυσιν
821 4058 978 4144 ίτερον
945 4082 1003 4123 τον
1014 4058 1162 4144 Χριστὸν
1185 4054 1270 4129 εἰναι

253 4157 438 4245 νενοηκότες
459 4162 512 4225 καί
537 4159 650 4243 ἑτέραν
672 4157 732 4243 τὴν
755 4151 856 4222 αὐτοῦ
871 4155 1027 4239 δεύτατα.
1062 4156 1091 4223 εί
1112 4156 1173 4241 γὰρ
1196 4154 1268 4225 ἀντὶ

253 4258 309 4323 τοῦ
333 4257 391 4322 νοῦ
413 4256 470 4322 τὸν
492 4256 642 4340 Χριστὸν
663 4251 949 4340 ὑπολαμβάνουσι,
982 4253 1131 4340 Χριστὸν
1155 4255 1190 4322 δὲ
1212 4255 1269 4344 τὴν
