2867 5084
238 959 301 1021 234
462 969 668 1019 επισιαιον
684 969 780 1019 κιαι
799 969 986 1019 ,ιινστιυιν
1002 971 1032 1017 υ.

237 1114 335 1187 αὐτὸν
359 1115 699 1202 ἆναλαμβανόμενον,”
725 1118 800 1185 τότε
823 1117 943 1185 λοιπὸν
966 1117 1102 1185 πάντων
1125 1119 1296 1185 velem-⁸6

236 1223 365 1284 θέντων
395 1218 447 1282 καὶ
475 1215 624 1332 μηόενὸς
638 1218 703 1280 τῶν
727 1216 812 1298 πρὸς
834 1215 1006 1303 πλήρωσιν
1028 1211 1258 1334 ὑπολειπομέ-

236 1341 301 1380 νιυν
330 1317 396 1378 τῶν
425 1311 483 1379 ἐπὶ
504 1312 562 1399 τὴν
586 1307 686 1378 αότοό
699 1313 855 1437 θεότητα
879 1308 1056 1401 ἀναφέρειν
1077 1313 1149 1380 τὸ“
1153 1300 1257 1399 ⁶601}

238 1406 256 1476 6
283 1410 365 1488 θεὸς
393 1408 435 1474 τὰ
463 1409 573 1475 πάντα
603 1410 635 1476 ἐν
665 1413 804 1489 πᾶσιν,”
834 1411 905 1477 ἔστι
927 1410 1181 1527 σημαινόμενον,
1205 1409 1257 1477 ἵνα

214 1508 280 1595 ὁμὴ
305 1509 353 1595 εἴη
379 1508 549 1593 διαίρεσις.
581 1502 702 1624 οὐγὰρ
728 1507 826 1585 ἔστιν,
850 1507 970 1626 ἵναμὴ
988 1511 1168 1625 νομισθῇ
1154 1509 1255 1574 πολυ-

236 1609 331 1684 θείῃα
353 1611 415 1689 μία
436 1604 497 1690 γάρ
521 1604 610 1671 ἔστιν
633 1599 652 1690 ἡ
678 1605 715 1669 60
719 1605 860 1689 ξολογία.
893 1601 969 1673 οὔτε
990 1604 1051 1691 γὰρ
1068 1608 1126 1672 νῦν
1142 1601 1189 1684 ὥς
1203 1631 1255 1671 τυ·

236 1705 361 1788 ραννιῦν
386 1726 403 1767 ο
392 1696 555 1779 ‘6669
521 1724 577 1783 οιχ
602 1697 821 1767 ὑποτέτακται
843 1728 889 1787 τιμ
908 1705 1030 1787 πατρὶ
1034 1701 1111 1770 οότε
1138 1699 1254 1769 όποτί·

235 1824 352 1865 τακται
375 1793 419 1876 ‹69
442 1800 568 1914 δοῦλος,
593 1801 644 1865 καὶ
670 1799 821 1877 ἐξουσίαν
835 1797 879 1885 μὴ
897 1799 987 1881 ἔχων,
1012 1799 1046 1866 ἐκ
1061 1799 1193 1885 πατρὸς
1206 1824 1254 1884 γε·

236 1898 487 2010 γεγνημίνος
449 1921 506 1981 της
478 1889 629 1984 γαότῆς
651 1895 783 1982 φύσεως
805 1901 858 1961 καί
881 1899 939 2011 τῆς
959 1891 1058 1983 αὐτῆς
1084 1896 1251 1985 θεότητος,

199 1989 312 2058 ίθοότε
340 1990 416 2057 τότε
443 1990 526 2058 κατὰ
554 1993 717 2072 ἔλλειψιν,
754 1990 829 2059 οὕτε
857 1994 940 2060 κατὰ
968 1989 1153 2087 ὑπόβασιν,
1182 1990 1251 2061 οότε

236 2087 318 2155 κατὰ
347 2082 503 2174 όνόγκην,
534 2084 554 2174 ἢ
582 2088 664 2156 κατὰ
692 2086 829 2177 λῆξιν(
812 2090 1040 2158 υποτόσσεται
1069 2096 1117 2180 τῷ
1144 2093 1268 2175 πατρλ,λ

236 2180 305 2254 ἀλλ’
331 2182 375 2264 ὡς
398 2186 468 2264 υἱὸς
490 2211 622 2274 γνησιος
643 2187 835 2274 μονογενὴς,
864 2188 923 2255 σόν
946 2194 1048 2275 πατρί
1070 2187 1250 2276 βασιλεύων

236 2278 286 2351 ἀεὶ
318 2283 364 2362 εἰς
391 2291 470 2368 μίαν
499 2283 636 2367 ἑνότητα
664 2284 718 2350 καὶ
749 2311 795 2364 εις
825 2288 858 2352 ἓν
886 2293 983 2371 γέρας
1008 2313 1104 2374 τιμης
1128 2282 1250 2371 ἆνόγων

235 2408 293 2468 την
316 2385 428 2447 πᾶσαν
451 2389 574 2461 κτίσιν,
604 2385 656 2448 καὶ
682 2378 907 2449 όιὸάσκων’
870 2387 970 2449 αυτοῦ
993 2411 1051 2471 την
1075 2384 1250 2470 ἐκκλησίαν,

198 2479 291 2545 Ιῠίνα
313 2505 331 2564 η
357 2475 375 2543 6
400 2478 477 2559 θεὸς
500 2477 541 2546 τὰ
563 2480 675 2545 πάντα
697 2479 730 2545 ἐν
754 2483 868 2559 πᾶσιν,
901 2481 1016 2568 ἐπειδὴ
1039 2488 1101 2564 μία
1125 2481 1213 2549 εστιν
1233 2505 1250 2566 η

235 2575 372 2660 θεότης,
402 2584 501 2662 μία
486 2572 503 2640 ό
527 2576 740 2663 κυριότης,,ι
728 2584 790 2659 μία
814 2579 987 2664 όοξολογία
1010 2578 1155 2663 πατρὸς,
1186 2578 1252 2644 v6o6

235 2672 289 2738 καί
320 2669 413 2757 ἁγίου
443 2628 645 2756 πνόίματος,
676 2674 875 2757 πρεπόντως
898 2683 1085 2761 τιμωμένου
1108 2679 1168 2742 τοῦ
1191 2700 1253 2741 πα·

235 2769 312 2852 τρὸς
339 2765 406 2834 όπὸ
436 2773 494 2834 τοῦ
524 2771 612 2849 υἱοῦ,
644 2767 688 2849 ὡς
716 2779 851 2859 γνησίου
879 2774 967 2855 υἱοῦ,
998 2777 1052 2840 καὶ
1081 2776 1144 2840 τοῦ
1164 2770 1253 2858 ἁγίου

235 2864 438 2948 πνεύματος,
469 2862 513 2945 ὡς
543 2864 600 2933 οἰκ
629 2863 804 2953 ἀλλοτρίου
828 2866 921 2949 ὄντος
946 2871 1074 2957 πατρὸς
1096 2873 1149 2937 καὶ
1173 2870 1252 2936 6666.

197 2962 289 3030 2οκαί
319 2959 616 3032 ἀποκλειίσίίωσαν
644 2967 709 3031 τῶν
732 2964 815 3031 κατὰ
837 2970 895 3031 τοῦ
919 2968 991 3032 υἱοῦ
1014 2971 1072 3033 τοῦ
1095 2970 1181 3034 θεοῦ
1202 2963 1253 3033 καλ

234 3063 293 3126 τοῦ
323 3055 416 3145 ἁγίου
445 3062 632 3144 πνευματος
659 3063 945 3149 βλασφημούντων
973 3059 1066 3131 αότοί
1097 3067 1129 3133 06
1153 3064 1274 3150 60'702,c

234 3160 286 3225 καὶ
316 3157 358 3224 τὰ
387 3157 594 3247 ἐπινοήματα
622 3163 680 3246 τῆς
708 3161 795 3243 πρὸς
823 3161 880 3226 τόν
907 3160 976 3227 υἱὸν
1005 3165 1058 3228 καὶ
1092 3162 1131 3228 τὸ
1162 3159 1253 3248 όὶγιον

235 3260 364 3338 πνεῦμα
399 3257 529 3340 ἔχθρας.
575 3259 627 3323 καὶ
661 3257 710 3323 ἔτι
739 3257 841 3324 πάλιν
869 3258 910 3324 τὰ
938 3263 1044 3338 κακῶς
1066 3254 1121 3326 ὑπ’
1149 3254 1255 3327 αὐτῶν

235 3352 455 3434 ίπινοοόμενα
479 3354 693 3440 φωράσαντες
716 3349 955 3439 όνατρίψομεν.

196 3460 226 3511 25
322 3454 370 3515 78.
402 3449 510 3516 Πόλιν
540 3453 670 3536 λέγουσι
699 3456 766 3518 τῶν
795 3453 828 3519 ἐκ
855 3457 914 3520 τοῦ
941 3448 1129 3540 εὐαγγελίου
1153 3456 1257 3536 λέξεις

235 3541 327 3622 τινός
349 3547 401 3610 καὶ
426 3546 538 3630 φασίν,
563 3548 619 3614 διὰ
641 3555 674 3614 τί
697 3545 735 3615 06
759 3550 896 3616 δύναται
911 3562 1023 3618 ποιεῖν
1040 3546 1135 3619 οὐδὲν
1153 3548 1259 3634 όυλός

236 3635 292 3729 ἀφ’
317 3642 450 3718 ἑαυτοῦ,
474 3643 530 3709 ἐὰν
551 3643 595 3729 μὴ
619 3647 673 3732 ι’όη
697 3646 755 3712 τὸν
778 3654 906 3732 πατέρα
928 3652 1110 3732 ποιοῦντα,·
1139 3654 1195 3718 καλ
1220 3642 1260 3719 06

234 3743 367 3806 νοοῦσιν
391 3734 447 3806 ἀπ’
473 3736 627 3826 ἀρχῆς
592 3769 634 3808 τα
656 3745 743 3828 λεγόν
744 3771 823 3824 ιενα,
849 3741 901 3812 ότι
923 3753 1031 3813 καίτοι
1052 3773 1088 3833 γε
1111 3742 1261 3837 ὃπατὴρ

235 3832 273 3903 06
302 3837 464 3922 πρότερον
494 3838 648 3926 εποίησε,
677 3844 730 3908 καὶ
754 3839 890 3963 ὕστερον
914 3839 931 3908 6
955 3843 1025 3921 6669
1048 3844 1261 3927 ἕτεχνάσατο.

195 3946 335 4005 υοποῖον
356 3934 418 4019 γὰρ
441 3930 579 4021 οὐρανὸν
603 3937 742 4024 ἐποίησε
763 3935 839 4006 καθ’
865 3940 981 4008 ἑαυτὸν
1005 3938 1022 4008 6
1046 3967 1176 4030 πατηρ,
1203 3944 1264 4013 ἵνα

235 4025 304 4097 ἀπὸ
327 4035 385 4098 τοῦ
408 4033 514 4099 τόπου
537 4038 595 4100 τοῦ
611 4036 747 4121 πρώτου
764 4027 904 4119 οὖρανου
889 4036 1083 4123 ”λαμών“
1046 4063 1084 4105 το
1100 4035 1288 4127 όμοίωμαο

235 4123 253 4192 6
282 4128 354 4207 υίὸς
389 4126 494 4210 οὕτως
527 4130 721 4218 ἕργάσηται,·
758 4126 826 4196 ἄλλ
852 4127 960 4213 οὐδεὶς
989 4139 1087 4203 τοῦτο
1118 4137 1266 4210 δύναται

234 4223 341 4301 δεῖξαι
361 4231 427 4295 τῶν
448 4228 506 4296 τόν
520 4237 635 4297 κακίαν
651 4225 884 4296 ἐπινοούντων.
916 4226 983 4299 ἕν’
965 4237 1045 4320 αρχῇ
1060 4232 1123 4322 γὰρ
1139 4234 1266 4329 ἕποίη·
