<?xml version="1.0" encoding="UTF-8"?>
<!DOCTYPE html PUBLIC "-//W3C//DTD XHTML 1.0 Transitional//EN"
    "http://www.w3.org/TR/xhtml1/DTD/xhtml1-transitional.dtd">
<html xmlns="http://www.w3.org/1999/xhtml" xml:lang="en" lang="en">
 <head>
  <title>
</title>
<meta http-equiv="Content-Type" content="text/html;charset=utf-8" />
  <meta name='ocr-system' content='tesseract 3.04.00' />
  <meta name='ocr-capabilities' content='ocr_page ocr_carea ocr_par ocr_line ocrx_word'/>
</head>
<body>
  <div class='ocr_page' id='page_1' title='image "./opera01dindgoog_0170.png"; bbox 0 0 2867 5084; ppageno 0'>
   <div class='ocr_carea' id='block_1_1' title="bbox 236 940 1029 1005">
    <p class='ocr_par' dir='ltr' id='par_1_1' title="bbox 236 940 1029 1005">
     <span class='ocr_line' id='line_1_1' title="bbox 236 940 1029 1005; baseline -0.01 -4"><span class='ocrx_word' id='word_1_1' title='bbox 236 940 294 1005; x_wconf 79' lang='lat'><strong><em>148</em></strong></span> <span class='ocrx_word' id='word_1_2' title='bbox 461 952 664 999; x_wconf 76' lang='grc' dir='ltr'><strong><em>σινισινιοκ</em></strong></span> <span class='ocrx_word' id='word_1_3' title='bbox 682 949 777 1000; x_wconf 71' lang='lat' dir='ltr'><strong><em>xm</em></strong></span> <span class='ocrx_word' id='word_1_4' title='bbox 795 947 983 997; x_wconf 75' lang='grc' dir='ltr'><strong><em>Αινσνιοιιυ</em></strong></span> <span class='ocrx_word' id='word_1_5' title='bbox 998 949 1029 994; x_wconf 85' lang='grc' dir='ltr'><strong><em>ιν.</em></strong></span> 
     </span>
    </p>
   </div>
   <div class='ocr_carea' id='block_1_2' title="bbox 134 1092 1301 1963">
    <p class='ocr_par' dir='ltr' id='par_1_2' title="bbox 234 1092 1256 1189">
     <span class='ocr_line' id='line_1_2' title="bbox 234 1092 1256 1189; baseline -0.002 -23"><span class='ocrx_word' id='word_1_6' title='bbox 234 1104 397 1189; x_wconf 81' lang='grc' dir='ltr'><strong><em>φλυαρίας</em></strong></span> <span class='ocrx_word' id='word_1_7' title='bbox 425 1101 716 1186; x_wconf 75' lang='grc' dir='ltr'><strong><em>ἐμπεπλησμένος,</em></strong></span> <span class='ocrx_word' id='word_1_8' title='bbox 756 1094 973 1181; x_wconf 79' lang='grc' dir='ltr'><strong><em>περιεχούσας</em></strong></span> <span class='ocrx_word' id='word_1_9' title='bbox 1005 1099 1120 1163; x_wconf 86' lang='grc' dir='ltr'><strong><em>πᾶσαν</em></strong></span> <span class='ocrx_word' id='word_1_10' title='bbox 1154 1092 1256 1164; x_wconf 79' lang='grc' dir='ltr'><strong><em>αὐτοῦ</em></strong></span> 
     </span>
    </p>

    <p class='ocr_par' dir='ltr' id='par_1_3' title="bbox 134 1189 1301 1963">
     <span class='ocr_line' id='line_1_3' title="bbox 134 1189 1258 1288; baseline -0.003 -23"><span class='ocrx_word' id='word_1_11' title='bbox 134 1232 142 1245; x_wconf 48' lang='grc' dir='ltr'><strong><em>ν</em></strong></span> <span class='ocrx_word' id='word_1_12' title='bbox 234 1199 291 1288; x_wconf 80' lang='grc' dir='ltr'><strong><em>τίγν</em></strong></span> <span class='ocrx_word' id='word_1_13' title='bbox 314 1199 489 1276; x_wconf 82' lang='grc' dir='ltr'><strong><em>κακόδοξον</em></strong></span> <span class='ocrx_word' id='word_1_14' title='bbox 512 1195 643 1273; x_wconf 83' lang='grc' dir='ltr'><strong><em>πίστιν,</em></strong></span> <span class='ocrx_word' id='word_1_15' title='bbox 673 1197 806 1280; x_wconf 73' lang='grc' dir='ltr'><strong><em>γράψας</em></strong></span> <span class='ocrx_word' id='word_1_16' title='bbox 835 1190 851 1259; x_wconf 96' lang='lat'><strong><em>5</em></strong></span> <span class='ocrx_word' id='word_1_17' title='bbox 881 1189 1130 1278; x_wconf 67' lang='lat'><em>55555&#39;255505</em></span> <span class='ocrx_word' id='word_1_18' title='bbox 1152 1189 1258 1262; x_wconf 84' lang='grc' dir='ltr'><strong><em>Εῦσε-</em></strong></span> 
     </span>
     <span class='ocr_line' id='line_1_4' title="bbox 236 1286 1258 1381; baseline -0.003 -20"><span class='ocrx_word' id='word_1_19' title='bbox 236 1303 298 1379; x_wconf 83' lang='grc' dir='ltr'><strong><em>βίην</em></strong></span> <span class='ocrx_word' id='word_1_20' title='bbox 321 1301 367 1381; x_wconf 77' lang='grc' dir='ltr'><strong><em>τῷ</em></strong></span> <span class='ocrx_word' id='word_1_21' title='bbox 397 1296 430 1360; x_wconf 76' lang='grc' dir='ltr'><strong><em>ἐν</em></strong></span> <span class='ocrx_word' id='word_1_22' title='bbox 454 1292 672 1381; x_wconf 80' lang='grc' dir='ltr'><strong><em>Νικομηδείᾳ,</em></strong></span> <span class='ocrx_word' id='word_1_23' title='bbox 706 1294 846 1379; x_wconf 85' lang='grc' dir='ltr'><strong><em>μηδέπω</em></strong></span> <span class='ocrx_word' id='word_1_24' title='bbox 875 1291 1014 1376; x_wconf 88' lang='grc' dir='ltr'><strong><em>φθάσας</em></strong></span> <span class='ocrx_word' id='word_1_25' title='bbox 1041 1291 1128 1374; x_wconf 90' lang='grc' dir='ltr'><strong><em>πρὸς</em></strong></span> <span class='ocrx_word' id='word_1_26' title='bbox 1156 1286 1258 1358; x_wconf 72' lang='grc' dir='ltr'><strong><em>αὐτὸν</em></strong></span> 
     </span>
     <span class='ocr_line' id='line_1_5' title="bbox 239 1382 1257 1478; baseline -0.005 -18"><span class='ocrx_word' id='word_1_27' title='bbox 239 1392 273 1460; x_wconf 70' lang='grc' dir='ltr'><strong><em>ἐν</em></strong></span> <span class='ocrx_word' id='word_1_28' title='bbox 289 1393 502 1478; x_wconf 81' lang='grc' dir='ltr'><strong><em>Νικομηδείη,</em></strong></span> <span class='ocrx_word' id='word_1_29' title='bbox 526 1386 621 1457; x_wconf 79' lang='grc' dir='ltr'><strong><em>οὐδὲν</em></strong></span> <span class='ocrx_word' id='word_1_30' title='bbox 645 1392 746 1456; x_wconf 79' lang='grc' dir='ltr'><strong><em>πλέον</em></strong></span> <span class='ocrx_word' id='word_1_31' title='bbox 769 1383 837 1454; x_wconf 72' lang='grc' dir='ltr'><strong><em>ἀλλ’</em></strong></span> <span class='ocrx_word' id='word_1_32' title='bbox 863 1382 882 1473; x_wconf 76' lang='grc' dir='ltr'>ἢ</span> <span class='ocrx_word' id='word_1_33' title='bbox 905 1388 946 1453; x_wconf 82' lang='grc' dir='ltr'><strong><em>τὰ</em></strong></span> <span class='ocrx_word' id='word_1_34' title='bbox 969 1384 1053 1452; x_wconf 82' lang='grc' dir='ltr'><strong><em>αάτά</em></strong></span> <span class='ocrx_word' id='word_1_35' title='bbox 1075 1384 1182 1455; x_wconf 83' lang='grc' dir='ltr'><strong><em>ὁποία</em></strong></span> <span class='ocrx_word' id='word_1_36' title='bbox 1204 1393 1257 1455; x_wconf 78' lang='grc' dir='ltr'><strong><em>καὶ</em></strong></span> 
     </span>
     <span class='ocr_line' id='line_1_6' title="bbox 218 1481 1301 1576; baseline -0.001 -21"><span class='ocrx_word' id='word_1_37' title='bbox 218 1488 373 1576; x_wconf 71' lang='grc' dir='ltr'><strong><em>δίφρόνει</em></strong></span> <span class='ocrx_word' id='word_1_38' title='bbox 401 1490 434 1556; x_wconf 80' lang='grc' dir='ltr'><strong><em>ἒν</em></strong></span> <span class='ocrx_word' id='word_1_39' title='bbox 464 1485 579 1566; x_wconf 75' lang='grc' dir='ltr'><strong><em>αὐτοῖς</em></strong></span> <span class='ocrx_word' id='word_1_40' title='bbox 608 1488 757 1565; x_wconf 80' lang='grc' dir='ltr'><strong><em>ε’νεάξας,</em></strong></span> <span class='ocrx_word' id='word_1_41' title='bbox 796 1481 866 1550; x_wconf 77' lang='grc' dir='ltr'><strong><em>κατ’</em></strong></span> <span class='ocrx_word' id='word_1_42' title='bbox 899 1485 1021 1550; x_wconf 74' lang='grc' dir='ltr'><strong><em>ἐκεῖνον</em></strong></span> <span class='ocrx_word' id='word_1_43' title='bbox 1057 1485 1115 1550; x_wconf 86' lang='grc' dir='ltr'><strong><em>τὸν</em></strong></span> <span class='ocrx_word' id='word_1_44' title='bbox 1143 1487 1301 1571; x_wconf 65' lang='grc' dir='ltr'><strong><em>καιρὸνῖιί</em></strong></span> 
     </span>
     <span class='ocr_line' id='line_1_7' title="bbox 239 1576 1261 1673; baseline -0.006 -18"><span class='ocrx_word' id='word_1_45' title='bbox 239 1586 546 1673; x_wconf 77' lang='grc' dir='ltr'><strong><em>ἐπραγματεύσατο,</em></strong></span> <span class='ocrx_word' id='word_1_46' title='bbox 579 1585 614 1664; x_wconf 76' lang='grc' dir='ltr'><strong><em>ἐξ</em></strong></span> <span class='ocrx_word' id='word_1_47' title='bbox 636 1576 681 1651; x_wconf 79' lang='grc' dir='ltr'><strong><em>ὧν</em></strong></span> <span class='ocrx_word' id='word_1_48' title='bbox 701 1592 781 1668; x_wconf 88' lang='grc' dir='ltr'><strong><em>μίαν</em></strong></span> <span class='ocrx_word' id='word_1_49' title='bbox 804 1583 970 1649; x_wconf 78' lang='grc' dir='ltr'><strong><em>ἐλθοῦσαν</em></strong></span> <span class='ocrx_word' id='word_1_50' title='bbox 994 1581 1040 1662; x_wconf 82' lang='grc' dir='ltr'><strong><em>είς</em></strong></span> <span class='ocrx_word' id='word_1_51' title='bbox 1062 1583 1122 1660; x_wconf 82' lang='grc' dir='ltr'><strong><em>τὰς</em></strong></span> <span class='ocrx_word' id='word_1_52' title='bbox 1142 1580 1261 1670; x_wconf 81' lang='grc' dir='ltr'><strong><em>ἡμετέ-</em></strong></span> 
     </span>
     <span class='ocr_line' id='line_1_8' title="bbox 238 1676 1259 1768; baseline -0.003 -17"><span class='ocrx_word' id='word_1_53' title='bbox 238 1711 298 1767; x_wconf 87' lang='grc' dir='ltr'><strong><em>ρας</em></strong></span> <span class='ocrx_word' id='word_1_54' title='bbox 317 1696 428 1768; x_wconf 87' lang='grc' dir='ltr'><strong><em>χεῒρας</em></strong></span> <span class='ocrx_word' id='word_1_55' title='bbox 452 1683 597 1749; x_wconf 76' lang='grc' dir='ltr'><strong><em>ἐνταῦθα</em></strong></span> <span class='ocrx_word' id='word_1_56' title='bbox 621 1678 797 1767; x_wconf 86' lang='grc' dir='ltr'><strong><em>ἀναγκαῖον</em></strong></span> <span class='ocrx_word' id='word_1_57' title='bbox 827 1676 993 1766; x_wconf 69' lang='grc' dir='ltr'><strong><em>ἡγησάμην</em></strong></span> <span class='ocrx_word' id='word_1_58' title='bbox 1021 1686 1259 1763; x_wconf 74' lang='grc' dir='ltr'><strong><em>παραθέσθαι,</em></strong></span> 
     </span>
     <span class='ocr_line' id='line_1_9' title="bbox 237 1773 1262 1863; baseline 0 -18"><span class='ocrx_word' id='word_1_59' title='bbox 237 1779 331 1858; x_wconf 81' lang='grc' dir='ltr'><strong><em>ὅπως</em></strong></span> <span class='ocrx_word' id='word_1_60' title='bbox 353 1782 456 1847; x_wconf 81' lang='grc' dir='ltr'><strong><em>’ίδοιεν</em></strong></span> <span class='ocrx_word' id='word_1_61' title='bbox 480 1779 512 1845; x_wconf 80' lang='grc' dir='ltr'><strong><em>οἱ</em></strong></span> <span class='ocrx_word' id='word_1_62' title='bbox 535 1779 781 1863; x_wconf 76' lang='grc' dir='ltr'><strong><em>ἐντυγχάνοντες</em></strong></span> <span class='ocrx_word' id='word_1_63' title='bbox 805 1773 857 1841; x_wconf 78' lang='grc' dir='ltr'><strong><em>ὅτι</em></strong></span> <span class='ocrx_word' id='word_1_64' title='bbox 880 1774 919 1841; x_wconf 86' lang='grc' dir='ltr'><strong><em>οίί</em></strong></span> <span class='ocrx_word' id='word_1_65' title='bbox 941 1803 974 1841; x_wconf 85' lang='grc' dir='ltr'><strong><em>υι</em></strong></span> <span class='ocrx_word' id='word_1_66' title='bbox 997 1777 1080 1842; x_wconf 79' lang='grc' dir='ltr'><strong><em>κατά</em></strong></span> <span class='ocrx_word' id='word_1_67' title='bbox 1095 1801 1188 1854; x_wconf 89' lang='grc' dir='ltr'><strong><em>τινος</em></strong></span> <span class='ocrx_word' id='word_1_68' title='bbox 1207 1801 1262 1845; x_wconf 83' lang='grc' dir='ltr'><strong><em>σε·</em></strong></span> 
     </span>
     <span class='ocr_line' id='line_1_10' title="bbox 235 1867 1228 1963; baseline -0.001 -21"><span class='ocrx_word' id='word_1_69' title='bbox 235 1881 531 1963; x_wconf 85' lang='grc' dir='ltr'><strong><em>συκοφαντημένιος</em></strong></span> <span class='ocrx_word' id='word_1_70' title='bbox 554 1875 725 1960; x_wconf 76' lang='grc' dir='ltr'><strong><em>εἰρήκαμεν</em></strong></span> <span class='ocrx_word' id='word_1_71' title='bbox 749 1867 768 1959; x_wconf 75' lang='grc' dir='ltr'><em>ἢ</em></span> <span class='ocrx_word' id='word_1_72' title='bbox 791 1877 934 1957; x_wconf 82' lang='grc' dir='ltr'><strong><em>λέγομεν.</em></strong></span> <span class='ocrx_word' id='word_1_73' title='bbox 966 1877 1019 1939; x_wconf 80' lang='grc' dir='ltr'><strong><em>καί</em></strong></span> <span class='ocrx_word' id='word_1_74' title='bbox 1044 1874 1134 1940; x_wconf 71' lang='grc' dir='ltr'><strong><em>ἔστιν</em></strong></span> <span class='ocrx_word' id='word_1_75' title='bbox 1156 1870 1228 1959; x_wconf 75' lang='grc' dir='ltr'><strong><em>ἥδε.</em></strong></span> 
     </span>
    </p>
   </div>
   <div class='ocr_carea' id='block_1_3' title="bbox 114 2094 921 2191">
    <p class='ocr_par' dir='ltr' id='par_1_4' title="bbox 114 2094 921 2191">
     <span class='ocr_line' id='line_1_11' title="bbox 114 2094 921 2191; baseline 0.002 -27"><span class='ocrx_word' id='word_1_76' title='bbox 114 2146 120 2157; x_wconf 79' lang='lat'><em>,</em></span> <span class='ocrx_word' id='word_1_77' title='bbox 199 2117 226 2165; x_wconf 83' lang='grc' dir='ltr'><strong><em>ιι)</em></strong></span> <span class='ocrx_word' id='word_1_78' title='bbox 554 2095 747 2190; x_wconf 79' lang='grc' dir='ltr'><strong><em>Ἐπιστολὴ</em></strong></span> <span class='ocrx_word' id='word_1_79' title='bbox 767 2094 921 2191; x_wconf 69' lang='grc' dir='ltr'><strong><em>Ἀρείου.</em></strong></span> 
     </span>
    </p>
   </div>
   <div class='ocr_carea' id='block_1_4' title="bbox 197 2258 1287 4289">
    <p class='ocr_par' dir='ltr' id='par_1_5' title="bbox 234 2258 1285 2640">
     <span class='ocr_line' id='line_1_12' title="bbox 320 2258 1261 2350; baseline -0.002 -19"><span class='ocrx_word' id='word_1_80' title='bbox 320 2271 348 2331; x_wconf 88' lang='grc'><strong><em>6.</em></strong></span> <span class='ocrx_word' id='word_1_81' title='bbox 382 2271 493 2350; x_wconf 80' lang='grc' dir='ltr'><strong><em>Κυρίνῳ</em></strong></span> <span class='ocrx_word' id='word_1_82' title='bbox 509 2264 744 2348; x_wconf 80' lang='grc' dir='ltr'><strong><em>ποθεινοτάτην</em></strong></span> <span class='ocrx_word' id='word_1_83' title='bbox 762 2258 934 2348; x_wconf 80' lang='grc' dir='ltr'><strong><em>ἀνθρώπῳ</em></strong></span> <span class='ocrx_word' id='word_1_84' title='bbox 955 2266 1037 2328; x_wconf 84' lang='grc' dir='ltr'><strong><em>θεοῦ</em></strong></span> <span class='ocrx_word' id='word_1_85' title='bbox 1054 2267 1176 2348; x_wconf 79' lang='grc' dir='ltr'><strong><em>πισεηῦ,</em></strong></span> <span class='ocrx_word' id='word_1_86' title='bbox 1204 2259 1261 2349; x_wconf 85' lang='grc' dir='ltr'><strong><em>δρ-</em></strong></span> 
     </span>
     <span class='ocr_line' id='line_1_13' title="bbox 234 2354 1285 2448; baseline 0.002 -22"><span class='ocrx_word' id='word_1_87' title='bbox 234 2361 368 2447; x_wconf 86' lang='grc' dir='ltr'><strong><em>θοδδξῳ</em></strong></span> <span class='ocrx_word' id='word_1_88' title='bbox 391 2357 556 2448; x_wconf 71' lang='grc' dir='ltr'><strong><em>Εῦσεγθίῳ,</em></strong></span> <span class='ocrx_word' id='word_1_89' title='bbox 585 2359 718 2446; x_wconf 80' lang='grc' dir='ltr'><strong><em>’Ἀρειος</em></strong></span> <span class='ocrx_word' id='word_1_90' title='bbox 747 2354 1032 2442; x_wconf 72' lang='grc' dir='ltr'><strong><em>δδιιυκόμενος&lt;</em></strong></span> <span class='ocrx_word' id='word_1_91' title='bbox 1016 2359 1083 2424; x_wconf 85' lang='grc' dir='ltr'><strong><em>υπὸ</em></strong></span> <span class='ocrx_word' id='word_1_92' title='bbox 1102 2355 1260 2440; x_wconf 81' lang='grc' dir='ltr'><strong><em>Ἀλεξάν-</em></strong></span> <span class='ocrx_word' id='word_1_93' title='bbox 1245 2385 1285 2434; x_wconf 76' lang='lat'><strong><em>-5</em></strong></span> 
     </span>
     <span class='ocr_line' id='line_1_14' title="bbox 235 2452 1260 2545; baseline 0.001 -23"><span class='ocrx_word' id='word_1_94' title='bbox 235 2458 313 2541; x_wconf 89' lang='grc' dir='ltr'><strong><em>δροο</em></strong></span> <span class='ocrx_word' id='word_1_95' title='bbox 336 2458 445 2524; x_wconf 79' lang='grc' dir='ltr'><strong><em>Πάνσα</em></strong></span> <span class='ocrx_word' id='word_1_96' title='bbox 468 2456 588 2536; x_wconf 88' lang='grc' dir='ltr'><strong><em>ἀδίκως</em></strong></span> <span class='ocrx_word' id='word_1_97' title='bbox 618 2457 729 2524; x_wconf 84' lang='grc' dir='ltr'><strong><em>διὰ</em></strong></span> <span class='ocrx_word' id='word_1_98' title='bbox 696 2484 754 2545; x_wconf 82' lang='grc' dir='ltr'><strong><em>την</em></strong></span> <span class='ocrx_word' id='word_1_99' title='bbox 778 2458 889 2521; x_wconf 80' lang='grc' dir='ltr'><strong><em>πάντα</em></strong></span> <span class='ocrx_word' id='word_1_100' title='bbox 918 2459 1059 2522; x_wconf 77' lang='grc' dir='ltr'><strong><em>νικῶσαν</em></strong></span> <span class='ocrx_word' id='word_1_101' title='bbox 1084 2452 1260 2542; x_wconf 80' lang='grc' dir='ltr'><strong><em>ἀλήθειαν,</em></strong></span> 
     </span>
     <span class='ocr_line' id='line_1_15' title="bbox 234 2544 1018 2640; baseline -0.001 -20"><span class='ocrx_word' id='word_1_102' title='bbox 234 2544 272 2640; x_wconf 84' lang='grc' dir='ltr'><strong><em>ἧς</em></strong></span> <span class='ocrx_word' id='word_1_103' title='bbox 293 2558 348 2620; x_wconf 80' lang='grc' dir='ltr'><strong><em>καὶ</em></strong></span> <span class='ocrx_word' id='word_1_104' title='bbox 370 2555 408 2621; x_wconf 72' lang='grc' dir='ltr'><strong><em>σι)</em></strong></span> <span class='ocrx_word' id='word_1_105' title='bbox 434 2552 680 2638; x_wconf 78' lang='grc' dir='ltr'><strong><em>ῦπερασπίζεις,</em></strong></span> <span class='ocrx_word' id='word_1_106' title='bbox 706 2555 739 2620; x_wconf 72' lang='grc' dir='ltr'><strong><em>ἓν</em></strong></span> <span class='ocrx_word' id='word_1_107' title='bbox 762 2561 862 2640; x_wconf 82' lang='grc' dir='ltr'><strong><em>κυρίην</em></strong></span> <span class='ocrx_word' id='word_1_108' title='bbox 884 2579 1018 2637; x_wconf 84' lang='grc' dir='ltr'><strong><em>χαιρειν.</em></strong></span> 
     </span>
    </p>

    <p class='ocr_par' dir='ltr' id='par_1_6' title="bbox 201 2648 1261 3124">
     <span class='ocr_line' id='line_1_16' title="bbox 201 2648 1261 2738; baseline 0.002 -22"><span class='ocrx_word' id='word_1_109' title='bbox 201 2677 227 2724; x_wconf 83' lang='lat'><strong><em>15</em></strong></span> <span class='ocrx_word' id='word_1_110' title='bbox 323 2655 391 2716; x_wconf 87' lang='grc' dir='ltr'><strong><em>Τοῦ</em></strong></span> <span class='ocrx_word' id='word_1_111' title='bbox 415 2652 542 2735; x_wconf 83' lang='grc' dir='ltr'><strong><em>πατρός</em></strong></span> <span class='ocrx_word' id='word_1_112' title='bbox 570 2676 634 2734; x_wconf 92' lang='grc' dir='ltr'><strong><em>μου</em></strong></span> <span class='ocrx_word' id='word_1_113' title='bbox 654 2648 845 2734; x_wconf 80' lang='grc' dir='ltr'><strong><em>Ἀμμωνίου</em></strong></span> <span class='ocrx_word' id='word_1_114' title='bbox 877 2651 923 2729; x_wconf 82' lang='grc' dir='ltr'><strong><em>εἰς</em></strong></span> <span class='ocrx_word' id='word_1_115' title='bbox 950 2677 1009 2735; x_wconf 83' lang='grc' dir='ltr'><strong><em>την</em></strong></span> <span class='ocrx_word' id='word_1_116' title='bbox 1032 2651 1261 2738; x_wconf 79' lang='grc' dir='ltr'><strong><em>Νικομήδειαν</em></strong></span> 
     </span>
     <span class='ocr_line' id='line_1_17' title="bbox 235 2743 1261 2834; baseline 0.003 -22"><span class='ocrx_word' id='word_1_117' title='bbox 235 2743 437 2833; x_wconf 78' lang='grc' dir='ltr'><strong><em>ἀφικομένου</em></strong></span> <span class='ocrx_word' id='word_1_118' title='bbox 467 2746 600 2832; x_wconf 79' lang='grc' dir='ltr'><strong><em>εὔλογον</em></strong></span> <span class='ocrx_word' id='word_1_119' title='bbox 622 2752 675 2814; x_wconf 79' lang='grc' dir='ltr'><strong><em>καί</em></strong></span> <span class='ocrx_word' id='word_1_120' title='bbox 700 2743 917 2834; x_wconf 80' lang='grc' dir='ltr'><strong><em>ὀφειλόμενον</em></strong></span> <span class='ocrx_word' id='word_1_121' title='bbox 941 2747 1045 2833; x_wconf 80' lang='grc' dir='ltr'><strong><em>ἐφάνη</em></strong></span> <span class='ocrx_word' id='word_1_122' title='bbox 1068 2773 1128 2830; x_wconf 93' lang='grc' dir='ltr'><strong><em>μοι</em></strong></span> <span class='ocrx_word' id='word_1_123' title='bbox 1150 2773 1261 2831; x_wconf 87' lang='grc' dir='ltr'><strong><em>προσ-</em></strong></span> 
     </span>
     <span class='ocr_line' id='line_1_18' title="bbox 235 2840 1261 2933; baseline 0.005 -25"><span class='ocrx_word' id='word_1_124' title='bbox 235 2847 411 2927; x_wconf 86' lang='grc' dir='ltr'><strong><em>αγορεῦσαί</em></strong></span> <span class='ocrx_word' id='word_1_125' title='bbox 433 2868 471 2910; x_wconf 95' lang='grc' dir='ltr'><strong><em>σε</em></strong></span> <span class='ocrx_word' id='word_1_126' title='bbox 499 2840 545 2910; x_wconf 79' lang='grc' dir='ltr'><strong><em>δι’</em></strong></span> <span class='ocrx_word' id='word_1_127' title='bbox 571 2840 686 2924; x_wconf 74' lang='grc' dir='ltr'><strong><em>αἰτοῦ,</em></strong></span> <span class='ocrx_word' id='word_1_128' title='bbox 722 2841 804 2928; x_wconf 82' lang='grc' dir='ltr'><strong><em>ὁμοῦ</em></strong></span> <span class='ocrx_word' id='word_1_129' title='bbox 833 2872 869 2911; x_wconf 81' lang='grc' dir='ltr'><strong><em>σε</em></strong></span> <span class='ocrx_word' id='word_1_130' title='bbox 896 2848 949 2911; x_wconf 82' lang='grc' dir='ltr'><strong><em>καί</em></strong></span> <span class='ocrx_word' id='word_1_131' title='bbox 978 2840 1183 2933; x_wconf 78' lang='grc' dir='ltr'><strong><em>ὗπομνῖγσαι’</em></strong></span> <span class='ocrx_word' id='word_1_132' title='bbox 1201 2847 1261 2931; x_wconf 80' lang='grc' dir='ltr'><strong><em>τὴν</em></strong></span> 
     </span>
     <span class='ocr_line' id='line_1_19' title="bbox 236 2937 1261 3028; baseline 0.001 -21"><span class='ocrx_word' id='word_1_133' title='bbox 236 2938 380 3027; x_wconf 73' lang='grc' dir='ltr'><strong><em>ἔμφυτόν</em></strong></span> <span class='ocrx_word' id='word_1_134' title='bbox 404 2965 465 3008; x_wconf 90' lang='grc' dir='ltr'><strong><em>σου</em></strong></span> <span class='ocrx_word' id='word_1_135' title='bbox 488 2937 617 3028; x_wconf 83' lang='grc' dir='ltr'><strong><em>ἀγάπην</em></strong></span> <span class='ocrx_word' id='word_1_136' title='bbox 642 2942 696 3008; x_wconf 88' lang='grc' dir='ltr'><strong><em>καὶ</em></strong></span> <span class='ocrx_word' id='word_1_137' title='bbox 715 2942 880 3021; x_wconf 88' lang='grc' dir='ltr'><strong><em>διάθεσιν,</em></strong></span> <span class='ocrx_word' id='word_1_138' title='bbox 905 2940 943 3028; x_wconf 79' lang='grc' dir='ltr'><strong><em>ἢν</em></strong></span> <span class='ocrx_word' id='word_1_139' title='bbox 967 2942 1050 3023; x_wconf 74' lang='grc' dir='ltr'><strong><em>ἔχεις</em></strong></span> <span class='ocrx_word' id='word_1_140' title='bbox 1073 2942 1159 3025; x_wconf 84' lang='grc' dir='ltr'><strong><em>πρὸς</em></strong></span> <span class='ocrx_word' id='word_1_141' title='bbox 1181 2944 1261 3022; x_wconf 73' lang='grc' dir='ltr'><strong><em>τοῦς</em></strong></span> 
     </span>
     <span class='ocr_line' id='line_1_20' title="bbox 236 3033 1261 3124; baseline 0.002 -20"><span class='ocrx_word' id='word_1_142' title='bbox 236 3033 414 3124; x_wconf 73' lang='grc' dir='ltr'><strong><em>ἀδελφοὺς,</em></strong></span> <span class='ocrx_word' id='word_1_143' title='bbox 446 3039 502 3105; x_wconf 87' lang='grc' dir='ltr'><strong><em>διὰ</em></strong></span> <span class='ocrx_word' id='word_1_144' title='bbox 524 3039 580 3104; x_wconf 83' lang='grc' dir='ltr'><strong><em>τὸν</em></strong></span> <span class='ocrx_word' id='word_1_145' title='bbox 603 3040 686 3106; x_wconf 87' lang='grc' dir='ltr'><strong><em>θεὸν</em></strong></span> <span class='ocrx_word' id='word_1_146' title='bbox 715 3039 770 3106; x_wconf 82' lang='grc' dir='ltr'><strong><em>καὶ</em></strong></span> <span class='ocrx_word' id='word_1_147' title='bbox 793 3040 849 3105; x_wconf 86' lang='grc' dir='ltr'><strong><em>τὸν</em></strong></span> <span class='ocrx_word' id='word_1_148' title='bbox 872 3039 1021 3121; x_wconf 81' lang='grc' dir='ltr'><strong><em>Χριστὸν</em></strong></span> <span class='ocrx_word' id='word_1_149' title='bbox 1051 3034 1168 3117; x_wconf 78' lang='grc' dir='ltr'><strong><em>αὐτοῦ,</em></strong></span> <span class='ocrx_word' id='word_1_150' title='bbox 1206 3037 1261 3107; x_wconf 84' lang='grc' dir='ltr'><strong><em>ὅτι</em></strong></span> 
     </span>
    </p>

    <p class='ocr_par' dir='ltr' id='par_1_7' title="bbox 198 3133 1287 3611">
     <span class='ocr_line' id='line_1_21' title="bbox 198 3133 1262 3224; baseline -0.001 -19"><span class='ocrx_word' id='word_1_151' title='bbox 198 3135 383 3220; x_wconf 78' lang='grc' dir='ltr'><strong><em>ὶθμεγάλιυς</em></strong></span> <span class='ocrx_word' id='word_1_152' title='bbox 405 3133 490 3224; x_wconf 78' lang='grc' dir='ltr'><strong><em>ἡμᾶς</em></strong></span> <span class='ocrx_word' id='word_1_153' title='bbox 513 3138 676 3220; x_wconf 76' lang='grc' dir='ltr'><strong><em>ἐκπορθεῖ</em></strong></span> <span class='ocrx_word' id='word_1_154' title='bbox 697 3141 750 3204; x_wconf 84' lang='grc' dir='ltr'><strong><em>καὶ</em></strong></span> <span class='ocrx_word' id='word_1_155' title='bbox 775 3136 895 3213; x_wconf 81' lang='grc' dir='ltr'><strong><em>διώκει,</em></strong></span> <span class='ocrx_word' id='word_1_156' title='bbox 920 3140 972 3201; x_wconf 80' lang='grc' dir='ltr'><strong><em>καὶ</em></strong></span> <span class='ocrx_word' id='word_1_157' title='bbox 997 3140 1065 3201; x_wconf 87' lang='grc' dir='ltr'><strong><em>πᾶν</em></strong></span> <span class='ocrx_word' id='word_1_158' title='bbox 1087 3135 1185 3202; x_wconf 85' lang='grc' dir='ltr'><strong><em>κακὸν</em></strong></span> <span class='ocrx_word' id='word_1_159' title='bbox 1210 3165 1262 3204; x_wconf 87' lang='grc' dir='ltr'><strong><em>κι-</em></strong></span> 
     </span>
     <span class='ocr_line' id='line_1_22' title="bbox 237 3228 1261 3321; baseline 0.004 -24"><span class='ocrx_word' id='word_1_160' title='bbox 237 3246 285 3298; x_wconf 84' lang='grc' dir='ltr'><strong><em>νεῖ</em></strong></span> <span class='ocrx_word' id='word_1_161' title='bbox 306 3229 386 3299; x_wconf 79' lang='grc' dir='ltr'><strong><em>καθ’</em></strong></span> <span class='ocrx_word' id='word_1_162' title='bbox 413 3231 503 3321; x_wconf 75' lang='grc' dir='ltr'><strong><em>ἡμῶν</em></strong></span> <span class='ocrx_word' id='word_1_163' title='bbox 533 3231 550 3299; x_wconf 92' lang='lat'><strong><em>5</em></strong></span> <span class='ocrx_word' id='word_1_164' title='bbox 574 3235 775 3313; x_wconf 75' lang='grc' dir='ltr'><strong><em>ἐπίσκοπος,</em></strong></span> <span class='ocrx_word' id='word_1_165' title='bbox 812 3231 897 3299; x_wconf 76' lang='grc' dir='ltr'><strong><em>ὥστε</em></strong></span> <span class='ocrx_word' id='word_1_166' title='bbox 927 3233 1078 3311; x_wconf 71' lang='grc' dir='ltr'><strong><em>ἐκδιῶξαι</em></strong></span> <span class='ocrx_word' id='word_1_167' title='bbox 1108 3228 1194 3319; x_wconf 81' lang='grc' dir='ltr'><strong><em>ἡμᾶς</em></strong></span> <span class='ocrx_word' id='word_1_168' title='bbox 1226 3235 1261 3301; x_wconf 77' lang='grc' dir='ltr'><strong><em>ἐκ</em></strong></span> 
     </span>
     <span class='ocr_line' id='line_1_23' title="bbox 236 3325 1287 3450; baseline 0.006 -60"><span class='ocrx_word' id='word_1_169' title='bbox 236 3333 293 3412; x_wconf 78' lang='grc' dir='ltr'><strong><em>τῐγς</em></strong></span> <span class='ocrx_word' id='word_1_170' title='bbox 314 3328 503 3446; x_wconf 34' lang='grc' dir='ltr'><strong><em>πόλεως’(</em></strong></span> <span class='ocrx_word' id='word_1_171' title='bbox 479 3358 522 3408; x_wconf 88' lang='grc' dir='ltr'><strong><em>ιυς</em></strong></span> <span class='ocrx_word' id='word_1_172' title='bbox 545 3327 749 3414; x_wconf 82' lang='grc' dir='ltr'><strong><em>ἀνθρώποις</em></strong></span> <span class='ocrx_word' id='word_1_173' title='bbox 771 3326 904 3407; x_wconf 79' lang='grc' dir='ltr'><strong><em>ἀθέους,</em></strong></span> <span class='ocrx_word' id='word_1_174' title='bbox 930 3330 1044 3414; x_wconf 73' lang='grc' dir='ltr'><strong><em>ἐπειδη</em></strong></span> <span class='ocrx_word' id='word_1_175' title='bbox 1062 3325 1099 3394; x_wconf 90' lang='lat'><strong><em>05</em></strong></span> <span class='ocrx_word' id='word_1_176' title='bbox 1107 3354 1260 3450; x_wconf 79' lang='grc' dir='ltr'><strong><em>συμῳω-</em></strong></span> <span class='ocrx_word' id='word_1_177' title='bbox 1270 3348 1287 3396; x_wconf 85' lang='lat' dir='ltr'><strong>c</strong></span> 
     </span>
     <span class='ocr_line' id='line_1_24' title="bbox 237 3422 1261 3548; baseline 0.006 -60"><span class='ocrx_word' id='word_1_178' title='bbox 237 3429 352 3507; x_wconf 88' lang='grc' dir='ltr'><strong><em>νοῦμεν</em></strong></span> <span class='ocrx_word' id='word_1_179' title='bbox 376 3422 463 3512; x_wconf 81' lang='grc' dir='ltr'><strong><em>αὖτῳ</em></strong></span> <span class='ocrx_word' id='word_1_180' title='bbox 488 3429 630 3548; x_wconf 82' lang='grc' dir='ltr'><strong><em>δημοσίᾳ</em></strong></span> <span class='ocrx_word' id='word_1_181' title='bbox 653 3426 832 3513; x_wconf 75' lang='grc' dir='ltr'><strong><em>λέγοντι,’</em></strong></span> <span class='ocrx_word' id='word_1_182' title='bbox 815 3455 864 3494; x_wconf 89' lang='grc' dir='ltr'><strong><em>αει</em></strong></span> <span class='ocrx_word' id='word_1_183' title='bbox 889 3426 979 3505; x_wconf 87' lang='grc' dir='ltr'><strong><em>θεὸς,</em></strong></span> <span class='ocrx_word' id='word_1_184' title='bbox 1009 3423 1059 3493; x_wconf 82' lang='grc' dir='ltr'><strong><em>ἀεὶ</em></strong></span> <span class='ocrx_word' id='word_1_185' title='bbox 1084 3427 1163 3505; x_wconf 85' lang='grc' dir='ltr'><strong><em>υίὸς,</em></strong></span> <span class='ocrx_word' id='word_1_186' title='bbox 1188 3424 1261 3511; x_wconf 74' lang='grc' dir='ltr'><strong><em>ἅμα</em></strong></span> 
     </span>
     <span class='ocr_line' id='line_1_25' title="bbox 237 3519 1260 3642; baseline 0.004 -57"><span class='ocrx_word' id='word_1_187' title='bbox 237 3522 362 3609; x_wconf 72' lang='grc' dir='ltr'><strong><em>πατὴρ,</em></strong></span> <span class='ocrx_word' id='word_1_188' title='bbox 401 3520 469 3605; x_wconf 77' lang='grc' dir='ltr'><strong><em>ἅμα</em></strong></span> <span class='ocrx_word' id='word_1_189' title='bbox 502 3523 588 3602; x_wconf 85' lang='grc' dir='ltr'><strong><em>υίὸς,</em></strong></span> <span class='ocrx_word' id='word_1_190' title='bbox 623 3524 824 3607; x_wconf 86' lang='grc' dir='ltr'><strong><em>συνυπάρχει</em></strong></span> <span class='ocrx_word' id='word_1_191' title='bbox 854 3520 871 3589; x_wconf 91' lang='lat'><strong><em>5</em></strong></span> <span class='ocrx_word' id='word_1_192' title='bbox 900 3525 971 3602; x_wconf 86' lang='grc' dir='ltr'><strong><em>υίὸς</em></strong></span> <span class='ocrx_word' id='word_1_193' title='bbox 1000 3519 1181 3642; x_wconf 72' lang='grc' dir='ltr'><strong><em>ἀγενγηιιυς</em></strong></span> <span class='ocrx_word' id='word_1_194' title='bbox 1210 3531 1260 3611; x_wconf 77' lang='grc' dir='ltr'><strong><em>τῷ</em></strong></span> 
     </span>
    </p>

    <p class='ocr_par' dir='ltr' id='par_1_8' title="bbox 197 3613 1263 4289">
     <span class='ocr_line' id='line_1_26' title="bbox 199 3613 1261 3710; baseline 0.006 -27"><span class='ocrx_word' id='word_1_195' title='bbox 199 3622 323 3704; x_wconf 69' lang='grc' dir='ltr'><strong><em>νεθειγῦ,</em></strong></span> <span class='ocrx_word' id='word_1_196' title='bbox 348 3613 508 3708; x_wconf 80' lang='grc' dir='ltr'><strong><em>ἀειγενίγς,</em></strong></span> <span class='ocrx_word' id='word_1_197' title='bbox 533 3616 776 3708; x_wconf 80' lang='grc' dir='ltr'><strong><em>ἀγενηεογενίγς,</em></strong></span> <span class='ocrx_word' id='word_1_198' title='bbox 804 3617 869 3687; x_wconf 78' lang='lat'><em>055&#39;</em></span> <span class='ocrx_word' id='word_1_199' title='bbox 895 3622 1029 3709; x_wconf 77' lang='grc' dir='ltr'><strong><em>ἐπινοίη</em></strong></span> <span class='ocrx_word' id='word_1_200' title='bbox 1051 3616 1117 3686; x_wconf 72' lang='grc' dir='ltr'><strong><em>σῦκ’</em></strong></span> <span class='ocrx_word' id='word_1_201' title='bbox 1143 3616 1261 3710; x_wconf 79' lang='grc' dir='ltr'><strong><em>ἀνόμῳ</em></strong></span> 
     </span>
     <span class='ocr_line' id='line_1_27' title="bbox 235 3713 1263 3801; baseline 0.005 -20"><span class='ocrx_word' id='word_1_202' title='bbox 235 3721 299 3782; x_wconf 77' lang='grc' dir='ltr'><strong><em>τινί</em></strong></span> <span class='ocrx_word' id='word_1_203' title='bbox 323 3717 462 3801; x_wconf 85' lang='grc' dir='ltr'><strong><em>προάγει</em></strong></span> <span class='ocrx_word' id='word_1_204' title='bbox 486 3713 503 3782; x_wconf 92' lang='lat'><strong><em>5</em></strong></span> <span class='ocrx_word' id='word_1_205' title='bbox 526 3719 608 3797; x_wconf 88' lang='grc' dir='ltr'><strong><em>θεὸς</em></strong></span> <span class='ocrx_word' id='word_1_206' title='bbox 629 3725 687 3785; x_wconf 84' lang='grc' dir='ltr'><strong><em>τοῦ</em></strong></span> <span class='ocrx_word' id='word_1_207' title='bbox 713 3722 798 3799; x_wconf 81' lang='grc' dir='ltr'><strong><em>υίοῦ,</em></strong></span> <span class='ocrx_word' id='word_1_208' title='bbox 830 3716 880 3787; x_wconf 80' lang='grc' dir='ltr'><strong><em>ἀεὶ</em></strong></span> <span class='ocrx_word' id='word_1_209' title='bbox 904 3720 1000 3797; x_wconf 83' lang='grc' dir='ltr'><strong><em>θεὸς,</em></strong></span> <span class='ocrx_word' id='word_1_210' title='bbox 1032 3713 1082 3784; x_wconf 83' lang='grc' dir='ltr'><strong><em>ἀεὶ</em></strong></span> <span class='ocrx_word' id='word_1_211' title='bbox 1106 3717 1192 3798; x_wconf 80' lang='grc' dir='ltr'><strong><em>υίὸς,</em></strong></span> <span class='ocrx_word' id='word_1_212' title='bbox 1225 3721 1263 3801; x_wconf 71' lang='grc' dir='ltr'><strong><em>ἐξ</em></strong></span> 
     </span>
     <span class='ocr_line' id='line_1_28' title="bbox 236 3810 1261 3903; baseline 0.001 -24"><span class='ocrx_word' id='word_1_213' title='bbox 236 3810 334 3880; x_wconf 69' lang='grc' dir='ltr'><strong><em>αι”ισῦ</em></strong></span> <span class='ocrx_word' id='word_1_214' title='bbox 358 3817 416 3879; x_wconf 87' lang='grc' dir='ltr'><strong><em>τοῦ</em></strong></span> <span class='ocrx_word' id='word_1_215' title='bbox 439 3819 522 3881; x_wconf 83' lang='grc' dir='ltr'><strong><em>θεοῦ</em></strong></span> <span class='ocrx_word' id='word_1_216' title='bbox 547 3810 564 3881; x_wconf 90' lang='lat'><strong><em>5</em></strong></span> <span class='ocrx_word' id='word_1_217' title='bbox 589 3817 667 3895; x_wconf 77' lang='grc' dir='ltr'><strong><em>υἱός.</em></strong></span> <span class='ocrx_word' id='word_1_218' title='bbox 698 3823 751 3883; x_wconf 80' lang='grc' dir='ltr'><strong><em>καὶ</em></strong></span> <span class='ocrx_word' id='word_1_219' title='bbox 770 3816 884 3903; x_wconf 78' lang='grc' dir='ltr'><strong><em>ἐπειδὴ</em></strong></span> <span class='ocrx_word' id='word_1_220' title='bbox 900 3813 1061 3901; x_wconf 74' lang='grc' dir='ltr'><strong><em>Εὐσέβιος</em></strong></span> <span class='ocrx_word' id='word_1_221' title='bbox 1077 3812 1093 3881; x_wconf 87' lang='lat'><strong><em>5</em></strong></span> <span class='ocrx_word' id='word_1_222' title='bbox 1111 3811 1261 3903; x_wconf 84' lang='grc' dir='ltr'><strong><em>ἀδελφός</em></strong></span> 
     </span>
     <span class='ocr_line' id='line_1_29' title="bbox 237 3910 1260 3999; baseline 0.008 -24"><span class='ocrx_word' id='word_1_223' title='bbox 237 3935 296 3976; x_wconf 91' lang='grc' dir='ltr'><strong><em>σου</em></strong></span> <span class='ocrx_word' id='word_1_224' title='bbox 331 3910 364 3976; x_wconf 80' lang='grc' dir='ltr'><strong><em>ἒν</em></strong></span> <span class='ocrx_word' id='word_1_225' title='bbox 395 3916 579 3999; x_wconf 84' lang='grc' dir='ltr'><strong><em>Καισαρείᾳ</em></strong></span> <span class='ocrx_word' id='word_1_226' title='bbox 614 3917 666 3980; x_wconf 78' lang='grc' dir='ltr'><strong><em>καί</em></strong></span> <span class='ocrx_word' id='word_1_227' title='bbox 698 3913 879 3989; x_wconf 85' lang='grc' dir='ltr'><strong><em>Θεοδόσιος</em></strong></span> <span class='ocrx_word' id='word_1_228' title='bbox 915 3916 966 3978; x_wconf 80' lang='grc' dir='ltr'><strong><em>καί</em></strong></span> <span class='ocrx_word' id='word_1_229' title='bbox 997 3915 1167 3991; x_wconf 83' lang='grc' dir='ltr'><strong><em>Παυλῖνος</em></strong></span> <span class='ocrx_word' id='word_1_230' title='bbox 1201 3915 1260 3983; x_wconf 81' lang='grc' dir='ltr'><strong><em>καὶ</em></strong></span> 
     </span>
     <span class='ocr_line' id='line_1_30' title="bbox 233 4001 1261 4099; baseline 0.009 -29"><span class='ocrx_word' id='word_1_231' title='bbox 233 4001 439 4088; x_wconf 76' lang='grc' dir='ltr'><strong><em>Ἀθανάσιος</em></strong></span> <span class='ocrx_word' id='word_1_232' title='bbox 466 4015 518 4076; x_wconf 78' lang='grc' dir='ltr'><strong><em>καὶ</em></strong></span> <span class='ocrx_word' id='word_1_233' title='bbox 542 4010 722 4099; x_wconf 85' lang='grc' dir='ltr'><strong><em>Γρηγόριος</em></strong></span> <span class='ocrx_word' id='word_1_234' title='bbox 749 4009 804 4076; x_wconf 78' lang='grc' dir='ltr'><strong><em>καὶ</em></strong></span> <span class='ocrx_word' id='word_1_235' title='bbox 825 4005 966 4088; x_wconf 79' lang='grc' dir='ltr'><strong><em>Ἀέτιος,</em></strong></span> <span class='ocrx_word' id='word_1_236' title='bbox 1000 4015 1053 4076; x_wconf 82' lang='grc' dir='ltr'><strong><em>καὶ</em></strong></span> <span class='ocrx_word' id='word_1_237' title='bbox 1078 4011 1202 4090; x_wconf 83' lang='grc' dir='ltr'><strong><em>πάντες</em></strong></span> <span class='ocrx_word' id='word_1_238' title='bbox 1225 4014 1261 4080; x_wconf 83' lang='grc' dir='ltr'><strong><em>σί</em></strong></span> 
     </span>
     <span class='ocr_line' id='line_1_31' title="bbox 197 4101 1262 4194; baseline 0.008 -27"><span class='ocrx_word' id='word_1_239' title='bbox 197 4104 318 4168; x_wconf 68' lang='grc' dir='ltr'><strong><em>ὃθκατά</em></strong></span> <span class='ocrx_word' id='word_1_240' title='bbox 344 4107 401 4189; x_wconf 83' lang='grc' dir='ltr'><strong><em>τὴν</em></strong></span> <span class='ocrx_word' id='word_1_241' title='bbox 430 4102 601 4194; x_wconf 81' lang='grc' dir='ltr'><strong><em>ἀνατολὴν,</em></strong></span> <span class='ocrx_word' id='word_1_242' title='bbox 636 4111 786 4193; x_wconf 81' lang='grc' dir='ltr'><strong><em>λέγουσιν</em></strong></span> <span class='ocrx_word' id='word_1_243' title='bbox 814 4101 867 4171; x_wconf 81' lang='grc' dir='ltr'><strong><em>ὅτι</em></strong></span> <span class='ocrx_word' id='word_1_244' title='bbox 894 4109 1103 4190; x_wconf 73' lang='grc' dir='ltr'><strong><em>π’ρσῦπάρχει</em></strong></span> <span class='ocrx_word' id='word_1_245' title='bbox 1133 4105 1150 4172; x_wconf 92' lang='lat'><strong><em>5</em></strong></span> <span class='ocrx_word' id='word_1_246' title='bbox 1174 4110 1262 4190; x_wconf 87' lang='grc' dir='ltr'><strong><em>θεὸς</em></strong></span> 
     </span>
     <span class='ocr_line' id='line_1_32' title="bbox 235 4199 1259 4289; baseline 0.015 -29"><span class='ocrx_word' id='word_1_247' title='bbox 235 4201 294 4261; x_wconf 84' lang='grc' dir='ltr'><strong><em>τοῦ</em></strong></span> <span class='ocrx_word' id='word_1_248' title='bbox 316 4201 388 4265; x_wconf 83' lang='grc' dir='ltr'><strong><em>υίοῦ</em></strong></span> <span class='ocrx_word' id='word_1_249' title='bbox 411 4199 566 4287; x_wconf 84' lang='grc' dir='ltr'><strong><em>ἀνάρχως,</em></strong></span> <span class='ocrx_word' id='word_1_250' title='bbox 591 4202 745 4285; x_wconf 84' lang='grc' dir='ltr'><strong><em>ἀνάθεμα</em></strong></span> <span class='ocrx_word' id='word_1_251' title='bbox 769 4201 925 4283; x_wconf 77' lang='grc' dir='ltr'><strong><em>ἐγένοντο,</em></strong></span> <span class='ocrx_word' id='word_1_252' title='bbox 956 4205 1029 4286; x_wconf 86' lang='grc' dir='ltr'><strong><em>δίχα</em></strong></span> <span class='ocrx_word' id='word_1_253' title='bbox 1054 4206 1259 4289; x_wconf 79' lang='grc' dir='ltr'><strong><em>(ὓιλσγονίου</em></strong></span> 
     </span>
    </p>
   </div>
   <div class='ocr_carea' id='block_1_5' title="bbox 0 0 1441 5084">
    <p class='ocr_par' dir='ltr' id='par_1_9' title="bbox 0 0 1441 5084">
     <span class='ocr_line' id='line_1_33' title="bbox 0 0 1441 5084; baseline 0 0"><span class='ocrx_word' id='word_1_254' title='bbox 0 0 1441 5084; x_wconf 95' lang='lat' dir='ltr'><strong><em> </em></strong></span> 
     </span>
    </p>
   </div>
  </div>
 </body>
</html>
