2867 5084
504 977 628 1030 ικντιι.
647 980 887 1030 mmmm.
1150 969 1213 1032 1³7

186 1131 298 1198 εἰπεῖν
321 1129 379 1217 τὴν
404 1124 570 1197 ύπύθεσιν
592 1129 741 1196 ἐνταῦθα
763 1131 973 1215 διηγήσομαι)
989 1124 1210 1216 ἆναγκαζομέ·

186 1253 246 1294 νου
269 1225 486 1311 Ἀλεξάνδρου
507 1231 566 1293 τοῦ
587 1232 645 1313 τῆς
667 1227 1051 1305 Κιονσταντινουπύλειος
1072 1228 1212 1294 ἐπισκδ-
1291 1260 1300 1295 ,·.

186 1350 258 1392 που
282 1325 419 1404 συνάξαι
441 1324 499 1391 τὸν
514 1323 657 1408 Ἀρειον,
681 1325 736 1390 καὶ
759 1319 859 1390 αὐτοῦ
876 1320 1050 1407 εὐχομένου
1065 1327 1117 1391 καί
1135 1350 1211 1392 στε·

186 1422 363 1501 νάξαντος,
392 1425 445 1487 καλ
475 1424 644 1500 κλίνοντος
672 1421 714 1488 τὰ
738 1421 861 1506 γόνατα
882 1426 959 1506 περὶ
983 1419 1071 1504 ιύραν
1094 1422 1211 1509 ἐνάτην

186 1522 237 1605 τῷ
261 1518 417 1604 σαββάτῳ
440 1518 584 1584 ἐνιύπιον
605 1523 664 1585 τού
689 1527 940 1605 θυσιαστηρίου,
967 1523 1025 1584 τού
1048 1515 1237 1604 Εύσεβίσυὸ

187 1620 342 1702 λέγοντος
365 1613 418 1681 ὅτι
441 1616 469 1683 εί
491 1616 534 1702 μὴ
550 1619 751 1702 βουληθείης
767 1616 847 1682 ἑκτὸν
863 1620 980 1682 τοῦτον
995 1613 1095 1683 αύτὸν
1111 1617 1211 1683 συνά·

186 1717 255 1795 ξαι,
280 1711 417 1791 άκοντύς
432 1736 492 1778 σου
508 1713 567 1779 σύν
583 1713 655 1796 ἐμοὶ
673 1713 892 1780 εἰσελεύσεται
908 1741 947 1801 τη
964 1712 1079 1798 αύριον
1094 1711 1209 1801 ἡμέρᾳ,

186 1810 325 1895 κυριακί,1
360 1813 394 1877 δὲ
429 1811 631 1895 ἐπέφωσκεν.
677 1806 723 1888 ιύς
755 1812 790 1876 δὲ
825 1812 907 1897 ίφην
941 1808 1117 1892 εὐξαμένου
1151 1816 1211 1877 τού

185 1904 405 1993 Ἀλεξάνδρου
434 1919 486 1973 καί
516 1911 694 1990 δεηθέντος
722 1911 780 1973 τού
809 1917 921 1988 κυρίου
948 1904 1022 1994 ἡμιιῖ
1026 1937 1041 1973 ν
1068 1904 1087 1994 ἢ
1110 1905 1211 1975 αύτὸν

188 2007 332 2089 ἐπᾶραι,
362 2006 417 2071 ἵνα
444 2006 489 2092 μη
517 2008 735 2092 ουμμσλυνθῇ
763 2008 810 2090 τῷ
830 2000 949 2091 Ἀρείῳ
976 2010 1022 2091 τη]
1046 2005 1128 2072 κατά
1150 2010 1253 2072 τούτο

188 2113 304 2188 κυρίου
331 2104 624 2191 βλασφημήσαντι,
654 2099 674 2189 ἢ
702 2107 844 2189 ποιησαι
873 2102 1064 2187 παράδοξόν
1087 2130 1135 2180 τι,
1165 2099 1210 2180 ιύς

190 2204 314 2269 είινθεν
338 2200 372 2266 ἐν
393 2205 487 2288 γενεᾷ
508 2204 561 2266 καί
584 2203 678 2287 γενεᾷ
694 2201 989 2284 παραδοξοποιείν,
1014 2194 1070 2265 ούκ
1086 2200 1133 2278 εἰς
1147 2225 1211 2282 μα-

190 2298 270 2383 κράν
299 2293 318 2384 ἡ
349 2293 420 2383 τύχη
450 2300 508 2363 τού
540 2293 634 2382 ἁγίου
665 2297 858 2381 ἐπληροῦτο.
903 2299 987 2363 κατὰ
1014 2296 1073 2374 τὰς
1096 2297 1213 2374 νύκτας

191 2396 356 2464 είσελθτύν
386 2390 552 2480 δ’Ἀρειος
580 2395 627 2473 είς
655 2398 761 2460 θᾶκον
789 2393 875 2477 πρὸς
897 2392 956 2471 τὰς
979 2391 1078 2458 αύτού
1100 2401 1211 2478 χρείας

189 2497 521 2577 παρασκευασθῆναι,
549 2492 693 2577 ἐλάκησε,
717 2491 874 2575 καθάπερ
896 2493 951 2556 καὶ
972 2489 1093 2568 ’ίούδας
1116 2496 1209 2555 ποτέ.
1225 2509 1254 2557 15

189 2594 244 2657 καὶ
274 2587 380 2667 ούτως
402 2588 446 2655 τδ
473 2591 567 2667 τέλος
595 2587 696 2654 αύτού
725 2595 854 2673 γέγονεν
883 2589 917 2654 ίν
944 2588 1039 2674 τύπῳ
1069 2587 1211 2653 δυσιύδει

191 2691 249 2774 τῆς
270 2682 490 2768 ἀκαθαρσίας.

278 2792 307 2850 7.
341 2782 439 2850 Μετὰ
469 2787 504 2850 δὲ
532 2786 649 2850 τοῦτον
677 2783 734 2848 τύν
755 2782 871 2866 χρόνον
895 2782 1015 2848 λοιπὸν
1037 2781 1210 2848 ε’καττύετο

197 2881 284 2965 παρὰ
306 2887 373 2946 τῶν
395 2880 514 2947 τούτου
536 2885 698 2966 μαθητῶν
725 2878 767 2946 τά
789 2881 871 2945 κατὰ
894 2878 951 2965 την
975 2880 1132 2967 συσκευὴν
1155 2883 1212 2966 τῆς

197 2977 372 3065 ἐκκλησίας.
418 2977 568 3044 ἐτελεύτα
602 2979 636 3044 δέ
668 2973 883 3060 Ἀλέξανδρος
915 2974 933 3040 ύ
963 2973 1255 3058 Ἀλεξανδρείαςεα

189 3076 275 3160 μετὰ
297 3076 355 3162 την
378 3075 412 3141 ίν
435 3082 560 3161 Νικαίᾳ
582 3074 731 3140 σύνοδον.
762 3069 799 3139 ού
824 3079 932 3163 παρῆν
956 3071 1212 3151 δέἈθανάοιος

193 3174 275 3256 μετὰ
296 3174 355 3238 τὸν
377 3172 526 3238 θάνατον
545 3170 686 3255 Ἀρείου.
718 3171 870 3249 διάκονος
892 3171 952 3256 γὰρ
967 3161 1006 3257 ἦν
1022 3166 1088 3235 κατ’
1107 3171 1212 3237 ἐκεῖνο

194 3275 306 3355 καιροῦ
337 3267 403 3337 ύπὸ
423 3264 656 3352 Ἀλεξάνδρου,
686 3273 739 3335 καί
767 3264 937 3354 ἀπεστάλη
961 3262 1015 3332 ὑπ’
1041 3263 1140 3332 αὐτοῦ
1165 3269 1212 3345 είς

199 3365 240 3428 τὸ
268 3367 460 3453 κομητάτσν.
503 3366 720 3449 Ἀλεξάνδρου
757 3367 791 3432 δὲ
828 3367 1054 3447 ἐντειλαμένου
1085 3367 1210 3450 μηδένα

205 3467 460 3550 κατασταθῆναι,
490 3465 520 3532 εί
540 3466 584 3551 μη
605 3458 828 3542 Ἀθανάοιον,
857 3459 903 3542 ιύς
924 3459 1023 3540 αύτύς
1045 3488 1080 3530 τε
1103 3467 1154 3528 καί
1180 3464 1256 3528 αἴτ’)

208 3563 257 3623 τοῦ
281 3561 416 3640 κανόνος
444 3561 660 3647 ἐμαρτύρουν,
690 3566 743 3628 καὶ
767 3566 862 3627 πᾶσα
884 3557 902 3647 ἡ
926 3561 1087 3643 ἐκκλησία,
1111 3561 1212 3644 λαμύ·

215 3675 288 3731 μενοι
314 3658 428 3743 καιρὸν
456 3659 490 3725 ολ
517 3659 600 3726 κατὰ
622 3662 789 3727 Μελέτιον
817 3659 1002 3726 ἐπίσκοπον
1024 3662 1082 3745 τῆς
1104 3658 1214 3743 Αίγύ-

217 3774 300 3834 ιιτσυ,
327 3757 515 3825 ἐπισκόπου
543 3757 587 3843 μη
617 3757 782 3841 παρόντος
804 3760 862 3842 τῆς
881 3752 1146 3838 Ἀλεξανδρείας·
1173 3749 1211 3820 ού

218 3845 263 3930 γάρ
283 3880 361 3922 ποτε
382 3850 402 3940 ἡ
422 3848 652 3937 Ἀλεξάνδρεια
675 3855 734 3920 δύο
757 3853 962 3930 ἐπισκόπους
985 3855 1084 3934 ἴσχεν,
1109 3848 1155 3928 ὡς
1177 3850 1213 3915 αἱ

219 3938 297 4016 ἆλλαι
314 3952 437 4030 πόλεις.
468 3955 655 4017 καθεστῶσι
672 3958 782 4017 τοίνυν
798 3947 872 4017 ἀντὶ
885 3944 1102 4031 Ἀλεξάνδρου
1120 3953 1258 4014 &ew-³0

196 4040 265 4104 Mt
287 4073 356 4115 τινα
383 4044 538 4132 ύνδματι,
568 4048 605 4127 ὃς
631 4051 736 4134 μῆνας
763 4059 852 4131 τρεῖς
879 4046 1026 4132 ποιήσας
1051 4044 1211 4112 ἐτελεύτα.

218 4135 263 4201 wi
280 4152 468 4232 παρεγίνετο
489 4142 694 4223 Ἀθανάσιος
715 4143 783 4228 μετ’
809 4140 847 4209 ού
870 4141 967 4222 πολύ,
990 4142 1073 4225 μετὰ
1088 4140 1145 4227 την
1161 4167 1213 4209 τε·

220 4233 313 4328 λῑῡτην
334 4247 460 4312 Θειυνᾶ.
494 4249 547 4310 καὶ
571 4243 605 4310 ἐκ
627 4243 840 4326 πανταχόθεν
863 4237 1086 4325 συνεκρστηθη
1110 4233 1214 4324 δρθο-
