2867 5084
534 971 641 1023 mn.
660 972 944 1023 πευκιτκκτεκστ.
1193 962 1255 1024 275

231 1119 358 1204 κύριον,
382 1119 465 1198 θεὸς
486 1122 577 1200 θεὸν,
603 1117 720 1201 οῦσίας
740 1149 776 1190 τε
797 1125 851 1189 καὶ
872 1127 994 1211 βουλῆς
1014 1126 1068 1190 καλ
1089 1124 1259 1208 δυνάμεως

231 1221 288 1283 καλ
320 1214 416 1304 δόξης
445 1212 699 1302 ἀπαράλλακτον
729 1221 848 1287 εἰκόνα.
897 1225 974 1300 θεὶς
996 1211 1052 1287 οῦν
1075 1226 1179 1288 ταῦτα
1201 1220 1256 1287 καὶ

232 1315 455 1398 δυσχεραίνων
479 1315 565 1399 πρὸς
587 1316 643 1403 τὴν
667 1316 777 1384 εἰκόνα
803 1317 861 1403 τὴν
885 1312 1148 1401 ἀπαράλλακτον,
1180 1342 1257 1384 του-

231 1417 328 1478 τέστι
348 1412 387 1477 τό
410 1412 550 1479 ἔκτυπον
583 1417 634 1479 καὶ
669 1417 784 1499 τρανὲς
806 1414 977 1499 ἐκμαγεῖον
1005 1419 1064 1481 τοῦ
1092 1418 1256 1499 θεούσης

233 1504 368 1587 οὐσίας,
399 1512 451 1575 καὶ
480 1514 546 1575 τῶν
575 1511 663 1596 ἑξῆς,
699 1513 828 1598 φαύλην
856 1512 964 1576 καλιῦν
996 1511 1055 1597 τὴν
1084 1508 1282 1597 ύποληψτνο

231 1605 356 1692 ταύτην
379 1607 600 1674 ἰπισυνάπτει
628 1607 685 1694 τὴν
709 1611 948 1694 δοσαρέστησιν
978 1604 1088 1686 αὑτοῦ,
1118 1608 1255 1694 γράφων

233 1693 310 1770 ὦδε.
342 1708 445 1770 ταῦτα
466 1705 508 1770 τά
531 1705 659 1791 ῥήματα
682 1710 800 1791 σαφιῦς
821 1705 880 1792 τὴν
902 1703 1002 1771 αὐτοῦ
1026 1704 1154 1792 φαύλην
1177 1708 1254 1786 περὶ

202 1799 396 1886 ΰθεότητος
419 1801 540 1886 ἐλέγχει
563 1803 670 1881 δόξαν.
715 1807 790 1880 πῶς
816 1803 877 1888 γὰρ
907 1798 925 1868 δ
953 1803 1064 1886 κύριος
1092 1808 1145 1868 καί
1175 1801 1257 1878 θεὸς

230 1900 413 1984 γεννηθείς,
438 1894 483 1976 ὡς
506 1894 604 1976 αύτός
626 1900 804 1983 προλαβών
828 1902 900 1987 ἔφη,
928 1899 1065 1966 δύναται
1088 1901 1137 1966 ἔτι
1159 1897 1253 1965 εἰκών

229 1998 318 2060 θεοῦ
349 1989 451 2075 εἶναι,·
490 1997 599 2081 ἕτερον
628 1997 688 2081 γὰρ
716 2001 800 2062 θεοῦ
829 1997 923 2064 εἰκών
951 2000 1004 2063 καὶ
1029 1998 1139 2080 ἕτερον
1163 1994 1298 2073 θεόςιυ

231 2088 321 2158 ὥστε
343 2092 452 2174 εἰμὲν
476 2093 585 2171 εἰκὼν,
617 2090 655 2158 οῦ
678 2094 804 2177 κύριος,
834 2089 910 2161 σύδὲ
933 2094 1030 2172 θεὸς,
1066 2088 1134 2159 ἀλλ’
1161 2091 1255 2159 εἰκών

230 2195 347 2272 κυρίου
369 2192 422 2254 καλ
446 2194 546 2256 θεοῦ·
582 2191 610 2256 εἰ
633 2192 668 2256 δὲ
690 2189 801 2275 κύριος
830 2188 933 2269 ὄντως
960 2193 1012 2256 καί
1036 2191 1118 2267 θεὸς
1141 2186 1253 2266 ὅντως,

231 2280 345 2352 οῦκίττ
367 2281 385 2350 ό
406 2285 518 2371 κύριος
545 2290 598 2352 καὶ
628 2287 709 2364 θεός
733 2287 827 2353 εἰκών
849 2295 961 2372 κυρίου
984 2290 1036 2352 καὶ
1062 2289 1145 2352 θεοῦ
1170 2280 1255 2352 εἶναι

232 2381 381 2448 δύναται.
411 2386 465 2449 καλ
482 2385 570 2470 ἑξῆς·
594 2379 688 2449 οῦδὲν
711 2375 768 2449 οῦν
792 2379 890 2450 αύτὸν
914 2374 959 2449 ὧν
981 2394 1147 2468 προεῖπον
1170 2376 1255 2448 εἶναι

230 2479 404 2564 βούλεται·
429 2480 564 2558 πάντως
585 2480 645 2565 γάρ
668 2481 793 2546 τούτων
817 2480 925 2548 εἰκόνα
941 2476 1041 2546 αύτόν
1058 2475 1142 2546 εἶναι
1158 2481 1252 2563 λέγει.
1267 2494 1295 2543 15

231 2571 352 2643 οῦκοῦν
382 2577 411 2643 εἰ
438 2573 553 2655 ούσίας
582 2577 671 2643 ἰστίν
695 2577 804 2657 εἰκὼν,
840 2574 878 2644 ού
908 2577 1044 2644 δύναται
1073 2572 1254 2642 αύτοουσία

233 2669 335 2751 εἰναι,
371 2678 423 2738 καί
459 2675 488 2741 εί
516 2677 637 2760 βουλῆς
666 2675 755 2741 ἔστιν
784 2676 893 2754 εἰκὼν,
933 2670 1040 2740 ούκέτι
1070 2670 1252 2758 αῦτοβουλη

202 2766 320 2838 nebat
343 2770 488 2849 δύναται,
519 2774 571 2836 καὶ
597 2771 625 2837 εἰ
648 2773 816 2854 δυνάμεως
839 2771 942 2850 εἰκὼν,
974 2767 1082 2837 οὐκέτι
1106 2767 1253 2853 δύναμις,

230 2870 285 2934 καὶ
310 2867 340 2933 εἰ
362 2867 459 2953 δόξης
481 2867 585 2945 εἰκὼν,
609 2864 716 2933 οὐκέτι
734 2868 822 2948 δόξα.
853 2865 872 2955 ἦ
895 2869 955 2954 γὰρ
979 2870 1073 2936 εἰκών
1097 2863 1154 2951 ούχ
1175 2867 1251 2934 ἑαυ-

231 2968 300 3052 τῆς,
323 2958 392 3030 ἄλλ’
418 2965 530 3047 ἑτέρου
552 2964 642 3041 τινός
665 2965 764 3030 ε’στι.”
1266 2978 1297 3028 το

321 3069 349 3128 ’1.
379 3065 516 3127 “Ταῦτα
539 3063 574 3127 δὲ
598 3061 653 3140 σύ,
677 3063 870 3147 Μάρκελλε,
894 3062 935 3128 τὰ
956 3062 1085 3148 ῥήματα
1106 3062 1148 3127 τά
1170 3061 1255 3144 πρό-

234 3180 329 3242 τερον
351 3158 530 3236 ἐπαινέσας
553 3157 586 3224 ἰν
610 3153 690 3245 ἀρχῇ
713 3164 771 3224 τοῦ
794 3163 942 3244 βιβλίου,
973 3163 1029 3225 νῦν
1053 3161 1088 3224 δὲ
1111 3152 1254 3240 άρνησύ-

232 3279 331 3338 μενος
351 3254 409 3321 τόν
431 3255 514 3322 θεὸν
538 3255 572 3322 ἰκ
586 3259 669 3322 θεοῦ
686 3255 783 3340 λόγον
806 3254 885 3323 ὄντα
906 3256 964 3321 τὸν
980 3255 1060 3329 υἱόν,
1084 3256 1136 3318 καί
1153 3250 1255 3335 μόνον

234 3354 267 3419 ἐκ
294 3351 398 3435 μόνου
427 3355 483 3418 καλ
504 3354 629 3419 τέλειον
652 3353 687 3418 ἰκ
715 3355 857 3433 τελείου,
894 3354 1011 3437 σαφῶς
1038 3349 1095 3436 την
1125 3348 1253 3436 φαύλην

234 3472 294 3515 σου
315 3451 396 3534 περὶ
418 3449 579 3536 θεότητος
600 3447 737 3535 ἤλεγξας
767 3450 875 3530 δόξαν.
916 3451 974 3514 τοῦ
1001 3446 1062 3532 γὰρ
1091 3447 1295 3530 βασιλέιοςτσ

233 3550 291 3612 τοῦ
319 3545 463 3630 μεγάλου
496 3546 554 3633 τὴν
583 3547 692 3612 εἰκόνα
724 3547 835 3632 λαβὼν
869 3541 973 3632 άζωία
1000 3546 1053 3610 καὶ
1084 3539 1253 3629 άθεότητι,

234 3639 375 3729 άβουλίᾳ
396 3668 432 3711 τε
454 3647 506 3710 καί
531 3639 697 3731 ἀδυναμίᾳ
718 3647 771 3710 καὶ
796 3640 922 3730 ἀδοξία,
952 3645 1006 3708 καλ
1027 3644 1074 3726 τῷ
1098 3636 1253 3725 άνσυσίηι,

181 3739 458 3824 &amamus
479 3739 537 3826 τὴν
557 3735 694 3807 ἀνοσίαν
711 3739 851 3829 τῦφειλες
865 3740 1022 3826 γλῶτταν,
1047 3736 1151 3807 εἰπὼν
1166 3737 1256 3821 ῥῆμα

234 3837 279 3917 εἰς
299 3836 413 3921 κύριον
445 3839 499 3902 καλ
521 3837 715 3924 τελευτήσας
745 3839 792 3916 εἰς
820 3837 928 3924 ψυχὴν
957 3831 1062 3913 οὕτως
1091 3829 1255 3918 άσεβησα-

234 3958 303 4002 σαν.
333 3933 395 4021 τὴν
416 3932 477 4019 γὰρ
501 3933 610 4001 εἰκόνα
631 3938 690 4000 τοῦ
712 3938 796 4002 θεοῦ
823 3934 928 4020 ἀζωίᾳ
943 3931 1157 4017 περιγράψας
1179 3926 1296 3996 οῦτεω

234 4032 344 4117 κύριον
368 4028 444 4098 οὔτε
466 4031 558 4110 θεὸν,
582 4027 640 4098 οῦκ
662 4026 788 4110 ούσίαν,
818 4029 856 4097 οῦ
878 4028 1009 4116 βουλήν,
1039 4023 1075 4093 οῦ
1106 4026 1252 4108 δύναμιν,

225 4125 271 4196 οῦ
292 4130 396 4210 δόξαν
418 4123 503 4196 εἰναι
517 4128 647 4216 ταύτην.
677 4128 804 4195 τούτων
821 4130 856 4195 δὲ
872 4123 1024 4213 ἀκίνητον
1040 4122 1149 4193 εἰκόνα
1170 4115 1254 4189 εἰναι

234 4229 347 4306 θέλεις
369 4219 480 4313 αῦτὴν,
504 4227 605 4295 οἱονεὶ
629 4225 760 4313 ἄψυχον
781 4228 835 4292 καὶ
852 4223 957 4306 άζωον
984 4222 1047 4302 ἔξω
1062 4220 1255 4290 ἰκτεθιίσαν

1049 4328 1100 4377 ἰδ’
1200 4354 1362 4662 l
