2867 5084
401 497 405 513 Ι

1109 527 1120 544 ἱ

200 885 267 950 896
590 897 683 948 tunsa
701 898 848 949 cocoann

203 1033 260 1136 cdd
277 1085 322 1142 Qui
341 1081 489 1131 maledixerit
507 1083 568 1144 putri
586 1082 620 1130 rel
639 1083 708 1130 aratri
728 1092 804 1133 morte
823 1085 939 1132 moriatur
1161 1084 1224 1133 llll

216 1153 257 1203 22.
277 1151 382 1209 Quilibet
401 1149 503 1197 liliorum
523 1148 595 1197 lsrael
614 1148 634 1197 si
654 1149 740 1197 oderat
757 1151 900 1200 sacrificium
925 1150 955 1199 de
980 1150 1061 1199 bobus
1084 1160 1125 1201 aut
1150 1152 1222 1200 oribus

310 1217 443 1285 masculum
468 1216 646 1265 immaculatam
671 1216 763 1266 oderat.
806 1218 831 1266 Si
849 1219 905 1281 qais
927 1220 1077 1282 peccaverit,
1107 1228 1130 1268 et
1148 1220 1170 1267 in
1187 1219 1222 1267 ali·

307 1301 364 1348 quo,
384 1294 428 1333 etc.
465 1287 490 1332 Si
509 1285 642 1348 peccaverit
660 1285 772 1346 populus,
795 1294 840 1334 etc.
1123 1286 1132 1293 ’
1161 1286 1222 1335 36οε

216 1354 258 1404 23.
277 1353 418 1403 Numerabis
435 1353 478 1401 tibi
498 1359 590 1415 septem
615 1351 786 1412 hebdomadas,
814 1367 840 1402 er
864 1366 913 1416 quo
937 1352 1089 1416 manipulum
1108 1354 1220 1413 obtuleris,

311 1423 340 1469 ab
360 1435 386 1469 ea
406 1419 444 1468 die
463 1434 509 1483 qua
527 1419 612 1468 lalcem
625 1424 649 1468 ia
660 1428 765 1480 segetem
777 1422 888 1469 miseris:
908 1428 932 1468 et
950 1420 1087 1470 celebrabis
1105 1422 1219 1483 septimam

310 1487 483 1537 hebdomadem
503 1487 566 1536 diem
584 1486 672 1535 festum
691 1488 793 1536 bomine
813 1490 862 1537 boo
882 1497 922 1538 tuo
1157 1490 1219 1538 llll

216 1556 256 1607 24.
277 1557 377 1606 Oculum
396 1570 439 1618 pro
458 1556 536 1616 oculo,
556 1555 650 1603 dentem
670 1569 713 1617 pro
733 1555 803 1604 dente
950 1555 1033 1605 tlon.
1053 1555 1133 1606 2⁶26b.
1151 1557 1218 1606 tlte.

278 1625 393 1674 liabitabo
412 1624 435 1672 ln
454 1623 509 1684 illis,
528 1631 552 1671 et
570 1623 722 1691 inambulabo
1159 1625 1218 1674 lblc

277 1694 301 1741 ln
321 1693 360 1741 illa
379 1692 417 1740 die
436 1699 586 1754 perstrepent
605 1691 661 1739 tuba
679 1705 763 1750 magna
1148 1692 1219 1742 ibidd

635 1841 802 1900 nebant.

209 1962 249 2011 ll.
267 1960 351 2008 Adduo
369 1960 427 2008 milii
447 1961 469 2007 in
489 1967 594 2007 montem
614 1959 763 2021 septuaginta
779 1958 897 2017 seniores,
916 1965 940 2007 et
958 1959 1079 2021 accipiam
1098 1960 1128 2008 de
1147 1960 1219 2021 spiritu

319 2035 368 2088 tna,
387 2035 410 2075 et
428 2029 451 2074 in
471 2027 524 2074 illos
542 2026 671 2086 effundam,
689 2033 761 2089 atquo
778 2026 850 2074 iidem
868 2025 957 2075 auxilio
975 2027 1019 2075 tibi
1039 2037 1111 2077 erum
1175 2025 1219 2075 le

215 2094 257 2146 20.
276 2095 423 2149 llaecdicit
445 2095 518 2143 lrater
543 2102 598 2142 tuus
617 2094 704 2143 lsrael:
731 2094 827 2143 Praeter
852 2093 968 2142 terminos
991 2102 1052 2143 tuos
1077 2095 1181 2145 transibo
1203 2095 1220 2140 in

310 2171 405 2222 terram,
424 2177 494 2225 qiiam
514 2161 723 2210 iuraritllominus
742 2161 798 2210 dare
816 2161 923 2224 putribus
942 2163 1044 2223 nostris,
1063 2170 1151 2213 terram
1162 2161 1220 2210 melle

311 2239 335 2279 et
352 2231 413 2279 lacte
432 2237 582 2289 innuentem,
608 2238 695 2278 terram
714 2229 913 2278 amorrhaeorum
933 2237 957 2277 et
975 2230 1179 2287 Pherezaeorum,
1204 2235 1220 2276 et

312 2299 491 2353 lebusaeorum,
510 2306 533 2344 et
552 2297 680 2345 Enaeornm
700 2305 723 2344 et
736 2297 941 2358 chananaeorum,
961 2298 1166 2347 cthattaeorum
1183 2306 1220 2344 ter-

310 2381 360 2415 ram
378 2368 492 2414 tluemem
511 2364 580 2413 niella
599 2373 622 2412 et
640 2366 716 2413 lacte:
746 2379 792 2413 non
812 2365 986 2413 declinabimus
1011 2366 1043 2414 ad
1069 2367 1172 2416 dextram
1188 2370 1220 2412 aot

311 2436 440 2494 sinistram,
459 2448 544 2495 aqiiam
563 2440 660 2494 argento
679 2433 797 2493 bibemus,
816 2439 840 2480 st
858 2432 925 2480 cibos
943 2441 1047 2493 argento
1060 2435 1220 2483 comedemus:

310 2517 357 2550 non
377 2501 549 2550 declinabimus
569 2501 612 2548 bac
631 2507 672 2548 aot
690 2499 759 2548 illae:
779 2501 814 2548 ria
834 2500 896 2562 regia
914 2500 1056 2562 gradiemur
1160 2501 1220 2549 bbta

277 2570 348 2632 Aperi
367 2571 505 2618 thesaurum
525 2569 613 2616 bonurn
631 2576 698 2616 tuum
717 2567 846 2616 caelestem
1161 2567 1219 2616 'lblt

536 2719 905 2777 llEUTElillNOlllUll.

236 2837 260 2884 5.
278 2837 330 2884 llon
350 2837 454 2896 occides,
474 2850 521 2883 non
540 2835 666 2898 locaberis,
684 2851 730 2884 non
750 2836 835 2886 laisum
854 2838 1019 2886 testimonium
1041 2839 1108 2887 dices
1158 2835 1218 2884 tull

276 2902 333 2950 Esto
352 2904 421 2950 nobis
446 2904 468 2950 in
489 2904 525 2951 liis
544 2918 606 2965 quae
625 2912 680 2952 suut
704 2904 767 2965 apud
787 2905 921 2954 bominum.
959 2905 1048 2955 Omnia
1074 2916 1218 2970 quamunque

345 2969 430 3018 disent
448 2971 489 3017 tibi
510 2970 626 3019 Dominus
644 2973 769 3020 audiemus
788 2981 811 3022 at
828 2973 944 3022 faciemus
1143 2971 1216 3021 lbbfib

234 3038 257 3086 6.
278 3037 393 3085 [tetuinus
413 3039 476 3085 licus
495 3046 550 3085 tuus
569 3053 629 3087 unus
649 3047 685 3087 est
957 3040 1041 3091 olan.
1061 3041 1140 3092 abab.
1158 3039 1218 3089 abab

221 3104 257 3154 ll.
278 3104 322 3152 llos
342 3106 393 3154 nori
413 3121 440 3154 cx
461 3106 572 3154 omnibus
591 3107 701 3167 gentibus
1158 3106 1217 3156 iblb

219 3173 259 3223 18.
279 3174 362 3221 Anima
380 3189 442 3237 quae
461 3174 601 3236 Prophetam
627 3175 693 3224 illum
721 3189 769 3223 non
794 3174 898 3223 audierit
920 3176 1120 3226 exterminabitur
1137 3190 1149 3223 a
1167 3176 1217 3223 tribu

310 3255 362 3301 sua,
382 3249 404 3290 et
423 3242 562 3301 abiuneta,
581 3250 604 3289 et
622 3243 652 3290 ab
670 3243 734 3291 omni
754 3243 851 3304 regione
863 3257 925 3305 quac
939 3244 1009 3292 coelo
1026 3245 1152 3294 subiicitur
1174 3242 1217 3291 tel

276 3307 417 3370 proplietam
436 3310 502 3357 nobis
526 3310 652 3357 suscitabit
669 3311 785 3359 llominus
805 3311 869 3359 lleus
888 3325 901 3359 e
919 3309 1036 3360 tratribus
1062 3314 1146 3361 vestris
1167 3312 1218 3358 sicut

310 3390 347 3422 me
765 3377 845 3426 332d.
865 3377 943 3427 35³³.
962 3378 1045 3429 ibid.
1065 3380 1143 3431 69³2.
1160 3379 1217 3426 lette

216 3439 256 3488 21.
276 3443 434 3503 Suspendctis
452 3443 518 3492 illum
537 3445 560 3492 in
580 3445 659 3505 liguo:
688 3460 736 3493 non
755 3447 848 3494 occidet
874 3446 910 3494 sol
935 3460 1010 3509 super
1028 3448 1085 3509 illo,
1110 3458 1133 3498 et
1157 3460 1218 3509 super

309 3510 422 3558 cadavere
440 3512 501 3570 eius,
520 3512 563 3559 sed
582 3512 725 3575 deponendo
743 3513 945 3576 deponetiseum,
965 3523 988 3564 et
1000 3515 1146 3578 sepelientes
1161 3528 1218 3576 sepc-

308 3576 371 3692 lictis
389 3585 444 3625 ante
462 3578 521 3627 solis
540 3595 660 3641 occasum,
689 3582 802 3644 quoniam
821 3582 963 3631 maledictas
983 3584 1066 3632 omnis
1083 3585 1124 3648 qui
1139 3582 1216 3646 ‘pendet

308 3659 331 3691 m
360 3646 414 3706 igno
978 3676 984 3685 ‹
1159 3651 1216 3698 ltltla

215 3708 255 3758 23.
275 3711 366 3760 llabeat
383 3713 551 3775 unusquisque
569 3715 680 3776 perillum
699 3716 802 3766 ferreum
821 3718 844 3766 in
865 3731 923 3766 zona
935 3731 987 3778 sua,
1007 3726 1034 3767 nt
1048 3721 1135 3769 camin
1148 3721 1215 3780 aliquo

307 3779 360 3827 loco
380 3779 501 3829 desederit
519 3781 601 3843 lodiat,
621 3790 644 3830 et
662 3790 756 3832 stercus
774 3799 845 3833 suum
863 3785 970 3848 operiat:
992 3788 1108 3849 qnoniam
1127 3786 1215 3852 populus

308 3854 405 3894 sanctus
425 3847 490 3910 estis,
510 3851 668 3899 etllominus
687 3853 818 3901 habitatin
838 3852 917 3902 medio
936 3861 1073 3904 castrorum
1144 3852 1214 3968 litiga

1172 3921 1183 3967 ἵ
1204 3932 1213 3966 a

214 3910 254 3962 28.
275 3914 388 3963 lidebitis
406 3914 474 3962 vitam
492 3923 593 3966 nestram
613 3933 692 3967 coram
711 3921 778 3969 robis
798 3936 811 3970 c
828 3920 891 3982 ligno
910 3935 1056 3986 suspensam

213 3977 254 4028 30.
274 3981 344 4030 Posui
363 3984 426 4030 enim
444 3991 500 4032 ante
517 3983 602 4033 faciem
621 3993 685 4035 tuam
703 3989 773 4037 vitam
793 3996 817 4036 et
834 3997 935 4037 mortem
1060 3991 1140 4040 ereb.
1156 3988 1212 4038 estc

211 4045 251 4095 32.
271 4048 319 4108 Ego
339 4051 446 4098 occidam
466 4060 489 4099 et
506 4053 581 4101 rivere
599 4053 693 4116 larium,
711 4057 844 4119 percutiam
862 4065 886 4106 et
904 4071 947 4119 epo
963 4059 1067 4120 sanabo,
1084 4068 1107 4108 et
1124 4073 1167 4107 non
1184 4062 1212 4102 est

305 4117 345 4178 qui
366 4126 432 4166 eruat
452 4118 610 4169 demonibus
630 4123 690 4170 meis
1060 4126 1137 4177 tall.
1154 4122 1210 4174 553³

272 4184 381 4232 Ascende
400 4187 422 4234 iu
442 4195 546 4236 montem
566 4198 589 4237 et
609 4191 656 4239 illic
675 4204 769 4240 morere
876 4227 879 4233 -
1151 4189 1209 4242 60⁰⁶
