2867 5084
206 867 270 930 oto
290 895 292 899 ·
610 873 700 924 runnu
718 871 830 922 nrnuu.

208 1035 286 1082 Attica
304 1030 370 1091 regio
388 1028 452 1077 unrlc
471 1027 535 1076 diets
557 1026 617 1075 lia.

208 1101 371 1150 budianorurn
391 1095 534 1144 haeresisl,
559 1101 612 1157 post
632 1091 849 1152 Christianismum
868 1091 952 1139 ordine
972 1092 1032 1141 LXX
1052 1093 1133 1143 bila.
1167 1095 1229 1144 iliter

244 1167 329 1217 Orliani
349 1164 406 1210 dicti
425 1164 456 1210 ih.
493 1162 537 1210 Ubi
557 1169 580 1210 et
599 1160 721 1224 quomodo
741 1159 974 1220 deglutiamus
995 1175 1082 1209 aarum
1102 1164 1188 1212 author
1203 1164 1228 1211 ib.

243 1235 405 1284 hnrlianorum
424 1230 528 1278 schisma
546 1229 624 1279 otte.
655 1227 817 1275 budianorum
836 1240 904 1274 error
922 1227 976 1274 vle'
970 1229 1078 1290 imagine
1099 1230 1143 1278 [lei
1161 1230 1226 1279 sita.
1253 1237 1255 1242 '

244 1302 327 1349 Variae
346 1298 473 1360 opiniones
492 1296 522 1346 de
541 1311 570 1345 eo
589 1297 612 1345 in
638 1309 686 1358 quo
712 1296 757 1342 sita
782 1295 812 1342 sb
838 1295 914 1355 imago
934 1295 977 1344 liei
997 1297 1022 1344 in
1043 1298 1144 1346 homine
1161 1299 1226 1347 Sila.

243 1369 286 1417 liei
306 1369 383 1426 imago
401 1366 425 1412 in
445 1365 542 1413 homine
560 1378 607 1412 non
628 1363 697 1426 periit
715 1363 777 1410 ibe.
818 1362 880 1410 Loca
898 1364 987 1425 quibus
1007 1366 1121 1414 nituntur
1138 1367 1226 1415 baliani

243 1444 267 1484 ut
287 1435 389 1497 probent
407 1433 533 1492 imaginem
553 1432 595 1480 liei
615 1445 669 1479 esse
688 1431 711 1478 in
727 1443 829 1492 corpore
843 1430 946 1479 hominis
964 1431 1049 1480 slot.
1095 1435 1160 1483 licus
1177 1449 1225 1497 quo

244 1503 316 1550 modo
341 1516 354 1550 a
380 1501 504 1563 Prophetis
529 1501 560 1547 sit
583 1500 647 1547 risus
671 1498 749 1546 Sila.
785 1498 947 1546 iturlinnnrum
972 1499 1004 1548 de
1030 1501 1149 1551 Paschate
1171 1517 1225 1551 error

244 1571 325 1619 etot.
353 1568 441 1616 Eorum
460 1569 524 1615 eirca
543 1568 588 1615 boe
602 1567 720 1614 calumnia
738 1564 784 1614 thr
796 1579 817 1614 a.
842 1566 1006 1616 tullianorum
1025 1569 1071 1616 rita
1086 1571 1224 1618 sanctissima

245 1636 324 1686 Shlb.
367 1635 472 1683 Aliorum
491 1635 684 1683 communionem
704 1633 806 1681 devitant
824 1633 856 1681 ih.

209 1704 278 1754 ludii
299 1703 398 1752 historia
416 1701 462 1750 tlt
474 1702 497 1750 b.
533 1701 589 1750 Eius
608 1701 706 1749 libertas
725 1701 747 1749 in
767 1700 967 1763 reprehendendo
987 1702 1069 1752 otta.
1106 1705 1141 1752 nb
1156 1704 1225 1752 [rele-

243 1774 278 1820 sia
303 1785 329 1819 se
356 1770 485 1830 segregavit
503 1770 566 1818 ihc.
609 1769 732 1817 ballianus
758 1776 852 1817 creatus
877 1769 1015 1833 Episcopus
1035 1771 1102 1819 ibd.
1147 1772 1224 1821 iulius

243 1852 315 1886 senes
335 1838 358 1884 ia
378 1836 498 1898 Scythiam
517 1837 546 1884 ab
566 1837 712 1899 imperatore
737 1836 854 1897 relegatus
874 1836 952 1886 etna.
990 1838 1017 1886 ln
1038 1839 1138 1889 Galthia
1155 1852 1223 1888 mone

243 1907 316 1953 steria
335 1905 438 1952 instituit
455 1904 487 1952 ib.
501 1905 523 1953 b.

209 1973 286 2021 azara
304 1986 365 2020 uxor
383 1972 458 2031 Setini,
478 1971 635 2034 eiusdemque
655 1986 725 2020 soror
743 1970 823 2021 titt.

209 2239 313 2303 Bahgion
332 2238 436 2301 condita,
455 2247 478 2288 et
496 2240 628 2300 linguarum
647 2240 731 2288 dirisio
750 2254 778 2287 ac
796 2241 894 2288 varietas
914 2238 995 2290 tout.

208 2307 361 2369 baptizantcs
379 2308 465 2356 iterum
484 2308 628 2368 haereticos,
646 2309 717 2355 etiarn
737 2308 837 2355 Arianos
855 2322 979 2371 perperam
1000 2308 1083 2359 lacere
1106 2311 1192 2360 thora.

209 2374 300 2424 liarhae
319 2376 397 2423 tonsio
416 2375 535 2437 prohibita
554 2375 765 2424 constitutionibus
785 2375 928 2437 Apostolicis
951 2376 1047 2426 torsa.

208 2442 367 2492 Buritanorum
384 2443 462 2491 variae
480 2451 568 2505 sectae,
588 2451 611 2491 et
631 2444 744 2491 inriorunr
764 2443 839 2491 hxxtt
862 2443 956 2492 tonte.

207 2510 439 2559 hartestantsrsram
458 2512 565 2560 haeresis
584 2511 669 2560 ,lxxvi
695 2518 750 2573 post
768 2510 990 2572 Christianismum,
1020 2513 1070 2561 sire
1089 2513 1135 2562 tlt
1154 2512 1222 2563 stol,

244 2578 303 2634 Quis
321 2578 393 2626 luerit
412 2579 570 2628 Bardesianes
589 2580 620 2627 ih.
657 2578 758 2640 Scripsit
776 2584 858 2627 eontra
878 2579 1020 2640 Astrologos
1040 2581 1071 2629 tle
1088 2581 1138 2629 into
1155 2582 1222 2630 itta.

242 2645 299 2694 Eius
318 2659 413 2694 errores
431 2647 493 2696 ibe.
528 2647 624 2708 Negavit
647 2654 796 2695 mortuorum
821 2647 1026 2696 resurrectionem
1052 2648 1085 2696 ih.
1123 2649 1178 2697 Eius
1194 2663 1222 2697 re

242 2713 326 2762 lutatio
346 2715 376 2762 ih.
387 2714 410 2761 ti.

207 2779 328 2828 Barnabas
347 2781 520 2828 consolationis
539 2780 612 2828 lilium
632 2780 764 2840 signilieat:
794 2781 857 2829 idam
876 2781 963 2844 loseph
981 2790 1055 2832 antea
1076 2783 1155 2833 dictus
1172 2791 1222 2832 erat·

241 2862 287 2909 que
308 2848 408 2909 Cyprius
430 2848 508 2895 ttttd.

205 2912 404 2961 basilidianorum
425 2914 531 2962 haeresis
546 2914 573 2962 li'
592 2923 646 2976 post
657 2916 863 2964 Christianismum
883 2914 944 2966 otc.
974 2917 991 2964 h
1012 2932 1063 2980 quo
1075 2927 1099 2966 et
1110 2918 1222 2966 ubiintro

241 2981 311 3029 ducta
330 2982 361 3030 ib.
388 2985 404 3029 h
421 2982 509 3043 qurhus
520 2981 637 3030 basilides
656 2997 740 3032 eorum
759 2984 845 3031 author
863 2984 963 3032 edoctus
982 2984 1050 3034 bia
1087 2985 1147 3035 Eius
1164 2986 1222 3034 verba

240 3057 264 3097 ct
282 3049 391 3125 dogmata
410 3049 441 3098 ib.
454 3050 476 3097 b.
513 3049 633 3098 Christum
659 3052 728 3099 suh
723 3052 825 3112 imagine
842 3051 947 3100 hominis
970 3059 1066 3102 tantum
1092 3055 1221 3117 apparuisse

239 3118 262 3165 in
280 3113 350 3165 teiris
369 3117 567 3167 assentiunt.
594 3117 652 3166 Eam
672 3133 768 3182 passum
788 3120 812 3167 in
831 3132 903 3167 cruce
920 3119 997 3168 inisse
1010 3129 1083 3183 negat
1102 3122 1135 3170 ib.
1146 3122 1167 3170 ti.
1192 3121 1222 3168 li·

239 3199 320 3233 rorum
339 3200 366 3234 sc
385 3185 510 3234 mulierum
530 3199 681 3248 promtscnos
691 3186 834 3236 concubitus
844 3187 952 3249 permisit
971 3188 1038 3238 'lib
1050 3204 1072 3239 e.
1096 3190 1221 3239 liarimiun

239 3253 335 3301 siamnat
353 3254 383 3302 ib.
395 3269 415 3302 c.
452 3255 483 3302 Se
503 3254 623 3301 hominem
642 3254 729 3314 salum,
748 3263 841 3303 eeteros
860 3268 931 3304 canes
951 3264 1019 3319 putat
1040 3257 1104 3306 'lla
1141 3257 1222 3306 bactri·

238 3334 293 3368 nam
313 3335 379 3368 suam
398 3322 469 3370 celari
495 3320 543 3369 vuit
566 3322 698 3384 paucisque
723 3322 893 3371 communicari
912 3324 978 3372 ibb.
1033 3325 1158 3374 linianum
1177 3333 1222 3372 nats

239 3387 290 3435 eius
317 3388 425 3436 haeresis
451 3389 517 3437 ibe.
563 3389 706 3452 Principiam
732 3391 814 3438 statuit
833 3391 949 3451 ibrusar,
976 3392 1043 3441 uude
1068 3395 1170 3441 conhtta
1193 3391 1222 3439 la·

237 3453 293 3501 bula
319 3454 348 3501 ‹ie
373 3453 430 3503 365.
456 3456 529 3504 caelis
555 3456 614 3506 tta.
656 3457 689 3505 Ex
713 3472 762 3520 quo
781 3457 838 3506 365.
857 3459 964 3507 membra
988 3461 1013 3508 in
1040 3461 1140 3509 homine
1166 3458 1221 3508 colli·

238 3521 270 3581 git
288 3521 476 3638 &hahenaim
495 3523 560 3571 illurn
580 3525 676 3587 scripsit
692 3525 806 3574 lrenacus
825 3526 888 3575 ibd.
917 3526 975 3576 Eius
995 3527 1108 3589 dogutata
1128 3527 1221 3578 reiutan·

238 3596 277 3637 tur
335 3603 355 3638 a.
381 3605 414 3637 .c.

203 3654 313 3706 Bitumen
332 3659 377 3705 vira
396 3658 467 3705 habet
484 3657 597 3706 adversus
614 3673 703 3708 venena
723 3659 802 3709 tata.

202 3722 268 3773 Bona
288 3725 361 3773 multa
379 3725 403 3772 in
423 3726 549 3787 scripturis
567 3727 718 3788 appellantur
736 3728 781 3776 781
794 3743 814 3775 c.

202 3789 325 3854 Bosporus
345 3793 408 3841 hlius
426 3793 537 3854 nutritis,
556 3795 619 3842 trude
638 3797 696 3843 urbs
715 3797 738 3843 in
759 3795 850 3844 Euxino
872 3797 898 3845 li
911 3796 933 3844 b.

697 3957 733 4015 C.

204 4059 321 4110 Cadavera
340 4071 489 4112 mortuorum
508 4065 605 4112 minime
625 4078 678 4112 esse
697 4064 838 4113 detestanda
857 4064 919 4114 tot.
931 4081 950 4114 c.

121 4145 123 4148 ·
203 4126 269 4177 Caini
290 4129 360 4178 ludas
380 4131 484 4181 imitator
503 4131 553 4194 luit,
573 4134 628 4195 quia
647 4132 713 4181 lratri
732 4147 776 4180 sno
796 4134 910 4182 mentitus
929 4141 966 4181 est
985 4133 1044 4184 hoo.
