2867 5084
291 996 331 1061 78
516 970 722 1060 επιυκεοον
739 1008 834 1058 κιαι
851 1010 1075 1060 mmm

287 1168 379 1228 τέστι
400 1161 458 1227 τὸν
480 1161 567 1226 ἰ’διον
590 1155 690 1226 αὐτοῦ
714 1167 851 1244 πατέρα,
880 1159 938 1227 τάν
957 1157 1066 1244 Ἀδάμ
1087 1168 1308 1248 πεποιηκέναι

288 1262 341 1325 καὶ
363 1259 421 1346 τὴν
443 1256 548 1337 Εὔαν,
572 1262 624 1324 καὶ
647 1256 704 1323 τὸν
726 1257 831 1341 γάμον
852 1259 910 1325 τὸν
933 1259 1052 1341 σεμνὸν
1075 1257 1110 1338 ἐξ
1131 1253 1234 1325 αὐτοῦ
1256 1270 1331 1327 ιιι-0

288 1363 436 1423 κτίσθαι.
473 1359 512 1441 τῇ
536 1357 570 1421 δὲ
594 1349 693 1420 αύτοῦ
716 1350 902 1442 ἀκολουθίᾳ
923 1358 977 1421 καί
1001 1352 1019 1421 ὁ
1042 1353 1135 1442 ἅγιος
1158 1352 1307 1424 ἀπόστο-

289 1455 345 1532 λος
365 1455 465 1541 κῆρυξ
486 1447 530 1519 ἀλν
553 1455 610 1538 τῆς
632 1447 795 1538 ἀληθείας
816 1454 902 1537 λέγει
924 1451 983 1518 “cb
1004 1453 1186 1540 μυστήριον
1207 1458 1305 1520 τούτο

264 1557 371 1636 5μέγα
398 1551 496 1617 ἐστίν.
543 1549 604 1635 ἐγώ
634 1552 670 1616 δέ
695 1550 778 1633 λέγιυ
801 1549 848 1627 εἰς
870 1550 1017 1634 Χριστὸν
1040 1553 1092 1616 καλ
1116 1551 1174 1636 τὴν
1197 1552 1308 1637 ἐκκλη-

289 1652 396 1715 σίαν”·
418 1649 474 1714 ἵνα
496 1642 645 1714 ἀπὸτοῦ
669 1642 880 1729 ύμοιώματος
901 1654 961 1712 τοῦ
983 1643 1050 1713 ἀπὸ
1072 1652 1131 1713 τού
1155 1653 1240 1714 θεοῦ
1256 1675 1307 1716 κε-

286 1751 477 1829 κτισμένοο,
497 1739 605 1827 Ἀδάμ
627 1769 663 1810 τε
684 1742 740 1809 καὶ
760 1747 819 1828 τῆς
840 1743 942 1822 Εύας·
966 1741 1020 1811 ὅτι
1043 1741 1060 1809 ὃ
1083 1745 1166 1825 θεὸς
1188 1747 1305 1827 ἐκτισε,

287 1846 341 1908 καὶ
371 1837 464 1908 εἶπεν
493 1836 638 1924 ὃἈδὰμ
666 1845 785 1907 “τσύτο
815 1836 933 1907 ὀστοῦν
957 1841 992 1908 ἐκ
1012 1846 1079 1908 τῶν
1104 1838 1212 1908 ὀστῶν
1232 1869 1306 1928 μου,

287 1943 341 2006 καὶ
372 1939 455 2022 σὰρξ
483 1938 605 2004 ἐκτῶν
628 1942 756 2021 σαρκῶν
784 1961 864 2023 μου,
895 1942 949 2005 καὶ
972 1934 1043 2006 ἀντὶ
1067 1941 1185 2006 τούτου
1208 1967 1310 2008 κατα·

252 2038 400 2123 ιολείψει
424 2034 614 2120 ἀνθρωπος,
645 2035 702 2101 καὶ
725 2032 778 2102 ὅτι
800 2030 1010 2123 ᾠκοδόμησεν
1028 2033 1190 2124 αὐτῷτὴν
1206 2041 1310 2106 πλευ-

288 2134 348 2219 ράν
372 2134 419 2213 εἷς
439 2137 604 2220 γυναῖκα,”
626 2135 679 2198 καὶ
703 2129 811 2200 οὐκέτι
834 2134 943 2219 έτερον
963 2133 1051 2221 αύτῷ
1068 2136 1197 2222 φάσκει,
1224 2131 1310 2202 ἀλλὰ

287 2232 467 2320 μυστήριον
494 2238 585 2317 μέγα.
630 2230 686 2296 καὶ
714 2233 743 2298 εἰ
771 2233 830 2315 μὲν
853 2231 886 2298 ἐν
909 2227 1081 2318 ἀνθρώπῳ
1104 2237 1156 2299 καί
1180 2237 1309 2319 γυναικὶ

287 2329 345 2418 τὴν
368 2331 501 2409 πλάσιν,
525 2329 608 2395 κατὰ
630 2329 667 2396 δὲ
688 2329 746 2416 τὴν
770 2324 938 2416 ἀναγωγὴν
962 2325 1003 2395 δι’
1029 2326 1225 2417 ἀλληγορίας
1248 2339 1311 2418 φέ-

289 2454 394 2514 ρεται,
427 2432 500 2505 πῶς
528 2417 586 2493 οὖν
612 2422 712 2504 αὐτὸς
740 2427 900 2511 βδελυκτοὶ
922 2423 1049 2512 ἡγεῖται
1071 2432 1124 2494 καὶ
1148 2427 1335 2513 ἀλλότριαι]

251 2548 278 2597 15
287 2531 345 2611 τῆς
365 2530 423 2592 τοῦ
447 2527 529 2591 θεοῦ
553 2519 723 2610 ἀληθείας,
748 2526 800 2590 καλ
824 2519 892 2590 ύπὸ
910 2523 1066 2609 άρχοντος
1082 2525 1124 2592 τὰ
1138 2522 1205 2592 ύπὸ
1222 2530 1309 2593 θεοῦ

287 2630 461 2690 κεκτίσθαι
493 2624 714 2708 βλασφημῶν,
747 2625 800 2688 καὶ
834 2628 1038 2709 παραφέρων
1067 2624 1126 2710 την
1155 2625 1309 2690 διάνοιαν

289 2716 358 2786 ἀπὸ
379 2722 438 2806 τῆς
460 2715 621 2804 ἀληθείας
630 2747 641 2799 ,·
677 2713 763 2799 εἶτα,
795 2723 912 2807 φησὶν,
942 2720 1056 2807 ἐπειδη
1081 2716 1138 2787 ἀπ’
1164 2717 1266 2808 ἀρχῆς
1285 2718 1307 2808 ἡ

289 2816 377 2902 ψυχὴ
404 2812 672 2882 ἀποσπασθεῖσα
700 2814 832 2883 ἀνωθεν
860 2818 985 2901 θλίψιν
1014 2818 1149 2900 ἐμποιεῖ
1174 2823 1213 2905 τῇ
1238 2817 1310 2884 ἀνω

289 2914 434 2996 δυνάμει,
459 2914 515 2980 διὰ
536 2917 634 2979 τοῦτο
657 2913 820 2993 καθάπαξ
834 2910 1041 2994 ἀποστέλλει,
1065 2920 1119 2982 καὶ
1136 2919 1219 3003 συλᾷ
1235 2911 1308 2982 ἀπὸ

250 3016 354 3084 οοτιῖιν
383 3007 548 3096 ἀρχόντων
575 3009 614 3076 τὸ
644 3010 804 3093 λείψανον
832 3010 871 3076 τὸ
900 3012 1033 3091 ἑαυτοῦ,
1065 3010 1147 3099 ὅπερ
1175 3010 1308 3101 ἐστὶνὴ

289 3109 392 3196 ψυχὴ,
424 3108 480 3175 διὰ
507 3111 646 3174 τουτωνί
668 3111 735 3173 τῶν
758 3111 950 3194 φωστηρων.
995 3111 1134 3195 μεγάλαι
1156 3108 1249 3197 ἡμῶν
1271 3113 1309 3178 αλ

288 3208 421 3287 ἐλπίδες
445 3205 501 3274 καὶ
521 3205 643 3292 μεγάλη
666 3201 759 3292 ἡμῶν
781 3203 799 3292 ἡ
823 3209 1017 3290 καραδοκία,
1047 3206 1099 3274 ὅτι
1122 3207 1179 3275 οὐκ
1201 3207 1310 3290 ἰσχύει

289 3302 306 3370 ὃ
328 3306 410 3384 θεὸς
433 3301 450 3370 ὃ
473 3299 602 3389 ἀγαθὸς
624 3306 676 3369 καλ
701 3305 764 3384 ζιύν
786 3307 840 3371 καὶ
864 3306 1002 3384 δυνατὸς
1024 3313 1141 3385 σιῦοαι,
1166 3302 1204 3371 ού
1220 3309 1307 3392 λέγω

288 3403 346 3490 τὴν
368 3403 484 3469 ἑαυτοῦ
508 3403 645 3485 δύναμιν
666 3400 726 3488 τὴν
748 3402 783 3481 ἐξ
804 3398 905 3468 αύτοῦ
921 3403 1139 3492 ἐσπασμένην,
1163 3400 1249 3469 ἀλλὰ
1263 3403 1353 3471 σάω

249 3495 467 3573 251575'01'2‘501‘
489 3504 683 3586 γεγενημένα
704 3502 759 3565 καλ
782 3502 1010 3584 πεπλασμένα,
1035 3502 1090 3568 ἐὰν
1113 3502 1155 3589 μη
1180 3496 1220 3567 δι’
1247 3501 1309 3568 ἀλ-

288 3599 347 3664 λου
369 3597 459 3675 τινὸς
480 3597 607 3681 τρόπου
629 3599 683 3664 καὶ
706 3599 859 3684 λῃστείας
881 3604 987 3685 κρυφῇ
1014 3601 1157 3684 συλήσας
1171 3598 1229 3687 τὴν
1246 3594 1304 3667 ἀπ’

288 3692 388 3762 αὐτοῦ
411 3689 671 3782 ἀπεσπασμένην
694 3695 833 3780 δύναμιν
852 3692 922 3762 ἀπὸ
937 3700 1003 3763 τῶν
1019 3698 1236 3780 ἐπουρανίων,
1262 3693 1308 3778 ὥς

288 3789 306 3859 ὃ
330 3788 468 3880 ἀγύρτης
490 3783 586 3871 οὗτος
608 3795 703 3878 λέγει,
731 3789 768 3858 ού
794 3793 930 3860 δύναται
951 3789 1037 3881 ἡμᾶς
1059 3798 1175 3861 σῶσαι.

373 3899 423 3958 57.
454 3890 522 3956 Καὶ
549 3898 582 3957 τί
611 3891 659 3957 ἐτι
687 3900 927 3976 κατατρίβομαι
952 3894 1034 3959 κατὰ
1057 3895 1143 3972 λέξιν
1165 3895 1223 3978 τῆς
1246 3888 1307 3959 αύ·

249 3992 345 4062 ευτοῦ
368 3985 513 4067 ἀτοπίας
531 3988 862 4073 χρονοτρηίούμενος;
885 3985 930 4068 ὡς
951 3992 1004 4055 καὶ
1024 3992 1230 4076 βλασφημῶν
1247 3987 1307 4058 οάκ

288 4087 474 4170 αἰσχύνεται
498 4083 516 4152 ὃ
538 4086 640 4164 τάλας
660 4086 718 4152 τὸν
744 4087 932 4173 λαλήσαντα
955 4087 988 4154 ἐν
1010 4091 1056 4174 τῷ
1081 4088 1169 4173 νόμῳ
1191 4090 1248 4154 καλ
1272 4089 1307 4156 ἐκ

208 4206 210 4210 ’
287 4195 359 4262 τοῖς
381 4181 570 4271 προφήταις
592 4182 734 4268 ἀρχοντα
755 4186 859 4270 λέγειν
881 4188 939 4251 τοῦ
956 4184 1101 4264 σκότους.
1143 4184 1308 4271 μακάριαι

287 4278 378 4368 ἡμῶν
406 4283 440 4348 αἱ
469 4282 616 4362 ἐλπίδες,
646 4278 698 4350 ὅτι
722 4280 854 4368 ἀρχοντι
875 4287 934 4351 τού
958 4283 1093 4362 σκύτους
1116 4279 1134 4349 ά
1156 4284 1309 4367 Χριστὸς
