2867 5084
257 965 315 1027 182
479 976 683 1026 οιτιοιιιιον
698 977 794 1025 ΚΑΤΑ
812 976 998 1025 mmm
1015 977 1044 1023 υ.

253 1133 445 1207 κονεῖσθαι,·
468 1125 613 1209 μάλιστα
635 1129 694 1191 τοῦ
718 1122 910 1192 ἀποστόλου
934 1125 1084 1210 λέγοντος
1108 1126 1182 1190 “nai
1200 1123 1278 1191 ἐλά-

251 1249 391 1308 τρευσαν
414 1228 453 1310 τῇ
476 1230 580 1290 κτίσει
602 1223 696 1308 παρὰ
718 1222 775 1288 τὸν
798 1229 970 1302 κτίσαντα,
1000 1225 1053 1288 καί
1077 1222 1279 1307 ἐμωράνθη-

253 1325 341 1386 σαν”.
371 1320 483 1405 μωρὸν
505 1320 565 1406 γὰρ
588 1320 627 1386 τὸ
645 1328 751 1387 κτίσιν
767 1320 950 1403 θεολογεῖν,
976 1315 1112 1387 ἀθετεῖν
1128 1320 1164 1385 δὲ
1180 1321 1279 1402 πρώ-

250 1441 309 1503 την
333 1416 465 1505 ἐντολὴν
488 1417 546 1506 τὴν
569 1419 727 1502 λέγουσαν
751 1415 882 1499 “κῦριον
905 1415 961 1481 τὸν
985 1417 1067 1483 θεόν
1089 1441 1150 1483 σου
1166 1441 1280 1501 προσ-

226 1513 409 1601 οκυνήσεις,
433 1520 486 1582 καὶ
510 1510 598 1601 αὐτῷ
620 1514 712 1600 μόνῳ
736 1514 950 1595 λατρεῦσεις”.
996 1514 1048 1579 διὸ
1071 1510 1089 1600 ἦ
1113 1510 1193 1600 ἆγία
1216 1519 1277 1580 τοῦ

250 1615 334 1678 θεοῦ
357 1611 510 1699 ἐκκλησία
533 1607 571 1678 οῦ
593 1619 714 1695 κτίσμα
738 1622 931 1694 προσκυνεῖ,
961 1606 1045 1678 ἀλλὰ
1066 1612 1137 1678 οἷὸν
1160 1637 1307 1698 γεννη-(;

249 1707 307 1773 τὸν
330 1715 460 1792 πατέρα
484 1709 517 1776 ἐν
540 1710 611 1794 υἱῷ,
635 1709 708 1774 υἱὸν
732 1707 765 1774 ἐν
784 1710 897 1791 πατρὶ,
922 1708 981 1774 σὺν
998 1703 1081 1794 ἁγίῳ
1097 1708 1278 1791 πνεύματι.

250 1798 335 1877 ἀλλὰ
357 1809 420 1883 ναί,
445 1813 556 1892 φησίν.
588 1804 644 1871 ἐὰν
666 1805 729 1890 γάρ
750 1804 795 1890 μη
819 1807 905 1871 εἴπω
929 1802 982 1871 ὅτι
1004 1813 1134 1889 κτίσμα,
1158 1811 1278 1890 (μησὶν,

251 1900 431 1967 ἐλάττωσιν
460 1907 644 1988 προσφέροι
672 1906 720 1988 τιῦ
749 1909 862 1985 πατρί.
907 1902 945 1967 τὸ
975 1902 1036 1987 γὰρ
1058 1903 1192 1969 κτιστὸν
1218 1901 1282 1972 σῦκ

214 1997 384 2064 Ιοέλαττοῖ
412 1997 468 2064 τὸν
495 1996 661 2065 κτίσαντα.
707 1999 746 2064 τὸ
776 2001 812 2065 δὲ
832 2006 1061 2085 γεγεννημένον
1084 2000 1117 2068 ἐκ
1140 2000 1281 2087 φύσεως

250 2088 271 2180 ἢ
294 2095 455 2181 συστολὴν
478 2091 707 2211 ε’ργάζεται,“η
730 2091 979 2180 πλατυσμὸν,
959 2125 977 2183 η
1000 2104 1149 2179 μείιισιν,
1172 2125 1192 2185 -η
1219 2125 1281 2165 το-

250 2190 330 2279 μὴν,
360 2189 381 2279 ἤ
405 2220 439 2261 τι
461 2197 526 2260 τῶν
548 2194 709 2260 τοιούτων
733 2197 858 2259 παθῶν
881 2193 1073 2277 προσάπτει
1094 2198 1141 2280 τῷ
1163 2220 1279 2281 γεγεν-

251 2289 371 2376 νηκότι.
402 2291 508 2378 πολλὴ
534 2293 569 2357 δὲ
591 2298 701 2376 μωρία
723 2295 789 2356 τιῦν
812 2295 951 2358 τοιαῦτα
974 2293 1203 2376 λογιζομένων,
1230 2293 1279 2374 (ῦς

250 2381 308 2475 ἀφ’
333 2388 458 2456 ἑαυτῶν
481 2389 519 2454 τὸ
542 2397 639 2456 θεῖον
662 2388 810 2468 εἰκάζειν,
835 2391 888 2454 καὶ
910 2388 952 2454 τὰ
974 2389 1022 2465 είς
1037 2384 1156 2468 αὐτοὺς
1170 2392 1277 2480 πάθη

214 2487 297 2571 Ιοτηῖ
324 2488 396 2570 θεῷ
425 2486 634 2569 προσάπτειν
662 2487 888 2570 βουλομένων,
919 2489 977 2551 τοῦ
1004 2490 1087 2552 θεοῦ
1110 2481 1279 2569 ἀπαθοῦς

250 2579 346 2659 ὄντος
368 2584 554 2660 παντελῶς,
581 2588 635 2647 καὶ
659 2583 692 2649 ἒν
714 2586 761 2668 τῷ
783 2587 914 2667 γεννᾶν,
938 2590 990 2648 καί
1015 2583 1048 2649 ἐν
1071 2587 1117 2667 τηῖ
1140 2586 1310 2666 κτίζειν.υ

251 2675 296 2757 ιῦς
310 2679 372 2764 γάρ
387 2676 481 2765 ἡμεῖς
496 2680 667 2760 πάσχομεν
683 2683 867 2764 γεννῶντες,
888 2681 1003 2767 ἐπειδὴ
1019 2689 1147 2749 κτιστοί
1162 2683 1275 2766 ἐσμεν,

252 2772 340 2842 οὕτω
369 2777 422 2839 καὶ
446 2776 611 2858 κάμνομεν
633 2777 803 2855 κτίζοντες.
845 2781 899 2844 καὶ
923 2778 952 2844 εἰ
975 2778 1096 2860 πάσχει
1119 2774 1137 2843 ὁ
1159 2781 1276 2866 πατὴρ

249 2874 385 2958 γεννῶν,
416 2869 480 2953 ἀρα
509 2874 561 2938 καὶ
592 2874 707 2952 κτίζων
726 2873 866 2987 κάμνει.
906 2879 980 2953 πιῦς
1010 2877 1045 2942 δὲ
1078 2885 1155 2960 περί
1185 2883 1275 2944 θεοῦ

211 2969 366 3046 εοπάθος
399 2966 488 3034 ἐστὶν
523 2968 644 3048 εἰπεῖν,
679 2970 734 3035 καὶ
761 2969 800 3034 τὸ
829 2971 978 3054 κάμνειν,
1013 2974 1108 3057 είπερ
1136 2971 1275 3058 κάμνεις

251 3059 320 3131 ἀλλ’
345 3060 383 3131 οῦ
406 3065 530 3148 κάμνε-ι,
553 3064 597 3151 μή
621 3073 759 3151 γένοιτο.
791 3066 829 3133 οῦ
852 3069 1009 3136 κοπιάσει
1030 3070 1101 3155 γὰρ,
1126 3094 1232 3157 φησιν
1254 3101 1274 3160 η

249 3161 369 3251 γραφή.
414 3168 545 3248 πνεῦμα
574 3153 631 3230 σίν
661 3159 678 3228 ὁ
708 3164 791 3243 θεὸς
816 3168 904 3231 καὶτ
892 3169 1023 3248 πνεῦμα
1046 3162 1194 3249 ἀνάρχως
1218 3174 1275 3236 καί

250 3255 396 3344 ἀχρόνως
423 3262 480 3328 τὸν
510 3263 580 3328 υἱὸν
610 3261 792 3348 ἐγέννησεν,
828 3262 952 3328 θεὸν’
939 3289 972 3328 εκ
1000 3267 1101 3343 θεοῦ,
1136 3268 1211 3350 τγιῦς
1240 3293 1276 3334 εκ

251 3357 372 3443 φωτὸς,
395 3359 477 3424 θεὸν
500 3355 661 3445 ἀληθινὸν
684 3359 718 3426 ἐκ
740 3362 824 3425 θεοῦ
847 3355 1027 3446 ἀληθινοῦ,
1060 3368 1275 3447 γεννηθέντα,

212 3450 290 3523 ῖδοῦ
312 3461 500 3521 κτισθέντα.

337 3558 388 3618 37.
419 3553 673 3636 Παρελεῦσομαι
689 3556 794 3622 δὲκαὶ
810 3559 907 3620 τοῦτο
923 3555 961 3621 τὸ
977 3555 1085 3642 ῥητὸν,
1106 3551 1156 3641 ἐφ’
1175 3556 1330 3639 &eoa-100

252 3652 288 3718 δὲ
311 3649 414 3717 πάλιν
437 3649 573 3728 ἑαυτοὺς
596 3650 773 3736 ε’πιδιῦμεν,
800 3656 866 3719 τῶν
888 3648 943 3719 ὑπ’
969 3648 1077 3717 αῦτιῦν
1099 3651 1133 3718 ἐν
1155 3665 1277 3734 κακαῖς

250 3744 428 3826 ῦπονοίαις
462 3750 642 3832 λεγομένων
675 3775 711 3816 τε
742 3753 797 3816 καὶ
827 3745 1014 3837 ᾀδομένων,
1050 3747 1118 3815 ἀνω
1147 3751 1184 3816 δέ
1211 3776 1278 3833 μοι

252 3852 533 3933 προτεταγμένων.
564 3846 619 3911 καὶ
641 3846 702 3931 γάρ
726 3847 828 3914 πάλιν
850 3851 993 3930 χυδαίως
1016 3850 1098 3932 φασὶ
1118 3850 1276 3916 ταῦτατὸ

213 3944 350 4030 θίρητὸν
373 3943 674 4031 παρερμηνεῦοντες
695 3944 734 4009 τὸ
758 3947 923 4023 “ιλε’ξασθε
940 3945 997 4010 τὸν
1013 3941 1164 4028 ἀρχιερέα
1179 3940 1276 4028 ῦμιῦν

253 4040 375 4113 πιστὸν
406 4039 485 4107 ῦντα
513 4044 559 4127 τῷ
589 4041 768 4127 ποιήσαντι
797 4037 924 4106 αῦτὸν”.
969 4040 1025 4107 καὶ
1053 4044 1187 4124 πρῶτον
1210 4046 1277 4125 μὲν

252 4136 310 4221 τὴν
334 4137 512 4225 ἐπιστολὴν
535 4140 664 4225 ταύτην,
688 4139 745 4224 την
768 4137 854 4220 πρὸς
868 4135 1039 4220 Ἑβραίους
1055 4141 1149 4225 φημί,
1174 4135 1276 4209 ἀπω-

251 4235 403 4310 θοῦνται,
429 4237 527 4320 φύσει
550 4232 650 4322 αὐτὴν
672 4231 884 4318 ἀναιροῦντες
906 4229 1049 4301 ἀπὸτοῦ
1066 4231 1276 4321 ἀποστόλου,
