2867 5084
467 950 612 1004 τεκνον.
630 953 1024 1006 εονιοικοιιινικοτεκι.
1192 946 1251 1005 511

237 1101 341 1189 άλλης
376 1099 509 1188 άπάσης
546 1105 628 1170 κατά
663 1104 746 1171 θεὸν
788 1099 986 1194 ὀφειλούσης
1026 1107 1259 1194 φυλάττεσθαι

236 1196 415 1284 άκρηδείας.
454 1201 507 1266 καί
530 1202 590 1286 γάρ
615 1199 669 1267 ὅτε
691 1207 788 1267 τοῦτο
810 1209 959 1287 γεγένητο
982 1208 1034 1270 καὶ
1051 1208 1259 1292 παρείληφεν

236 1296 339 1386 αὐτην
362 1298 447 1382 πρὸς
470 1300 596 1376 ἑαυτὸν,
620 1295 728 1365 οέκέτι
743 1305 921 1383 παρέμεινε
943 1296 1019 1384 παρ’
1038 1297 1137 1390 αὐτῷ.
1172 1298 1259 1370 ἀλλά

234 1400 293 1462 καὶ
315 1396 344 1462 εἰ
367 1397 501 1461 δοκοῦσί
522 1421 608 1474 τινες
631 1397 812 1482 ἐσφάλθαι,
848 1396 1011 1483 ζητήσουσι
1033 1399 1074 1465 τὰ
1097 1402 1175 1482 ἴχνηΙ
1190 1403 1255 1469 τῶν

234 1497 383 1580 γραφῶν,
418 1498 470 1559 καί
501 1490 640 1576 είὲρωσιυ
670 1491 710 1559 άν
739 1492 814 1561 οὔτε
842 1494 991 1561 θάνατον
1014 1502 1152 1578 Μαρίας
1181 1496 1281 1566 οίτεο

235 1591 267 1658 εἰ
296 1597 452 1676 τέθνηκεν
482 1590 556 1658 οίτε
586 1592 615 1658 εί
641 1592 684 1678 μη
715 1598 888 1677 τέθνηκεν,
924 1590 999 1660 οὕτε
1028 1594 1057 1661 εί
1084 1601 1254 1660 τέθαπται

201 1687 312 1755 εσέτε
334 1688 363 1754 εἰ
384 1687 427 1775 μηῗ
451 1695 630 1768 τέθαπται,
655 1696 763 1756 καίτοι
785 1714 821 1774 γε
842 1696 900 1755 τοῦ
921 1686 1069 1757 Ἰωάννου
1097 1695 1172 1774 περὶ
1195 1690 1255 1778 την

228 1782 350 1852 Ἀσίαν
373 1786 621 1869 ἐνστειλαμίνου
643 1787 701 1871 την
724 1797 879 1869 πορείαν·
908 1793 961 1855 καί
992 1784 1138 1872 οὐδαμοῦ
1168 1791 1254 1872 λέγει

232 1880 288 1950 ὅτι
312 1883 492 1968 ἐπηγάγετο
513 1878 589 1966 μεθ’
615 1884 732 1950 ἑαυτοῦ
760 1885 816 1970 την
847 1880 942 1970 ἆγίαν
965 1893 1146 1971 παρθένον,
1181 1881 1251 1952 ἀλλ’

232 1977 352 2058 ἅπλῶς
381 1981 566 2065 ἐσιώπησεν
595 1977 614 2068 ἡ
643 1981 769 2069 γραφὴ»
805 1982 861 2048 διὰ
889 1983 928 2046 τὸ
956 1980 1165 2068 ὑπερβάλλον
1193 1986 1253 2048 τοῦ
1265 2004 1296 2054 ιο

230 2078 417 2161 θαύματος,
441 2079 496 2143 ἵνα
517 2078 559 2164 μί,
586 2080 632 2156 εἰς
657 2079 811 2164 ἐκπληξιν
827 2075 928 2165 άγάγη
948 2079 1006 2167 την
1022 2082 1172 2147 διάνοιαν
1187 2085 1253 2148 τῶν

231 2171 435 2258 ἀνθρώπων.
477 2174 538 2260 ἐγὼ
561 2177 621 2260 γάρ
645 2173 683 2241 οά
706 2178 818 2257 τολμῶ
842 2177 961 2260 λέγειν,
993 2173 1078 2244 άλλὰ
1101 2180 1253 2244 διανοού-

228 2298 331 2358 μενος
353 2271 483 2357 σιωπὴν
507 2269 606 2338 άσκῶ.
649 2274 732 2355 τάχα
753 2273 814 2357 γάρ
844 2297 910 2338 που
933 2274 994 2356 ξκαὶ
1017 2277 1087 2360 ἰ’χνη
1111 2272 1252 2360 ηάρομεν

228 2376 290 2456 τῆς
313 2367 407 2455 άγίας
429 2371 550 2455 ἐκείνης
578 2373 631 2436 καί
653 2380 832 2454 μακαρίας,
868 2367 912 2447 ῶς
941 2367 1015 2437 οίδὲ
1045 2368 1151 2455 εδρείν
1180 2374 1252 2438 ἐστι

229 2470 289 2535 τὸν
313 2468 461 2534 θάνατον
484 2466 591 2553 αὐτῆς.
623 2472 671 2555 πη
693 2471 754 2551 μέν
776 2468 836 2553 γάρ
854 2464 871 2533 ὁ
887 2468 1022 2551 Συμεὼν
1038 2470 1158 2554 φάσκει
1174 2474 1250 2554 περὶ
1265 2491 1292 2540 ιο

200 2562 334 2652 οαάτης
357 2567 428 2630 *καί
454 2569 512 2630 σοῦ
537 2561 635 2651 αὐτῆς
657 2565 714 2650 τὴν
736 2566 841 2648 ψυχὴν
865 2565 1066 2632 διελεύσεται
1089 2567 1249 2652 ῥομφαία,

230 2661 326 2741 ὅπως
353 2658 391 2729 άν
414 2658 704 2748 ἀποκαλυφθῶσιν
728 2663 762 2729 ἐκ
783 2665 918 2729 πολλῶν
938 2665 1082 2746 καρδιῶν
1104 2667 1251 2749 διαλογι-

228 2766 340 2844 σμοί,”
356 2764 403 2845 πη
427 2762 460 2826 δὲ
478 2765 534 2845 τῆς
547 2757 810 2843 Ἀποκαλάιγεως
823 2757 971 2826 Ἰωάννου
988 2762 1178 2848 φασκοάσης
1198 2759 1251 2827 ὅτι

227 2862 284 2926 καὶ
302 2859 458 2925 ἔσπευδεν
482 2855 649 2940 άζδράκων
667 2859 721 2924 ἐπὶ
739 2859 796 2944 την
811 2870 948 2943 γυναῖκα
969 2860 1027 2945 την
1049 2860 1249 2943 γεννήσασαν

226 2958 288 3024 τὸν
311 2956 446 3039 άρρενα,
479 2959 531 3021 καί
556 2956 723 3038 ἐδόθησαν
753 2953 833 3041 αὐτῇ
862 2963 1020 3040 πτέρυγες
1049 2953 1163 3035 ἀετοῦ,
1194 2962 1292 3028 καίεο

229 3055 363 3141 ἐλήφθη
399 3054 445 3129 εἷς
472 3053 530 3140 την
558 3054 693 3138 ἔρημον,
730 3051 823 3136 ὅπως
852 3049 891 3119 άν
920 3055 963 3137 μη
993 3055 1075 3141 λάβῃ
1107 3050 1206 3141 αὐτην
1230 3051 1248 3119 ὁ

228 3153 368 3235 δράκων.
416 3150 498 3231 τάχα
521 3153 555 3216 δέ
586 3152 723 3217 δι’ναιαι
752 3147 801 3216 ἐπ’
834 3146 913 3237 αὐτῇ
944 3153 1175 3237 πληροῦσθαι·
1209 3146 1247 3216 ου’·

226 3252 364 3327 πάντως
387 3251 421 3314 δὲ
446 3245 596 3332 ὁρίζομαι
619 3253 727 3326 τοῦτο,
758 3251 810 3313 καὶ
834 3245 870 3312 σά
895 3252 977 3333 λέγιο
1003 3245 1054 3314 ὅτι
1078 3244 1248 3327 ἀθάνατος

227 3349 371 3432 ἔμεινεν·
406 3341 474 3412 άλλ)
500 3343 575 3411 αι’·δὲ
600 3348 855 3430 διαβεβαιοῦμαι
884 3348 913 3413 εί
934 3354 1100 3433 τέθνηκεν.
1145 3341 1246 3431 άπερ-

179 3447 327 3532 ιιςέβαλε
349 3443 408 3528 γάρ
433 3440 449 3528 ἡ
472 3444 581 3529 γραφη
605 3443 661 3508 τὸν
685 3448 762 3509 νοῐν
784 3443 841 3508 τὸν
865 3439 1097 3528 άνθρῶπινον,
1135 3444 1288 3521 καῖἐνγς

223 3543 382 3630 μετεῶρηι
406 3542 506 3620 είαοε,
540 3541 595 3606 διά
618 3541 656 3605 τὸ
681 3545 795 3619 σκεῦος
816 3540 854 3605 τὸ
876 3549 986 3624 τίμιον
1009 3544 1062 3608 καί
1086 3540 1246 3625 ἐξοχώτα-

222 3667 295 3721 τον,
319 3641 373 3707 ἵνα
394 3640 436 3725 μη
461 3666 511 3717 τις
535 3640 567 3705 ἐν
591 3636 734 3725 ὑπονοίᾳ
756 3645 886 3725 γένηται
909 3642 985 3723 περὶ
1010 3635 1109 3728 αδτῆς
1132 3665 1246 3725 σαρκι-

222 3743 293 3807 κῶν
316 3737 525 3821 πραγμάτων.
570 3735 628 3802 κάν
657 3763 692 3803 τε
722 3726 778 3802 οὖν
806 3742 971 3822 τέθνηκεν,
1007 3733 1064 3803 οίκ
1093 3740 1244 3822 έγνωμεν,

221 3840 281 3905 καὶ
306 3837 334 3902 εί
355 3841 534 3912 τέθαπται,
560 3833 597 3899 οίι
621 3838 786 3921 συνηπται
815 3837 920 3918 σαρκὶ,
946 3833 990 3920 μὴ
1013 3841 1150 3919 γένοιτο.
1194 3841 1245 3912 τίς

224 3937 264 4002 δὲ
288 3931 546 4019 (φρενοβλάβειαν
570 3933 675 4017 ἐαυτῷ
705 3930 893 4016 συναγαγῶν
920 3933 1058 4019 θελήσει
1081 3932 1285 4018 ἐνσκῆψαιοο

220 4029 423 4121 βλάσφημάν
446 4056 519 4095 τινα
545 4027 713 4107 ἱυτάνοιαν,
738 4032 789 4095 καὶ
815 4028 939 4112 ἐπᾶραι
962 4028 1077 4113 στόμα,
1101 4029 1244 4110 χαλάσαι

221 4155 262 4198 τε
284 4130 446 4213 γλῶτταν,
478 4129 597 4193 διελεῖν
619 4154 655 4193 τε
676 4129 765 4211 χείλη
790 4126 823 4192 ἐκ
847 4126 996 4204 διανοίας
1017 4131 1129 4210 κακῆς,
1158 4129 1243 4209 μάλ-

218 4233 284 4296 λον
308 4227 342 4291 δέ
367 4219 440 4290 άντὶ
464 4221 570 4307 ίμνων
594 4228 647 4291 καὶ
670 4225 766 4310 δόξης
788 4220 899 4310 ίβρεις
914 4224 1005 4303 τινάς
1020 4225 1165 4292 ἐπινοεῖν
1187 4228 1240 4292 καὶ
