<?xml version="1.0" encoding="UTF-8"?>
<!DOCTYPE html PUBLIC "-//W3C//DTD XHTML 1.0 Transitional//EN"
    "http://www.w3.org/TR/xhtml1/DTD/xhtml1-transitional.dtd">
<html xmlns="http://www.w3.org/1999/xhtml" xml:lang="en" lang="en">
 <head>
  <title>
</title>
<meta http-equiv="Content-Type" content="text/html;charset=utf-8" />
  <meta name='ocr-system' content='tesseract 3.04.00' />
  <meta name='ocr-capabilities' content='ocr_page ocr_carea ocr_par ocr_line ocrx_word'/>
</head>
<body>
  <div class='ocr_page' id='page_1' title='image "./opera01dindgoog_0028.png"; bbox 0 0 2867 5084; ppageno 0'>
   <div class='ocr_carea' id='block_1_1' title="bbox 143 189 1007 417">
    <p class='ocr_par' dir='ltr' id='par_1_1' title="bbox 143 189 1007 417">
     <span class='ocr_line' id='line_1_1' title="bbox 143 189 1007 417; baseline -0.003 3"><span class='ocrx_word' id='word_1_1' title='bbox 143 189 408 416; x_wconf 95' lang='lat'>-</span> <span class='ocrx_word' id='word_1_2' title='bbox 996 396 1007 417; x_wconf 56' lang='lat' dir='ltr'>S</span> 
     </span>
    </p>
   </div>
   <div class='ocr_carea' id='block_1_2' title="bbox 236 879 1021 939">
    <p class='ocr_par' dir='ltr' id='par_1_2' title="bbox 236 879 1021 939">
     <span class='ocr_line' id='line_1_2' title="bbox 236 879 1021 939; baseline -0.001 0"><span class='ocrx_word' id='word_1_3' title='bbox 236 879 256 939; x_wconf 86' lang='grc'>6</span> <span class='ocrx_word' id='word_1_4' title='bbox 375 922 377 927; x_wconf 90' lang='grc'>-</span> <span class='ocrx_word' id='word_1_5' title='bbox 458 886 663 937; x_wconf 64' lang='lat' dir='ltr'><strong><em>flumme?</em></strong></span> <span class='ocrx_word' id='word_1_6' title='bbox 678 886 773 937; x_wconf 74' lang='lat' dir='ltr'><strong><em>xm</em></strong></span> <span class='ocrx_word' id='word_1_7' title='bbox 790 888 976 938; x_wconf 68' lang='lat' dir='ltr'><strong><em>mmm</em></strong></span> <span class='ocrx_word' id='word_1_8' title='bbox 990 888 1021 938; x_wconf 79' lang='lat' dir='ltr'><strong><em>B.</em></strong></span> 
     </span>
    </p>
   </div>
   <div class='ocr_carea' id='block_1_3' title="bbox 151 1033 1306 4253">
    <p class='ocr_par' dir='ltr' id='par_1_3' title="bbox 151 1033 1274 1416">
     <span class='ocr_line' id='line_1_3' title="bbox 234 1033 1243 1124; baseline -0.003 -19"><span class='ocrx_word' id='word_1_9' title='bbox 234 1037 412 1105; x_wconf 87' lang='grc' dir='ltr'><strong><em>ποστάτου.</em></strong></span> <span class='ocrx_word' id='word_1_10' title='bbox 444 1033 513 1104; x_wconf 83' lang='grc' dir='ltr'><strong><em>ἀλλ’</em></strong></span> <span class='ocrx_word' id='word_1_11' title='bbox 538 1035 555 1102; x_wconf 88' lang='grc' dir='ltr'><strong><em>ό</em></strong></span> <span class='ocrx_word' id='word_1_12' title='bbox 577 1038 673 1122; x_wconf 98' lang='grc' dir='ltr'><strong><em>λόγος</em></strong></span> <span class='ocrx_word' id='word_1_13' title='bbox 694 1041 753 1105; x_wconf 86' lang='grc' dir='ltr'><strong><em>τοῦ</em></strong></span> <span class='ocrx_word' id='word_1_14' title='bbox 775 1038 910 1123; x_wconf 85' lang='grc' dir='ltr'><strong><em>πατρὸς,</em></strong></span> <span class='ocrx_word' id='word_1_15' title='bbox 935 1034 953 1104; x_wconf 89' lang='grc' dir='ltr'><strong><em>ό</em></strong></span> <span class='ocrx_word' id='word_1_16' title='bbox 974 1036 1152 1124; x_wconf 81' lang='grc' dir='ltr'><strong><em>μονῦγενῆς</em></strong></span> <span class='ocrx_word' id='word_1_17' title='bbox 1171 1034 1243 1114; x_wconf 78' lang='grc' dir='ltr'><strong><em>οίός</em></strong></span> 
     </span>
     <span class='ocr_line' id='line_1_4' title="bbox 234 1129 1244 1223; baseline -0.002 -22"><span class='ocrx_word' id='word_1_18' title='bbox 234 1135 316 1216; x_wconf 86' lang='grc' dir='ltr'><strong><em>θεὸς</em></strong></span> <span class='ocrx_word' id='word_1_19' title='bbox 337 1134 441 1220; x_wconf 85' lang='grc' dir='ltr'><strong><em>λόγος,</em></strong></span> <span class='ocrx_word' id='word_1_20' title='bbox 465 1132 511 1214; x_wconf 80' lang='grc' dir='ltr'><strong><em>ὥς</em></strong></span> <span class='ocrx_word' id='word_1_21' title='bbox 532 1159 615 1223; x_wconf 86' lang='grc' dir='ltr'><strong><em>φησι</em></strong></span> <span class='ocrx_word' id='word_1_22' title='bbox 638 1138 726 1214; x_wconf 67' lang='grc' dir='ltr'><strong><em>’πᾶς</em></strong></span> <span class='ocrx_word' id='word_1_23' title='bbox 748 1131 766 1200; x_wconf 88' lang='grc' dir='ltr'><strong><em>ό</em></strong></span> <span class='ocrx_word' id='word_1_24' title='bbox 788 1131 956 1222; x_wconf 84' lang='grc' dir='ltr'><strong><em>δμολογιῦν</em></strong></span> <span class='ocrx_word' id='word_1_25' title='bbox 979 1135 1012 1202; x_wconf 82' lang='grc' dir='ltr'><strong><em>έν</em></strong></span> <span class='ocrx_word' id='word_1_26' title='bbox 1035 1135 1109 1219; x_wconf 85' lang='grc' dir='ltr'><strong><em>έμολ</em></strong></span> <span class='ocrx_word' id='word_1_27' title='bbox 1124 1129 1244 1218; x_wconf 82' lang='grc' dir='ltr'><strong><em>όμολο·</em></strong></span> 
     </span>
     <span class='ocr_line' id='line_1_5' title="bbox 233 1227 1245 1320; baseline -0.002 -22"><span class='ocrx_word' id='word_1_28' title='bbox 233 1232 323 1320; x_wconf 88' lang='grc' dir='ltr'><strong><em>γήσω</em></strong></span> <span class='ocrx_word' id='word_1_29' title='bbox 350 1227 438 1318; x_wconf 82' lang='grc' dir='ltr'><strong><em>κάγὼ</em></strong></span> <span class='ocrx_word' id='word_1_30' title='bbox 460 1232 494 1299; x_wconf 77' lang='grc' dir='ltr'><strong><em>ἓν</em></strong></span> <span class='ocrx_word' id='word_1_31' title='bbox 516 1227 605 1318; x_wconf 81' lang='grc' dir='ltr'><strong><em>αύτῷ</em></strong></span> <span class='ocrx_word' id='word_1_32' title='bbox 628 1232 819 1319; x_wconf 75' lang='grc' dir='ltr'><strong><em>ἔμπροσθεν</em></strong></span> <span class='ocrx_word' id='word_1_33' title='bbox 841 1235 899 1300; x_wconf 90' lang='grc' dir='ltr'><strong><em>τοῦ</em></strong></span> <span class='ocrx_word' id='word_1_34' title='bbox 921 1231 1048 1316; x_wconf 88' lang='grc' dir='ltr'><strong><em>πατρός</em></strong></span> <span class='ocrx_word' id='word_1_35' title='bbox 1068 1234 1163 1315; x_wconf 87' lang='grc' dir='ltr'><strong><em>μου”.</em></strong></span> <span class='ocrx_word' id='word_1_36' title='bbox 1205 1229 1245 1296; x_wconf 89' lang='grc' dir='ltr'><strong><em>τὸ</em></strong></span> 
     </span>
     <span class='ocr_line' id='line_1_6' title="bbox 151 1327 1274 1416; baseline -0.004 -19"><span class='ocrx_word' id='word_1_37' title='bbox 151 1354 153 1357; x_wconf 53' lang='lat'><em>⁴</em></span> <span class='ocrx_word' id='word_1_38' title='bbox 236 1332 272 1397; x_wconf 75' lang='grc' dir='ltr'><strong><em>δέ</em></strong></span> <span class='ocrx_word' id='word_1_39' title='bbox 294 1330 349 1397; x_wconf 67' lang='lat' dir='ltr'><strong><em>“lv</em></strong></span> <span class='ocrx_word' id='word_1_40' title='bbox 371 1330 444 1414; x_wconf 74' lang='grc' dir='ltr'><strong><em>ἐμοὶ</em></strong></span> <span class='ocrx_word' id='word_1_41' title='bbox 467 1330 658 1415; x_wconf 77' lang='grc' dir='ltr'><strong><em>ἔμπροσθεν</em></strong></span> <span class='ocrx_word' id='word_1_42' title='bbox 679 1334 738 1397; x_wconf 88' lang='grc' dir='ltr'><strong><em>τοῦ</em></strong></span> <span class='ocrx_word' id='word_1_43' title='bbox 760 1330 886 1415; x_wconf 89' lang='grc' dir='ltr'><strong><em>πατρός</em></strong></span> <span class='ocrx_word' id='word_1_44' title='bbox 905 1333 1000 1415; x_wconf 86' lang='grc' dir='ltr'><strong><em>μοο,”</em></strong></span> <span class='ocrx_word' id='word_1_45' title='bbox 1024 1330 1126 1409; x_wconf 86' lang='grc' dir='ltr'><strong><em>ἐ’δειξε</em></strong></span> <span class='ocrx_word' id='word_1_46' title='bbox 1147 1327 1274 1416; x_wconf 85' lang='grc' dir='ltr'><strong><em>φύσειο</em></strong></span> 
     </span>
    </p>

    <p class='ocr_par' dir='ltr' id='par_1_4' title="bbox 212 1418 1252 1905">
     <span class='ocr_line' id='line_1_7' title="bbox 212 1418 1248 1512; baseline -0.001 -20"><span class='ocrx_word' id='word_1_47' title='bbox 212 1427 459 1495; x_wconf 74' lang='grc' dir='ltr'><strong><em>οδνυπόστατον</em></strong></span> <span class='ocrx_word' id='word_1_48' title='bbox 480 1427 537 1494; x_wconf 88' lang='grc' dir='ltr'><strong><em>τὸν</em></strong></span> <span class='ocrx_word' id='word_1_49' title='bbox 559 1434 695 1512; x_wconf 82' lang='grc' dir='ltr'><strong><em>πατέρα.</em></strong></span> <span class='ocrx_word' id='word_1_50' title='bbox 728 1418 821 1495; x_wconf 82' lang='grc' dir='ltr'><strong><em>οὗτοι</em></strong></span> <span class='ocrx_word' id='word_1_51' title='bbox 843 1431 879 1496; x_wconf 82' lang='grc' dir='ltr'><strong><em>δὲ</em></strong></span> <span class='ocrx_word' id='word_1_52' title='bbox 892 1423 1163 1511; x_wconf 80' lang='grc' dir='ltr'><strong><em>τὸνἸοοδαϊσμόν</em></strong></span> <span class='ocrx_word' id='word_1_53' title='bbox 1178 1450 1248 1491; x_wconf 84' lang='grc' dir='ltr'><strong><em>πα-</em></strong></span> 
     </span>
     <span class='ocr_line' id='line_1_8' title="bbox 235 1521 1248 1614; baseline -0.004 -21"><span class='ocrx_word' id='word_1_54' title='bbox 235 1533 484 1614; x_wconf 88' lang='grc' dir='ltr'><strong><em>ραφθείροντες,</em></strong></span> <span class='ocrx_word' id='word_1_55' title='bbox 507 1522 601 1594; x_wconf 81' lang='grc' dir='ltr'><strong><em>οῦδὲν</em></strong></span> <span class='ocrx_word' id='word_1_56' title='bbox 623 1527 860 1612; x_wconf 86' lang='grc' dir='ltr'><strong><em>περισσότερον</em></strong></span> <span class='ocrx_word' id='word_1_57' title='bbox 881 1521 1121 1592; x_wconf 77' lang='grc' dir='ltr'><strong><em>τῶνΊοοδαίαιν</em></strong></span> <span class='ocrx_word' id='word_1_58' title='bbox 1136 1548 1248 1603; x_wconf 85' lang='grc' dir='ltr'><strong><em>κεκτη-</em></strong></span> 
     </span>
     <span class='ocr_line' id='line_1_9' title="bbox 234 1620 1246 1711; baseline -0.006 -20"><span class='ocrx_word' id='word_1_59' title='bbox 234 1629 338 1709; x_wconf 82' lang='grc' dir='ltr'><strong><em>μένοι,</em></strong></span> <span class='ocrx_word' id='word_1_60' title='bbox 361 1625 507 1709; x_wconf 80' lang='grc' dir='ltr'><strong><em>δεύτεροι</em></strong></span> <span class='ocrx_word' id='word_1_61' title='bbox 524 1620 678 1691; x_wconf 81' lang='grc' dir='ltr'><strong><em>Ἰουδαῖοι</em></strong></span> <span class='ocrx_word' id='word_1_62' title='bbox 699 1624 923 1711; x_wconf 69' lang='grc' dir='ltr'><strong><em>κληθήσονται</em></strong></span> <span class='ocrx_word' id='word_1_63' title='bbox 939 1626 992 1691; x_wconf 81' lang='grc' dir='ltr'><strong><em>καὶ</em></strong></span> <span class='ocrx_word' id='word_1_64' title='bbox 1008 1630 1246 1705; x_wconf 79' lang='grc' dir='ltr'><strong><em>Σαμοσατῖται,</em></strong></span> 
     </span>
     <span class='ocr_line' id='line_1_10' title="bbox 235 1717 1250 1809; baseline -0.005 -22"><span class='ocrx_word' id='word_1_65' title='bbox 235 1723 338 1809; x_wconf 79' lang='grc' dir='ltr'><strong><em>μηδὲν</em></strong></span> <span class='ocrx_word' id='word_1_66' title='bbox 366 1723 475 1806; x_wconf 71' lang='grc' dir='ltr'><strong><em>ἕτερον</em></strong></span> <span class='ocrx_word' id='word_1_67' title='bbox 504 1720 594 1800; x_wconf 86' lang='grc' dir='ltr'><strong><em>όντες</em></strong></span> <span class='ocrx_word' id='word_1_68' title='bbox 620 1717 642 1809; x_wconf 80' lang='grc' dir='ltr'><em>ἢ</em></span> <span class='ocrx_word' id='word_1_69' title='bbox 669 1724 715 1808; x_wconf 81' lang='grc' dir='ltr'><strong><em>τῷ</em></strong></span> <span class='ocrx_word' id='word_1_70' title='bbox 739 1717 876 1805; x_wconf 89' lang='grc' dir='ltr'><strong><em>όνόματι</em></strong></span> <span class='ocrx_word' id='word_1_71' title='bbox 897 1720 999 1804; x_wconf 90' lang='grc' dir='ltr'><strong><em>μόνον</em></strong></span> <span class='ocrx_word' id='word_1_72' title='bbox 1020 1720 1127 1806; x_wconf 79' lang='grc' dir='ltr'><strong><em>οἰήσει</em></strong></span> <span class='ocrx_word' id='word_1_73' title='bbox 1149 1731 1250 1803; x_wconf 83' lang='grc' dir='ltr'><strong><em>προί-</em></strong></span> 
     </span>
     <span class='ocr_line' id='line_1_11' title="bbox 237 1812 1252 1905; baseline -0.005 -21"><span class='ocrx_word' id='word_1_74' title='bbox 237 1826 400 1905; x_wconf 85' lang='grc' dir='ltr'><strong><em>σχημένοι.</em></strong></span> <span class='ocrx_word' id='word_1_75' title='bbox 430 1820 488 1885; x_wconf 89' lang='grc' dir='ltr'><strong><em>τὸν</em></strong></span> <span class='ocrx_word' id='word_1_76' title='bbox 508 1820 569 1905; x_wconf 87' lang='grc' dir='ltr'><strong><em>γάρ</em></strong></span> <span class='ocrx_word' id='word_1_77' title='bbox 592 1820 626 1886; x_wconf 82' lang='grc' dir='ltr'><strong><em>ἐκ</em></strong></span> <span class='ocrx_word' id='word_1_78' title='bbox 647 1822 731 1886; x_wconf 89' lang='grc' dir='ltr'><strong><em>θεοῦ</em></strong></span> <span class='ocrx_word' id='word_1_79' title='bbox 755 1819 836 1886; x_wconf 87' lang='grc' dir='ltr'><strong><em>θεόν</em></strong></span> <span class='ocrx_word' id='word_1_80' title='bbox 857 1818 929 1884; x_wconf 72' lang='grc' dir='ltr'><strong><em>οἶόν</em></strong></span> <span class='ocrx_word' id='word_1_81' title='bbox 949 1820 1108 1904; x_wconf 77' lang='grc' dir='ltr'><strong><em>μονογενῆ</em></strong></span> <span class='ocrx_word' id='word_1_82' title='bbox 1122 1817 1178 1882; x_wconf 84' lang='grc' dir='ltr'><strong><em>καὶ</em></strong></span> <span class='ocrx_word' id='word_1_83' title='bbox 1193 1812 1252 1880; x_wconf 82' lang='grc' dir='ltr'><strong><em>λό-</em></strong></span> 
     </span>
    </p>

    <p class='ocr_par' dir='ltr' id='par_1_5' title="bbox 200 1909 1306 2394">
     <span class='ocr_line' id='line_1_12' title="bbox 200 1909 1251 2002; baseline -0.002 -23"><span class='ocrx_word' id='word_1_84' title='bbox 200 1930 293 2002; x_wconf 83' lang='grc' dir='ltr'><strong><em>ιογον</em></strong></span> <span class='ocrx_word' id='word_1_85' title='bbox 316 1912 509 2002; x_wconf 80' lang='grc' dir='ltr'><strong><em>ἀρνούμενοι</em></strong></span> <span class='ocrx_word' id='word_1_86' title='bbox 532 1918 650 1984; x_wconf 79' lang='grc' dir='ltr'><strong><em>ἐκεῖνοί</em></strong></span> <span class='ocrx_word' id='word_1_87' title='bbox 671 1917 755 1984; x_wconf 84' lang='grc' dir='ltr'><strong><em>εἰσιν</em></strong></span> <span class='ocrx_word' id='word_1_88' title='bbox 778 1912 894 1982; x_wconf 83' lang='grc' dir='ltr'><strong><em>ὁποῖοι</em></strong></span> <span class='ocrx_word' id='word_1_89' title='bbox 915 1918 968 1982; x_wconf 84' lang='grc' dir='ltr'><strong><em>καὶ</em></strong></span> <span class='ocrx_word' id='word_1_90' title='bbox 992 1917 1025 1982; x_wconf 81' lang='grc' dir='ltr'><strong><em>οἱ</em></strong></span> <span class='ocrx_word' id='word_1_91' title='bbox 1047 1909 1146 1981; x_wconf 82' lang='grc' dir='ltr'><strong><em>αὐτὸν</em></strong></span> <span class='ocrx_word' id='word_1_92' title='bbox 1161 1912 1195 1979; x_wconf 85' lang='grc' dir='ltr'><strong><em>έν</em></strong></span> <span class='ocrx_word' id='word_1_93' title='bbox 1208 1914 1251 1999; x_wconf 83' lang='grc' dir='ltr'><strong><em>τῇ</em></strong></span> 
     </span>
     <span class='ocr_line' id='line_1_13' title="bbox 238 2008 1253 2103; baseline -0.007 -22"><span class='ocrx_word' id='word_1_94' title='bbox 238 2022 407 2102; x_wconf 83' lang='grc' dir='ltr'><strong><em>παρουσίᾳ</em></strong></span> <span class='ocrx_word' id='word_1_95' title='bbox 436 2011 670 2103; x_wconf 77' lang='grc' dir='ltr'><strong><em>ἀρνησάμενοι,</em></strong></span> <span class='ocrx_word' id='word_1_96' title='bbox 701 2013 876 2081; x_wconf 88' lang='grc' dir='ltr'><strong><em>θεοκτόνοι</em></strong></span> <span class='ocrx_word' id='word_1_97' title='bbox 902 2039 939 2081; x_wconf 84' lang='grc' dir='ltr'><strong><em>τε</em></strong></span> <span class='ocrx_word' id='word_1_98' title='bbox 965 2015 1019 2081; x_wconf 80' lang='grc' dir='ltr'><strong><em>καὶ</em></strong></span> <span class='ocrx_word' id='word_1_99' title='bbox 1045 2008 1253 2097; x_wconf 86' lang='grc' dir='ltr'><strong><em>κοριοκτόνοι</em></strong></span> 
     </span>
     <span class='ocr_line' id='line_1_14' title="bbox 238 2102 1253 2200; baseline -0.006 -22"><span class='ocrx_word' id='word_1_100' title='bbox 238 2114 291 2179; x_wconf 78' lang='grc' dir='ltr'><strong><em>καὶ</em></strong></span> <span class='ocrx_word' id='word_1_101' title='bbox 314 2111 554 2200; x_wconf 81' lang='grc' dir='ltr'><strong><em>ἒπαρνησίθεοι</em></strong></span> <span class='ocrx_word' id='word_1_102' title='bbox 574 2112 750 2198; x_wconf 87' lang='grc' dir='ltr'><strong><em>γεγονότες.</em></strong></span> <span class='ocrx_word' id='word_1_103' title='bbox 794 2106 924 2198; x_wconf 82' lang='grc' dir='ltr'><strong><em>τάληθῆ</em></strong></span> <span class='ocrx_word' id='word_1_104' title='bbox 947 2112 992 2190; x_wconf 86' lang='grc' dir='ltr'><strong><em>δὲ,</em></strong></span> <span class='ocrx_word' id='word_1_105' title='bbox 1017 2107 1070 2178; x_wconf 85' lang='grc' dir='ltr'><strong><em>ότι</em></strong></span> <span class='ocrx_word' id='word_1_106' title='bbox 1092 2102 1168 2175; x_wconf 83' lang='grc' dir='ltr'><strong><em>οόττ</em></strong></span> <span class='ocrx_word' id='word_1_107' title='bbox 1189 2131 1253 2173; x_wconf 82' lang='grc' dir='ltr'><strong><em>πε·</em></strong></span> 
     </span>
     <span class='ocr_line' id='line_1_15' title="bbox 238 2202 1306 2297; baseline -0.007 -20"><span class='ocrx_word' id='word_1_108' title='bbox 238 2209 375 2297; x_wconf 85' lang='grc' dir='ltr'><strong><em>ριτομήν</em></strong></span> <span class='ocrx_word' id='word_1_109' title='bbox 409 2210 537 2294; x_wconf 71' lang='grc' dir='ltr'><strong><em>ἔχουσιν</em></strong></span> <span class='ocrx_word' id='word_1_110' title='bbox 570 2208 645 2277; x_wconf 82' lang='grc' dir='ltr'><strong><em>τότε</em></strong></span> <span class='ocrx_word' id='word_1_111' title='bbox 672 2209 838 2296; x_wconf 79' lang='grc' dir='ltr'><strong><em>σάββατον</em></strong></span> <span class='ocrx_word' id='word_1_112' title='bbox 868 2208 1091 2296; x_wconf 83' lang='grc' dir='ltr'><strong><em>φυλάσσουσι,</em></strong></span> <span class='ocrx_word' id='word_1_113' title='bbox 1124 2206 1178 2272; x_wconf 81' lang='grc' dir='ltr'><strong><em>καί</em></strong></span> <span class='ocrx_word' id='word_1_114' title='bbox 1206 2202 1306 2270; x_wconf 81' lang='grc' dir='ltr'><strong><em>τὰ609</em></strong></span> 
     </span>
     <span class='ocr_line' id='line_1_16' title="bbox 239 2303 810 2394; baseline -0.005 -20"><span class='ocrx_word' id='word_1_115' title='bbox 239 2304 328 2375; x_wconf 82' lang='grc' dir='ltr'><strong><em>ἀλλα·</em></strong></span> <span class='ocrx_word' id='word_1_116' title='bbox 344 2307 455 2375; x_wconf 87' lang='grc' dir='ltr'><strong><em>πάντα</em></strong></span> <span class='ocrx_word' id='word_1_117' title='bbox 475 2307 629 2394; x_wconf 85' lang='grc' dir='ltr'><strong><em>καθάπερ</em></strong></span> <span class='ocrx_word' id='word_1_118' title='bbox 649 2303 810 2374; x_wconf 75' lang='grc' dir='ltr'><strong><em>Ἰουδαῖοι.</em></strong></span> 
     </span>
    </p>

    <p class='ocr_par' dir='ltr' id='par_1_6' title="bbox 203 2393 1283 2880">
     <span class='ocr_line' id='line_1_17' title="bbox 203 2393 1255 2494; baseline -0.009 -20"><span class='ocrx_word' id='word_1_119' title='bbox 203 2419 231 2468; x_wconf 68' lang='grc'><strong><em>15</em></strong></span> <span class='ocrx_word' id='word_1_120' title='bbox 324 2413 352 2473; x_wconf 88' lang='lat'><strong><em>3.</em></strong></span> <span class='ocrx_word' id='word_1_121' title='bbox 383 2411 449 2475; x_wconf 78' lang='grc' dir='ltr'><strong><em>Καὶ</em></strong></span> <span class='ocrx_word' id='word_1_122' title='bbox 470 2407 532 2494; x_wconf 84' lang='grc' dir='ltr'><strong><em>γάρ</em></strong></span> <span class='ocrx_word' id='word_1_123' title='bbox 554 2410 600 2493; x_wconf 77' lang='grc' dir='ltr'><strong><em>τῷ</em></strong></span> <span class='ocrx_word' id='word_1_124' title='bbox 623 2403 695 2471; x_wconf 88' lang='grc' dir='ltr'><strong><em>όντι</em></strong></span> <span class='ocrx_word' id='word_1_125' title='bbox 715 2409 769 2472; x_wconf 80' lang='grc' dir='ltr'><strong><em>καί</em></strong></span> <span class='ocrx_word' id='word_1_126' title='bbox 792 2401 887 2470; x_wconf 78' lang='grc' dir='ltr'><strong><em>αὐτοὶ</em></strong></span> <span class='ocrx_word' id='word_1_127' title='bbox 909 2399 947 2469; x_wconf 87' lang='grc' dir='ltr'><strong><em>οῦ</em></strong></span> <span class='ocrx_word' id='word_1_128' title='bbox 970 2404 1028 2470; x_wconf 90' lang='grc' dir='ltr'><strong><em>δύο</em></strong></span> <span class='ocrx_word' id='word_1_129' title='bbox 1044 2402 1152 2490; x_wconf 78' lang='grc' dir='ltr'><strong><em>φαμὲν</em></strong></span> <span class='ocrx_word' id='word_1_130' title='bbox 1167 2393 1255 2467; x_wconf 74' lang='grc' dir='ltr'><strong><em>εἶναι</em></strong></span> 
     </span>
     <span class='ocr_line' id='line_1_18' title="bbox 239 2495 1254 2590; baseline -0.007 -21"><span class='ocrx_word' id='word_1_131' title='bbox 239 2504 350 2582; x_wconf 83' lang='grc' dir='ltr'><strong><em>θεοὺς,</em></strong></span> <span class='ocrx_word' id='word_1_132' title='bbox 374 2500 450 2570; x_wconf 79' lang='grc' dir='ltr'><strong><em>οῦδὲ</em></strong></span> <span class='ocrx_word' id='word_1_133' title='bbox 471 2504 648 2590; x_wconf 72' lang='grc' dir='ltr'><strong><em>θεότητος,</em></strong></span> <span class='ocrx_word' id='word_1_134' title='bbox 673 2497 757 2569; x_wconf 83' lang='grc' dir='ltr'><strong><em>ἀλλὰ</em></strong></span> <span class='ocrx_word' id='word_1_135' title='bbox 777 2507 857 2584; x_wconf 86' lang='grc' dir='ltr'><strong><em>μίαν</em></strong></span> <span class='ocrx_word' id='word_1_136' title='bbox 880 2501 1040 2586; x_wconf 86' lang='grc' dir='ltr'><strong><em>θεότητα,</em></strong></span> <span class='ocrx_word' id='word_1_137' title='bbox 1071 2495 1254 2583; x_wconf 71' lang='grc' dir='ltr'><strong><em>ἐπειδήπερ</em></strong></span> 
     </span>
     <span class='ocr_line' id='line_1_19' title="bbox 241 2593 1255 2690; baseline -0.005 -25"><span class='ocrx_word' id='word_1_138' title='bbox 241 2599 316 2666; x_wconf 84' lang='grc' dir='ltr'><strong><em>οότε</em></strong></span> <span class='ocrx_word' id='word_1_139' title='bbox 344 2600 402 2665; x_wconf 86' lang='grc' dir='ltr'><strong><em>δύο</em></strong></span> <span class='ocrx_word' id='word_1_140' title='bbox 430 2603 563 2684; x_wconf 76' lang='grc' dir='ltr'><strong><em>λέγομεν</em></strong></span> <span class='ocrx_word' id='word_1_141' title='bbox 591 2605 738 2690; x_wconf 85' lang='grc' dir='ltr'><strong><em>πατέρας</em></strong></span> <span class='ocrx_word' id='word_1_142' title='bbox 766 2596 842 2663; x_wconf 84' lang='grc' dir='ltr'><strong><em>οότε</em></strong></span> <span class='ocrx_word' id='word_1_143' title='bbox 873 2598 931 2664; x_wconf 87' lang='grc' dir='ltr'><strong><em>δύο</em></strong></span> <span class='ocrx_word' id='word_1_144' title='bbox 960 2597 1051 2676; x_wconf 84' lang='grc' dir='ltr'><strong><em>οίοῦς</em></strong></span> <span class='ocrx_word' id='word_1_145' title='bbox 1084 2593 1161 2662; x_wconf 86' lang='grc' dir='ltr'><strong><em>ούτε</em></strong></span> <span class='ocrx_word' id='word_1_146' title='bbox 1194 2593 1255 2661; x_wconf 90' lang='grc' dir='ltr'><strong><em>δύο</em></strong></span> 
     </span>
     <span class='ocr_line' id='line_1_20' title="bbox 241 2691 1283 2782; baseline -0.005 -20"><span class='ocrx_word' id='word_1_147' title='bbox 241 2697 411 2780; x_wconf 85' lang='grc' dir='ltr'><strong><em>πνεύματα</em></strong></span> <span class='ocrx_word' id='word_1_148' title='bbox 429 2694 515 2782; x_wconf 83' lang='grc' dir='ltr'><strong><em>ἀγια,</em></strong></span> <span class='ocrx_word' id='word_1_149' title='bbox 540 2691 624 2763; x_wconf 85' lang='grc' dir='ltr'><strong><em>ἀλλά</em></strong></span> <span class='ocrx_word' id='word_1_150' title='bbox 638 2703 767 2781; x_wconf 86' lang='grc' dir='ltr'><strong><em>πατέρα</em></strong></span> <span class='ocrx_word' id='word_1_151' title='bbox 780 2698 833 2761; x_wconf 80' lang='grc' dir='ltr'><strong><em>καὶ</em></strong></span> <span class='ocrx_word' id='word_1_152' title='bbox 849 2695 920 2762; x_wconf 77' lang='grc' dir='ltr'><strong><em>υἱόν</em></strong></span> <span class='ocrx_word' id='word_1_153' title='bbox 935 2698 989 2762; x_wconf 82' lang='grc' dir='ltr'><strong><em>καί</em></strong></span> <span class='ocrx_word' id='word_1_154' title='bbox 1005 2692 1098 2780; x_wconf 79' lang='grc' dir='ltr'><strong><em>ἀγιον</em></strong></span> <span class='ocrx_word' id='word_1_155' title='bbox 1113 2695 1255 2776; x_wconf 85' lang='grc' dir='ltr'><strong><em>πνεῦμα,</em></strong></span> <span class='ocrx_word' id='word_1_156' title='bbox 1279 2717 1283 2729; x_wconf 91' lang='grc'><em>·</em></span> 
     </span>
     <span class='ocr_line' id='line_1_21' title="bbox 240 2782 1257 2880; baseline -0.006 -20"><span class='ocrx_word' id='word_1_157' title='bbox 240 2800 319 2878; x_wconf 87' lang='grc' dir='ltr'><strong><em>μίαν</em></strong></span> <span class='ocrx_word' id='word_1_158' title='bbox 341 2793 495 2880; x_wconf 88' lang='grc' dir='ltr'><strong><em>θεότητα,</em></strong></span> <span class='ocrx_word' id='word_1_159' title='bbox 518 2801 597 2877; x_wconf 89' lang='grc' dir='ltr'><strong><em>μίαν</em></strong></span> <span class='ocrx_word' id='word_1_160' title='bbox 621 2795 821 2878; x_wconf 85' lang='grc' dir='ltr'><strong><em>δοξολογίαν.</em></strong></span> <span class='ocrx_word' id='word_1_161' title='bbox 852 2782 949 2870; x_wconf 82' lang='grc' dir='ltr'><strong><em>οὗτος</em></strong></span> <span class='ocrx_word' id='word_1_162' title='bbox 971 2795 1006 2859; x_wconf 80' lang='grc' dir='ltr'><strong><em>δὲ</em></strong></span> <span class='ocrx_word' id='word_1_163' title='bbox 1028 2786 1065 2857; x_wconf 89' lang='grc' dir='ltr'><strong><em>ού</em></strong></span> <span class='ocrx_word' id='word_1_164' title='bbox 1089 2786 1175 2876; x_wconf 74' lang='grc' dir='ltr'><strong><em>λέγει</em></strong></span> <span class='ocrx_word' id='word_1_165' title='bbox 1193 2788 1257 2873; x_wconf 90' lang='grc' dir='ltr'><strong><em>μό-</em></strong></span> 
     </span>
    </p>

    <p class='ocr_par' dir='ltr' id='par_1_7' title="bbox 203 2883 1284 3368">
     <span class='ocr_line' id='line_1_22' title="bbox 203 2883 1256 2980; baseline -0.001 -26"><span class='ocrx_word' id='word_1_166' title='bbox 203 2906 297 2957; x_wconf 71' lang='grc' dir='ltr'><strong><em>νονον</em></strong></span> <span class='ocrx_word' id='word_1_167' title='bbox 319 2891 410 2970; x_wconf 85' lang='grc' dir='ltr'><strong><em>θεὸν,</em></strong></span> <span class='ocrx_word' id='word_1_168' title='bbox 435 2891 550 2958; x_wconf 86' lang='grc' dir='ltr'><strong><em>διὰτὸ</em></strong></span> <span class='ocrx_word' id='word_1_169' title='bbox 572 2892 678 2980; x_wconf 85' lang='grc' dir='ltr'><strong><em>πηγήν</em></strong></span> <span class='ocrx_word' id='word_1_170' title='bbox 701 2886 786 2958; x_wconf 78' lang='grc' dir='ltr'><strong><em>εἶναι</em></strong></span> <span class='ocrx_word' id='word_1_171' title='bbox 807 2889 864 2956; x_wconf 88' lang='grc' dir='ltr'><strong><em>τὸν</em></strong></span> <span class='ocrx_word' id='word_1_172' title='bbox 887 2895 1024 2974; x_wconf 84' lang='grc' dir='ltr'><strong><em>πατέρα,</em></strong></span> <span class='ocrx_word' id='word_1_173' title='bbox 1048 2883 1132 2955; x_wconf 86' lang='grc' dir='ltr'><strong><em>ἀλλὰ</em></strong></span> <span class='ocrx_word' id='word_1_174' title='bbox 1152 2886 1256 2971; x_wconf 88' lang='grc' dir='ltr'><strong><em>μόνον</em></strong></span> 
     </span>
     <span class='ocr_line' id='line_1_23' title="bbox 241 2982 1256 3075; baseline -0.006 -20"><span class='ocrx_word' id='word_1_175' title='bbox 241 2989 339 3066; x_wconf 84' lang='grc' dir='ltr'><strong><em>θεὸν,</em></strong></span> <span class='ocrx_word' id='word_1_176' title='bbox 369 2984 513 3073; x_wconf 78' lang='grc' dir='ltr'><strong><em>ἀναιρῶν</em></strong></span> <span class='ocrx_word' id='word_1_177' title='bbox 543 2986 621 3056; x_wconf 82' lang='grc' dir='ltr'><strong><em>ὅσον</em></strong></span> <span class='ocrx_word' id='word_1_178' title='bbox 645 2990 683 3054; x_wconf 89' lang='grc' dir='ltr'><strong><em>τὸ</em></strong></span> <span class='ocrx_word' id='word_1_179' title='bbox 705 2986 772 3054; x_wconf 71' lang='grc' dir='ltr'><strong><em>κατ’</em></strong></span> <span class='ocrx_word' id='word_1_180' title='bbox 797 2982 896 3053; x_wconf 88' lang='grc' dir='ltr'><strong><em>αότδν</em></strong></span> <span class='ocrx_word' id='word_1_181' title='bbox 918 2987 976 3075; x_wconf 84' lang='grc' dir='ltr'><strong><em>τήν</em></strong></span> <span class='ocrx_word' id='word_1_182' title='bbox 997 2989 1055 3053; x_wconf 90' lang='grc' dir='ltr'><strong><em>τοῦ</em></strong></span> <span class='ocrx_word' id='word_1_183' title='bbox 1078 2987 1151 3052; x_wconf 81' lang='grc' dir='ltr'><strong><em>οἱοῦ</em></strong></span> <span class='ocrx_word' id='word_1_184' title='bbox 1173 2984 1256 3052; x_wconf 84' lang='grc' dir='ltr'><strong><em>θεό-</em></strong></span> 
     </span>
     <span class='ocr_line' id='line_1_24' title="bbox 241 3082 1284 3174; baseline -0.006 -22"><span class='ocrx_word' id='word_1_185' title='bbox 241 3113 322 3174; x_wconf 90' lang='grc' dir='ltr'><strong><em>τητα</em></strong></span> <span class='ocrx_word' id='word_1_186' title='bbox 343 3090 395 3152; x_wconf 79' lang='grc' dir='ltr'><strong><em>καὶ</em></strong></span> <span class='ocrx_word' id='word_1_187' title='bbox 419 3083 604 3153; x_wconf 75' lang='grc' dir='ltr'><strong><em>ὑπόστασιν</em></strong></span> <span class='ocrx_word' id='word_1_188' title='bbox 626 3091 678 3153; x_wconf 82' lang='grc' dir='ltr'><strong><em>καὶ</em></strong></span> <span class='ocrx_word' id='word_1_189' title='bbox 701 3090 760 3152; x_wconf 91' lang='grc' dir='ltr'><strong><em>τοῦ</em></strong></span> <span class='ocrx_word' id='word_1_190' title='bbox 784 3082 877 3169; x_wconf 78' lang='grc' dir='ltr'><strong><em>ἁγίου</em></strong></span> <span class='ocrx_word' id='word_1_191' title='bbox 900 3084 1095 3168; x_wconf 86' lang='grc' dir='ltr'><strong><em>πνεύματος,</em></strong></span> <span class='ocrx_word' id='word_1_192' title='bbox 1120 3083 1201 3166; x_wconf 68' lang='grc' dir='ltr'><strong><em>ἔχων</em></strong></span> <span class='ocrx_word' id='word_1_193' title='bbox 1220 3083 1284 3149; x_wconf 76' lang='grc' dir='ltr'><strong><em>δλθ</em></strong></span> 
     </span>
     <span class='ocr_line' id='line_1_25' title="bbox 243 3176 1257 3270; baseline -0.003 -20"><span class='ocrx_word' id='word_1_194' title='bbox 243 3181 342 3251; x_wconf 87' lang='grc' dir='ltr'><strong><em>αύτόν</em></strong></span> <span class='ocrx_word' id='word_1_195' title='bbox 363 3185 420 3250; x_wconf 88' lang='grc' dir='ltr'><strong><em>τὸν</em></strong></span> <span class='ocrx_word' id='word_1_196' title='bbox 443 3191 570 3269; x_wconf 76' lang='grc' dir='ltr'><strong><em>πατέρα</em></strong></span> <span class='ocrx_word' id='word_1_197' title='bbox 593 3186 649 3251; x_wconf 68' lang='grc' dir='ltr'><strong><em>ἕνα</em></strong></span> <span class='ocrx_word' id='word_1_198' title='bbox 671 3183 770 3264; x_wconf 90' lang='grc' dir='ltr'><strong><em>θεόν,</em></strong></span> <span class='ocrx_word' id='word_1_199' title='bbox 794 3183 911 3270; x_wconf 88' lang='grc' dir='ltr'><strong><em>ἀγονον</em></strong></span> <span class='ocrx_word' id='word_1_200' title='bbox 933 3183 1016 3262; x_wconf 75' lang='grc' dir='ltr'><strong><em>οἱοῦ,</em></strong></span> <span class='ocrx_word' id='word_1_201' title='bbox 1040 3178 1086 3261; x_wconf 84' lang='grc' dir='ltr'><strong><em>ὡς</em></strong></span> <span class='ocrx_word' id='word_1_202' title='bbox 1108 3176 1192 3249; x_wconf 81' lang='grc' dir='ltr'><strong><em>εἶναι</em></strong></span> <span class='ocrx_word' id='word_1_203' title='bbox 1214 3178 1257 3247; x_wconf 88' lang='grc' dir='ltr'><strong><em>τά</em></strong></span> 
     </span>
     <span class='ocr_line' id='line_1_26' title="bbox 243 3273 1257 3368; baseline -0.004 -20"><span class='ocrx_word' id='word_1_204' title='bbox 243 3283 302 3348; x_wconf 87' lang='grc' dir='ltr'><strong><em>δύο</em></strong></span> <span class='ocrx_word' id='word_1_205' title='bbox 332 3278 444 3368; x_wconf 85' lang='grc' dir='ltr'><strong><em>ἀτελῆ,</em></strong></span> <span class='ocrx_word' id='word_1_206' title='bbox 473 3288 602 3365; x_wconf 89' lang='grc' dir='ltr'><strong><em>πατέρα</em></strong></span> <span class='ocrx_word' id='word_1_207' title='bbox 630 3285 681 3348; x_wconf 76' lang='grc' dir='ltr'><strong><em>καὶ</em></strong></span> <span class='ocrx_word' id='word_1_208' title='bbox 709 3273 796 3361; x_wconf 76' lang='grc' dir='ltr'><strong><em>οἶόν,</em></strong></span> <span class='ocrx_word' id='word_1_209' title='bbox 827 3280 965 3364; x_wconf 79' lang='grc' dir='ltr'><strong><em>τὸνμὲν</em></strong></span> <span class='ocrx_word' id='word_1_210' title='bbox 987 3285 1116 3365; x_wconf 82' lang='grc' dir='ltr'><strong><em>πατέρα</em></strong></span> <span class='ocrx_word' id='word_1_211' title='bbox 1138 3275 1257 3364; x_wconf 88' lang='grc' dir='ltr'><strong><em>άγονον</em></strong></span> 
     </span>
    </p>

    <p class='ocr_par' dir='ltr' id='par_1_8' title="bbox 205 3377 1261 3856">
     <span class='ocr_line' id='line_1_27' title="bbox 205 3377 1259 3464; baseline 0.002 -24"><span class='ocrx_word' id='word_1_212' title='bbox 205 3380 316 3445; x_wconf 70' lang='grc' dir='ltr'><strong><em>ίσοὶοῦ</em></strong></span> <span class='ocrx_word' id='word_1_213' title='bbox 344 3382 399 3445; x_wconf 87' lang='grc' dir='ltr'><strong><em>καί</em></strong></span> <span class='ocrx_word' id='word_1_214' title='bbox 427 3377 576 3463; x_wconf 85' lang='grc' dir='ltr'><strong><em>ἀκαρπον</em></strong></span> <span class='ocrx_word' id='word_1_215' title='bbox 603 3379 660 3445; x_wconf 89' lang='grc' dir='ltr'><strong><em>τὸν</em></strong></span> <span class='ocrx_word' id='word_1_216' title='bbox 688 3379 786 3464; x_wconf 80' lang='grc' dir='ltr'><strong><em>λόγον</em></strong></span> <span class='ocrx_word' id='word_1_217' title='bbox 811 3381 894 3445; x_wconf 89' lang='grc' dir='ltr'><strong><em>θεοῦ</em></strong></span> <span class='ocrx_word' id='word_1_218' title='bbox 917 3378 1037 3458; x_wconf 84' lang='grc' dir='ltr'><strong><em>ζῶντος</em></strong></span> <span class='ocrx_word' id='word_1_219' title='bbox 1058 3380 1111 3444; x_wconf 80' lang='grc' dir='ltr'><strong><em>καί</em></strong></span> <span class='ocrx_word' id='word_1_220' title='bbox 1134 3382 1259 3464; x_wconf 86' lang='grc' dir='ltr'><strong><em>σοφίας</em></strong></span> 
     </span>
     <span class='ocr_line' id='line_1_28' title="bbox 244 3470 1260 3564; baseline -0.005 -20"><span class='ocrx_word' id='word_1_221' title='bbox 244 3473 414 3564; x_wconf 82' lang='grc' dir='ltr'><strong><em>ἀληθινῆς.</em></strong></span> <span class='ocrx_word' id='word_1_222' title='bbox 446 3477 543 3562; x_wconf 88' lang='grc' dir='ltr'><strong><em>λόγον</em></strong></span> <span class='ocrx_word' id='word_1_223' title='bbox 564 3476 625 3562; x_wconf 86' lang='grc' dir='ltr'><strong><em>γάρ</em></strong></span> <span class='ocrx_word' id='word_1_224' title='bbox 647 3472 720 3543; x_wconf 79' lang='grc' dir='ltr'><strong><em>οἷον</em></strong></span> <span class='ocrx_word' id='word_1_225' title='bbox 734 3475 791 3541; x_wconf 90' lang='grc' dir='ltr'><strong><em>τὸν</em></strong></span> <span class='ocrx_word' id='word_1_226' title='bbox 808 3476 841 3542; x_wconf 82' lang='grc' dir='ltr'><strong><em>έν</em></strong></span> <span class='ocrx_word' id='word_1_227' title='bbox 856 3476 975 3562; x_wconf 82' lang='grc' dir='ltr'><strong><em>καρδίᾳ</em></strong></span> <span class='ocrx_word' id='word_1_228' title='bbox 989 3470 1074 3542; x_wconf 78' lang='grc' dir='ltr'><strong><em>εἶναι</em></strong></span> <span class='ocrx_word' id='word_1_229' title='bbox 1088 3473 1260 3559; x_wconf 85' lang='grc' dir='ltr'><strong><em>νομίζουσι</em></strong></span> 
     </span>
     <span class='ocr_line' id='line_1_29' title="bbox 244 3568 1260 3661; baseline -0.003 -20"><span class='ocrx_word' id='word_1_230' title='bbox 244 3577 297 3641; x_wconf 82' lang='grc' dir='ltr'><strong><em>καὶ</em></strong></span> <span class='ocrx_word' id='word_1_231' title='bbox 327 3581 450 3660; x_wconf 84' lang='grc' dir='ltr'><strong><em>σοφίαν</em></strong></span> <span class='ocrx_word' id='word_1_232' title='bbox 478 3575 552 3641; x_wconf 78' lang='grc' dir='ltr'><strong><em>οἵαν</em></strong></span> <span class='ocrx_word' id='word_1_233' title='bbox 580 3574 614 3641; x_wconf 77' lang='grc' dir='ltr'><strong><em>ἓν</em></strong></span> <span class='ocrx_word' id='word_1_234' title='bbox 640 3577 728 3661; x_wconf 81' lang='grc' dir='ltr'><strong><em>ψυχῇ</em></strong></span> <span class='ocrx_word' id='word_1_235' title='bbox 751 3568 935 3658; x_wconf 85' lang='grc' dir='ltr'><strong><em>ἀνθρώπου</em></strong></span> <span class='ocrx_word' id='word_1_236' title='bbox 958 3574 1093 3652; x_wconf 66' lang='grc' dir='ltr'><strong><em>ἕκαστος</em></strong></span> <span class='ocrx_word' id='word_1_237' title='bbox 1115 3572 1179 3655; x_wconf 67' lang='grc' dir='ltr'><strong><em>ἔχει</em></strong></span> <span class='ocrx_word' id='word_1_238' title='bbox 1200 3569 1260 3658; x_wconf 84' lang='grc' dir='ltr'><strong><em>τήν</em></strong></span> 
     </span>
     <span class='ocr_line' id='line_1_30' title="bbox 245 3668 1261 3759; baseline -0.005 -20"><span class='ocrx_word' id='word_1_239' title='bbox 245 3672 279 3739; x_wconf 79' lang='grc' dir='ltr'><strong><em>έκ</em></strong></span> <span class='ocrx_word' id='word_1_240' title='bbox 301 3675 384 3738; x_wconf 90' lang='grc' dir='ltr'><strong><em>θεοῦ</em></strong></span> <span class='ocrx_word' id='word_1_241' title='bbox 407 3671 565 3758; x_wconf 82' lang='grc' dir='ltr'><strong><em>φρόνησιν</em></strong></span> <span class='ocrx_word' id='word_1_242' title='bbox 589 3672 623 3738; x_wconf 79' lang='grc' dir='ltr'><strong><em>ἐκ</em></strong></span> <span class='ocrx_word' id='word_1_243' title='bbox 638 3675 721 3740; x_wconf 85' lang='grc' dir='ltr'><strong><em>θεοῦ</em></strong></span> <span class='ocrx_word' id='word_1_244' title='bbox 736 3676 936 3759; x_wconf 84' lang='grc' dir='ltr'><strong><em>κεκτημένος.</em></strong></span> <span class='ocrx_word' id='word_1_245' title='bbox 970 3670 1026 3738; x_wconf 85' lang='grc' dir='ltr'><strong><em>διὰ</em></strong></span> <span class='ocrx_word' id='word_1_246' title='bbox 1039 3674 1137 3737; x_wconf 90' lang='grc' dir='ltr'><strong><em>τοῦτο</em></strong></span> <span class='ocrx_word' id='word_1_247' title='bbox 1152 3668 1261 3754; x_wconf 88' lang='grc' dir='ltr'><strong><em>πρόσ-</em></strong></span> 
     </span>
     <span class='ocr_line' id='line_1_31' title="bbox 247 3765 1260 3856; baseline -0.003 -22"><span class='ocrx_word' id='word_1_248' title='bbox 247 3794 339 3836; x_wconf 85' lang='grc' dir='ltr'><strong><em>ιοττον</em></strong></span> <span class='ocrx_word' id='word_1_249' title='bbox 362 3773 396 3835; x_wconf 68' lang='grc' dir='ltr'><strong><em>ἓν</em></strong></span> <span class='ocrx_word' id='word_1_250' title='bbox 417 3771 474 3835; x_wconf 88' lang='grc' dir='ltr'><strong><em>τόν</em></strong></span> <span class='ocrx_word' id='word_1_251' title='bbox 497 3769 578 3836; x_wconf 81' lang='grc' dir='ltr'><strong><em>θεόν</em></strong></span> <span class='ocrx_word' id='word_1_252' title='bbox 601 3767 669 3854; x_wconf 85' lang='grc' dir='ltr'><strong><em>άμα</em></strong></span> <span class='ocrx_word' id='word_1_253' title='bbox 690 3773 737 3856; x_wconf 77' lang='grc' dir='ltr'><strong><em>τῷ</em></strong></span> <span class='ocrx_word' id='word_1_254' title='bbox 760 3769 845 3856; x_wconf 79' lang='grc' dir='ltr'><strong><em>λόγῳ</em></strong></span> <span class='ocrx_word' id='word_1_255' title='bbox 869 3770 981 3855; x_wconf 77' lang='grc' dir='ltr'><strong><em>φασίν,</em></strong></span> <span class='ocrx_word' id='word_1_256' title='bbox 1008 3765 1053 3848; x_wconf 73' lang='grc' dir='ltr'><strong><em>οῦς</em></strong></span> <span class='ocrx_word' id='word_1_257' title='bbox 1075 3766 1260 3850; x_wconf 79' lang='grc' dir='ltr'><strong><em>ἄνθρωπον</em></strong></span> 
     </span>
    </p>

    <p class='ocr_par' dir='ltr' id='par_1_9' title="bbox 191 3861 1289 4253">
     <span class='ocr_line' id='line_1_32' title="bbox 191 3861 1259 3954; baseline -0.005 -20"><span class='ocrx_word' id='word_1_258' title='bbox 191 3868 303 3934; x_wconf 72' lang='grc' dir='ltr'><strong><em>’θθὲνα</em></strong></span> <span class='ocrx_word' id='word_1_259' title='bbox 324 3871 378 3934; x_wconf 79' lang='grc' dir='ltr'><strong><em>καὶ</em></strong></span> <span class='ocrx_word' id='word_1_260' title='bbox 400 3867 457 3935; x_wconf 88' lang='grc' dir='ltr'><strong><em>τὸν</em></strong></span> <span class='ocrx_word' id='word_1_261' title='bbox 479 3864 579 3935; x_wconf 85' lang='grc' dir='ltr'><strong><em>αῦτοῦ</em></strong></span> <span class='ocrx_word' id='word_1_262' title='bbox 607 3868 719 3954; x_wconf 89' lang='grc' dir='ltr'><strong><em>λόγον,</em></strong></span> <span class='ocrx_word' id='word_1_263' title='bbox 752 3863 846 3934; x_wconf 80' lang='grc' dir='ltr'><strong><em>οῦδὲν</em></strong></span> <span class='ocrx_word' id='word_1_264' title='bbox 874 3867 977 3934; x_wconf 85' lang='grc' dir='ltr'><strong><em>πλέον</em></strong></span> <span class='ocrx_word' id='word_1_265' title='bbox 999 3869 1063 3933; x_wconf 79' lang='grc' dir='ltr'><strong><em>τῶν</em></strong></span> <span class='ocrx_word' id='word_1_266' title='bbox 1084 3861 1259 3943; x_wconf 80' lang='grc' dir='ltr'><strong><em>Ἰουδαίων,</em></strong></span> 
     </span>
     <span class='ocr_line' id='line_1_33' title="bbox 246 3957 1289 4055; baseline -0.007 -25"><span class='ocrx_word' id='word_1_267' title='bbox 246 3960 291 4043; x_wconf 78' lang='grc' dir='ltr'><strong><em>ὡς</em></strong></span> <span class='ocrx_word' id='word_1_268' title='bbox 313 3965 409 4053; x_wconf 81' lang='grc' dir='ltr'><strong><em>έφην,</em></strong></span> <span class='ocrx_word' id='word_1_269' title='bbox 434 3966 638 4047; x_wconf 83' lang='grc' dir='ltr'><strong><em>δοξάζοντες,</em></strong></span> <span class='ocrx_word' id='word_1_270' title='bbox 660 3965 908 4055; x_wconf 79' lang='grc' dir='ltr'><strong><em>τοφλιόττοντες</em></strong></span> <span class='ocrx_word' id='word_1_271' title='bbox 929 3959 999 4032; x_wconf 86' lang='grc' dir='ltr'><strong><em>ἀπὸ</em></strong></span> <span class='ocrx_word' id='word_1_272' title='bbox 1020 3966 1078 4050; x_wconf 84' lang='grc' dir='ltr'><strong><em>τῆς</em></strong></span> <span class='ocrx_word' id='word_1_273' title='bbox 1099 3957 1289 4049; x_wconf 72' lang='grc' dir='ltr'><strong><em>ἀληθείαςο</em></strong></span> 
     </span>
     <span class='ocr_line' id='line_1_34' title="bbox 247 4058 1262 4152; baseline -0.005 -22"><span class='ocrx_word' id='word_1_274' title='bbox 247 4067 299 4130; x_wconf 82' lang='grc' dir='ltr'><strong><em>καὶ</em></strong></span> <span class='ocrx_word' id='word_1_275' title='bbox 321 4070 554 4152; x_wconf 84' lang='grc' dir='ltr'><strong><em>κεκωφαιμένοι</em></strong></span> <span class='ocrx_word' id='word_1_276' title='bbox 575 4059 644 4130; x_wconf 85' lang='grc' dir='ltr'><strong><em>ἀπὸ</em></strong></span> <span class='ocrx_word' id='word_1_277' title='bbox 666 4067 725 4130; x_wconf 92' lang='grc' dir='ltr'><strong><em>τοῦ</em></strong></span> <span class='ocrx_word' id='word_1_278' title='bbox 750 4070 845 4131; x_wconf 87' lang='grc' dir='ltr'><strong><em>θείου</em></strong></span> <span class='ocrx_word' id='word_1_279' title='bbox 868 4063 966 4148; x_wconf 85' lang='grc' dir='ltr'><strong><em>λόγου</em></strong></span> <span class='ocrx_word' id='word_1_280' title='bbox 987 4063 1041 4128; x_wconf 80' lang='grc' dir='ltr'><strong><em>καὶ</em></strong></span> <span class='ocrx_word' id='word_1_281' title='bbox 1057 4058 1262 4148; x_wconf 80' lang='grc' dir='ltr'><strong><em>κηρύγματος</em></strong></span> 
     </span>
     <span class='ocr_line' id='line_1_35' title="bbox 246 4151 1261 4253; baseline -0.011 -19"><span class='ocrx_word' id='word_1_282' title='bbox 246 4168 305 4252; x_wconf 86' lang='grc' dir='ltr'><strong><em>τῆς</em></strong></span> <span class='ocrx_word' id='word_1_283' title='bbox 327 4165 411 4253; x_wconf 80' lang='grc' dir='ltr'><strong><em>ζωῆς</em></strong></span> <span class='ocrx_word' id='word_1_284' title='bbox 430 4169 489 4252; x_wconf 86' lang='grc' dir='ltr'><strong><em>τῆς</em></strong></span> <span class='ocrx_word' id='word_1_285' title='bbox 511 4159 655 4233; x_wconf 79' lang='grc' dir='ltr'><strong><em>αἰωνίου.</em></strong></span> <span class='ocrx_word' id='word_1_286' title='bbox 692 4155 768 4229; x_wconf 80' lang='grc' dir='ltr'><strong><em>οῦδὲ</em></strong></span> <span class='ocrx_word' id='word_1_287' title='bbox 795 4159 1049 4246; x_wconf 76' lang='grc' dir='ltr'><strong><em>γὰράίδοῦνται</em></strong></span> <span class='ocrx_word' id='word_1_288' title='bbox 1069 4157 1126 4224; x_wconf 88' lang='grc' dir='ltr'><strong><em>τὸν</em></strong></span> <span class='ocrx_word' id='word_1_289' title='bbox 1149 4151 1261 4245; x_wconf 81' lang='grc' dir='ltr'><strong><em>ἀληθῆ</em></strong></span> 
     </span>
    </p>
   </div>
   <div class='ocr_carea' id='block_1_4' title="bbox 0 0 1457 5084">
    <p class='ocr_par' dir='ltr' id='par_1_10' title="bbox 0 0 1457 5084">
     <span class='ocr_line' id='line_1_36' title="bbox 0 0 1457 5084; baseline 0 0"><span class='ocrx_word' id='word_1_290' title='bbox 0 0 1457 5084; x_wconf 95' lang='lat' dir='ltr'><strong><em> </em></strong></span> 
     </span>
    </p>
   </div>
  </div>
 </body>
</html>
