2867 5084
233 915 296 977 500
460 924 667 975 επιυειτιοῑ
682 923 778 975 xm
796 924 984 975 Αινιιεεου
1000 927 1029 974 r.

230 1079 298 1144 τῶν
321 1070 408 1161 αὐτῷ
430 1079 746 1162 μεμαθητεομίνων·
774 1079 827 1141 καὶ
851 1069 1061 1162 άμφιβάλλω.
1108 1077 1190 1158 περὶ
1218 1074 1252 1141 δὲ

231 1178 298 1241 τῶν
326 1176 429 1238 ταῦτα
458 1171 618 1256 λεγόντων
647 1167 786 1258 άνάγκην
809 1173 871 1254 ἔχω
894 1173 1007 1256 λέγειν.
1056 1172 1116 1237 ἵνα
1145 1174 1184 1240 δὲ
1209 1198 1252 1257 μη

234 1272 281 1348 εἷς
305 1271 454 1353 δεύτερον
475 1269 621 1353 κάματον
643 1268 759 1336 ἑαυτὸν
775 1269 1021 1353 περιβάλλοιμι,
1044 1272 1196 1358 καθεξῆς
1215 1269 1303 1356 ἣνιιοι

234 1378 400 1451 προεῖπον
420 1377 604 1453 γραφεῖσαν
627 1366 804 1453 ἐπιστολὴν
828 1367 874 1446 εἷς
891 1366 949 1453 τὴν
968 1361 1123 1451 Ἀγάβων
1145 1369 1252 1453 χώραν

209 1461 400 1545 δόποτάξω.
437 1465 493 1531 καὶ
516 1466 605 1531 ἔστιν
626 1460 693 1551 ἥδε.

319 1570 348 1630 2.
390 1569 527 1645 Κυρίαις
562 1585 626 1644 μου
654 1561 870 1644 τιμιωτάτοις
901 1561 956 1626 καὶ
989 1562 1253 1641 ποθεινοτάτοις

233 1666 359 1738 τέκνοις
379 1663 434 1726 καὶ
457 1654 617 1745 ἀδελφοῖς
637 1666 785 1744 γνησίοις
805 1659 861 1724 καὶ
883 1655 1083 1742 ὁμοπίστοις
1105 1655 1253 1745 ὀρθοδό-

235 1759 321 1836 ξοις,
338 1752 407 1821 άπὸ
431 1758 541 1838 ἱερέως
564 1754 638 1839 άχρι
660 1758 789 1836 λαϊκοῦ,
823 1756 878 1822 καὶ
904 1763 1163 1842 κατηχουμένοις
1184 1768 1253 1836 τοῖς

234 1853 318 1920 κατὰ
338 1852 396 1939 τήν
416 1849 590 1937 Ἀραβίαν,
632 1849 830 1940 Ἐπιφάνιος
858 1853 1026 1935 ἐλάχιστος
1054 1854 1274 1927 ἓπισκόπωνο

196 1959 368 2036 ίθχαίρειν.

321 2048 507 2130 Θαυμάζειν
530 2048 618 2114 ἔστιν
638 2048 671 2114 ἐν
686 2052 732 2134 τῷ
749 2049 890 2134 παρόντι
915 2051 1018 2134 καιρῷ
1034 2053 1089 2115 καὶ
1104 2050 1153 2136 μὴ
1170 2057 1253 2117 θαυ·

234 2146 364 2231 μάζειν·
387 2145 571 2228 θαυμάζειν
586 2147 655 2228 μὲν,
680 2144 732 2211 ὅτι
748 2147 805 2213 ἐπὶ
822 2151 862 2233 τῇ
877 2144 1016 2233 ἡμετέρᾳ
1030 2151 1127 2235 γενεᾷ
1144 2149 1253 2215 πάντα

235 2246 438 2331 πληροῦται·
467 2246 521 2309 καὶ
549 2243 592 2330 μὴ
622 2243 822 2327 θαυμάζειν·
857 2246 908 2311 δεῖ
934 2243 994 2329 γάρ
1023 2247 1253 2331 πληροῦσθαι1

237 2337 396 2427 ὁσημέραι
418 2339 478 2425 γάρ
502 2340 584 2406 κατὰ
605 2340 772 2424 πρόθεσιν
801 2344 856 2407 νῦν
885 2348 1009 2427 γίνεται
1037 2338 1117 2426 ἡμῖν
1144 2344 1180 2410 ίκ
1202 2346 1254 2409 λο-

198 2442 360 2524 ῖῖγιομιῖιν
391 2433 614 2520 ἀνθρωπίνων
637 2442 689 2504 καὶ
717 2440 944 2524 διανοημάτων
968 2441 1147 2528 σοφιστικὴ
1172 2439 1254 2508 ὑπό-

235 2560 311 2602 νοια
333 2538 386 2601 καλ
410 2535 465 2601 ἐπὶ
488 2533 526 2600 τό
547 2547 657 2619 χεῖρον
679 2536 927 2619 προκύπτουσα,
956 2539 1254 2622 καταλιμπάνοοοά

234 2659 271 2700 τε
293 2633 350 2720 τὴν
374 2626 596 2717 άποστολικὴν
625 2635 848 2712 διδασκαλίαν,
879 2633 994 2713 καθιάς
1022 2631 1039 2699 ό
1069 2630 1255 2722 άγιώτατος

236 2727 425 2806 άπόστολος
448 2741 610 2812 προεῖπεν
634 2727 687 2795 ὅτι
709 2726 980 2819 “άποστη’σονται’
993 2757 1081 2811 τινες
1103 2738 1165 2821 τῆς
1190 2730 1254 2820 ὖγι-

236 2825 392 2911 αινοάσης
420 2826 640 2906 διδασκαλίας,
675 2835 892 2913 προσέχοντες
917 2828 1041 2913 μύθοις
1075 2832 1129 2897 καὶ
1163 2835 1277 2903 dada-c

197 2925 387 3000 ῖοσκαλίαις
415 2924 611 3007 δαιμονίων”
639 2929 692 2991 καὶ
721 2927 763 2992 τὰ
791 2927 872 3012 ἑξῆς.
917 2928 949 2993 εἴ
970 2953 1002 2992 τι
1022 2927 1084 3012 γὰρ
1109 2930 1161 2997 ἔνι
1185 2927 1255 2998 ἆνε-

236 3023 352 3106 ρευνάν
367 3022 419 3085 καὶ
437 3020 583 3088 ἐπινοεῖν
600 3018 696 3102 ὁδοὺς
712 3024 867 3110 πονηρὰς,
887 3028 990 3090 ταῦτα
1004 3027 1132 3109 μάλλον
1150 3052 1256 3095 σπου·

236 3119 391 3200 δάζουσιν
420 3119 453 3184 οἱ
482 3117 660 3204 ἅνθρωποι
688 3119 774 3208 ἤπερ
803 3124 1004 3209 πληροῦντες
1031 3122 1090 3208 τὴν
1121 3125 1255 3211 ἐντολὴν

235 3215 294 3304 τὴν
323 3218 480 3302 λέγουσαν
513 3217 597 3284 καλά
628 3222 682 3284 καλ
717 3214 940 3303 εόπρόσδεκτα
970 3222 1092 3308 ζητεῖν·
1130 3228 1189 3289 καὶ
1219 3218 1255 3287 ··ό

237 3314 332 3398 λόγος
355 3312 453 3380 ἅλατι
474 3305 493 3402 ᾗ
517 3311 703 3403 ἠρτυμένος,
739 3313 833 3396 ὅπως
861 3320 907 3404 δῷ
934 3318 1027 3401 χάριν
1055 3330 1130 3397 τοῖς
1159 3316 1257 3388 άκοό-

195 3415 341 3483 οεουσι.”
383 3415 436 3476 καὶ
467 3414 495 3479 εἰ
517 3417 620 3479 ταῦτα
650 3416 919 3501 διανοηθείημεν,
955 3411 1007 3481 ότι
1036 3417 1149 3484 πόθεν
1176 3442 1258 3503 συμ-

234 3515 342 3593 βαίνει
373 3504 449 3574 καθ’
482 3510 618 3597 ἑκάστην
646 3508 769 3598 ἡμέραν
798 3508 1067 3593 άνακαινίζεσθαι
1102 3511 1184 3600 ἡμῖν
1217 3516 1258 3583 τὰ

235 3607 356 3695 φαῦλοι,
381 3605 529 3687 ἐσόμεθα
551 3612 603 3673 καὶ
627 3605 720 3676 αὐτοὶ
745 3606 789 3687 ὦς
805 3605 1000 3677 άπαίδευτοι
1015 3614 1067 3677 καὶ
1085 3611 1132 3698 μὴ
1148 3639 1257 3700 προσ·

235 3711 361 3788 έχοντες
383 3714 455 3780 τοῖς
478 3711 585 3783 θείοις
613 3708 669 3772 καὶ
692 3718 925 3793 προρρητικοῖς
953 3708 1071 3793 λόγοις.
1120 3713 1176 3779 δεῖ
1197 3713 1284 3799 γὰρῖ

234 3806 339 3868 ταῦτα
361 3803 585 3885 πληροῦσθαι.
624 3805 658 3870 ἐν
680 3803 788 3871 άπασι
810 3805 870 3889 γάρ
893 3813 1007 3890 μέρεσι
1027 3809 1085 3893 τῆς
1107 3816 1260 3890 πίστεως

197 3903 288 3969 sodet
318 3902 492 3965 τελεῖσθαι
526 3901 564 3964 τό
595 3901 763 3987 εἰρημένον
797 3893 881 3985 “άρα
910 3904 1019 3970 έλθών
1047 3900 1066 3967 ὁ
1095 3906 1171 3987 υἱὸς
1202 3912 1259 3975 τοιῗ

236 3994 421 4082 άνθριόπου
445 3994 573 4084 εόρηῗσει
595 3999 653 4083 τὴν
675 4007 790 4066 πίστιν
814 4001 870 4066 ἐπὶ
894 4005 952 4087 τῆς
972 4005 1064 4088 γῆς,·”
1101 4008 1175 4071 ποῦ
1199 4006 1260 4092 γάρ

236 4095 386 4180 ’ἔφθασεν
415 4090 433 4177 ᾗ
459 4095 590 4160 διάνοια
618 4101 683 4162 τῶν
712 4092 903 4182 ἀνθρώπων
934 4099 1097 4184 ἐγκειμένη
1130 4101 1193 4170 ἐπὶ
1222 4106 1261 4171 τὸ

235 4193 381 4275 πονηρόν
415 4190 448 4257 ἐκ
481 4191 649 4277 νεότητος,·
693 4205 778 4260 ποῖα
809 4203 891 4282 μέρη
927 4200 986 4282 τῆς
1016 4204 1169 4280 πίστεως
1204 4198 1264 4271 οόκ

561 4556 708 4632 A
