2867 5084
631 933 806 983 rttnttumtt.

293 1088 311 1144 l.
343 1088 492 1144 summaria
516 1087 592 1143 libris
614 1089 727 1161 siugulis
751 1089 776 1144 in
800 1090 853 1145 dim
876 1088 916 1144 vel
938 1099 993 1145 tres
1009 1099 1097 1145 tomos
1116 1088 1149 1145 ab
1165 1090 1234 1164 Epi-

207 1175 307 1250 pbanio
331 1174 399 1248 ipso,
423 1174 502 1228 utin
526 1173 669 1228 Prooeruio
692 1174 798 1229 Panarii
828 1174 961 1248 exposuit,
994 1174 1083 1230 divisis
1113 1177 1231 1248 praelixa

207 1260 281 1316 omni
305 1276 337 1314 ex
359 1267 450 1332 parte.
481 1259 532 1313 etsi
562 1259 645 1313 madta
676 1275 738 1313 cum
768 1260 919 1333 scripturae
948 1259 1110 1322 diversitate,
1135 1261 1231 1316 eadem

206 1354 272 1400 sunt
295 1361 364 1416 (puae
388 1344 413 1398 in
433 1344 661 1416 bntcephalaeosi
684 1344 823 1417 leguntur,
848 1344 973 1399 editionis
997 1354 1106 1399 nostrae
1129 1345 1181 1400 vot.
1204 1349 1229 1402 1.

206 1448 234 1504 p.
253 1429 312 1486 227
327 1430 442 1492 -254,
461 1429 510 1484 25.
540 1430 566 1483 in
590 1445 642 1501 qua
665 1445 735 1502 quae
758 1430 859 1485 rectius
882 1430 983 1499 scripta
1011 1439 1074 1483 suut
1097 1446 1178 1502 quam
1201 1431 1230 1485 in

207 1513 313 1569 Panarii
336 1514 419 1587 partis
443 1513 553 1568 alterius
569 1513 670 1580 ¹codiee
693 1514 798 1569 lenensi
825 1531 879 1568 nou
902 1513 1087 1569 correctiones
1111 1530 1172 1568 esse
1196 1514 1230 1569 ab

206 1597 357 1671 Epiphanio
379 1600 438 1670 ipso
462 1598 606 1670 postmodo
629 1598 721 1661 lactas,
750 1615 833 1672 quum
855 1596 1102 1669 duacepbalaeosin
1125 1598 1229 1662 ederet,

206 1684 254 1739 scd
278 1683 433 1738 emendatas
457 1681 585 1737 exhibere
608 1683 792 1755 antiquiorum
807 1681 939 1738 librorum
955 1683 1112 1755 scripturas
1137 1692 1164 1737 ot
1180 1701 1231 1755 per

206 1786 237 1823 se
267 1768 332 1822 satis
361 1767 532 1822 manifestum
562 1776 603 1822 est
633 1777 661 1821 et
689 1768 794 1822 Pauarii
822 1767 906 1840 partis
936 1767 1034 1841 prioris
1063 1768 1230 1839 comparatio

205 1853 295 1915 docet,
319 1852 365 1906 ubi
385 1860 474 1906 rectae
493 1844 804 1927 Ἀνακεφαλααῦσεως
825 1852 976 1925 scripturae
999 1851 1156 1925 saepissime
1180 1869 1231 1907 co-

205 1938 272 1992 dicis
288 1937 380 1991 Veneti
398 1936 559 1992 auctoritate
582 1936 780 1992 consumantur
801 1944 895 1992 contra
917 1945 1061 2010 corruptas
1083 1936 1125 1991 rcl
1141 1938 1231 1992 iuter-

206 2022 321 2096 polatas
345 2021 439 2095 quales
462 2038 492 2076 ex
516 2021 616 2076 codicis
641 2021 760 2076 lenensis
783 2030 859 2093 parte
882 2021 984 2095 priore,
1010 2037 1063 2093 qua
1085 2038 1157 2076 natue
1181 2039 1232 2077 ca·

206 2123 307 2169 remus,
325 2107 439 2161 loannes
452 2107 587 2179 Oporinos
603 2116 732 2178 posuerat
748 2106 774 2160 in
791 2105 909 2162 editione
922 2105 1068 2161 basileensi
1084 2122 1107 2160 a.
1121 2108 1228 2162 tore:

205 2190 434 2266 quemadmodum
458 2191 573 2246 vicissim
596 2190 678 2245 multa
701 2208 771 2264 quae
798 2193 825 2246 in
847 2190 1076 2263 alnaoephalacosi
1098 2200 1230 2262 corrupta

140 2325 142 2329 1
205 2276 333 2331 feruntur
354 2293 386 2331 er
410 2285 526 2349 utraque
550 2275 654 2330 Parrarii
678 2285 754 2349 parte
778 2274 913 2332 emendari
938 2285 1062 2347 possunt.
1096 2273 1151 2330 Nec
1167 2283 1231 2330 tur-

206 2360 251 2416 bat
281 2361 329 2416 bas
361 2363 481 2415 rationes
515 2360 588 2433 rprred
618 2361 732 2416 loannes
762 2361 956 2423 llauraseeuuS,
992 2360 1109 2432 scriptor
1142 2359 1229 2415 seculi

205 2447 300 2507 octavi,
326 2447 351 2500 in
373 2445 444 2500 libro
468 2445 500 2499 dc
524 2444 691 2508 haeresibus,
717 2444 750 2499 ab
775 2444 909 2500 Cotelcrio
933 2453 960 2498 et
983 2444 1120 2515 Lequieuo
1144 2442 1228 2507 edito,

204 2531 282 2586 cuius
311 2547 373 2604 pars
403 2530 515 2583 inanima
544 2547 575 2584 cs
600 2529 740 2603 Epipbauii
762 2528 990 2603 Anaeepbalaeosi
1019 2534 1147 2600 excerpta
1175 2538 1228 2592 est,

205 2614 288 2668 nudta
312 2612 420 2685 quidem
444 2614 554 2675 rectius,
579 2614 625 2668 scd
649 2623 739 2669 tamen
763 2631 816 2669 rron
839 2629 924 2687 pauca
947 2629 1017 2685 quae
1039 2613 1065 2666 iu
1086 2612 1229 2684 Epiphanii

204 2697 345 2754 codicibus
369 2697 510 2752 emendate
534 2698 632 2771 scripta
656 2707 721 2754 sunt
743 2716 793 2754 suo
817 2699 843 2753 in
862 2698 954 2754 codice
977 2697 1019 2752 rel
1034 2705 1163 2770 corrupta
1186 2697 1227 2752 sel

204 2781 283 2837 aliter
312 2782 412 2854 scripta
442 2782 541 2854 legisse
569 2782 705 2838 videatur:
740 2800 809 2857 quae
840 2800 891 2838 neo
920 2783 1020 2838 codicis
1050 2782 1108 2836 eius
1136 2799 1229 2856 neque

204 2867 299 2939 ipsius,
324 2866 372 2922 sed
395 2866 529 2922 editorum
553 2868 631 2941 culpa
655 2878 705 2931 est,
729 2869 776 2941 qui
791 2867 972 2924 deterioribus
996 2875 1100 2922 tautum
1124 2865 1229 2923 codici-

205 2951 256 3006 bus
279 2953 321 3006 usi
344 2961 417 3016 sunt,
449 2951 579 3025 neglectis
603 2953 648 3024 qui
670 2953 763 3026 plures
786 2962 934 3025 supersunt
956 2950 1163 3025 antiquioribus,
1196 2968 1229 3007 ex

204 3034 304 3110 quibus
328 3034 425 3091 librum
454 3037 528 3091 illum
558 3037 730 3092 emendatum
759 3056 818 3093 sum
849 3037 981 3092 editurus.
1026 3035 1123 3090 Eadem
1154 3035 1229 3091 baud

204 3120 287 3175 dubie
304 3113 614 3198 Ἀνακεφαλαιῶσεως
635 3122 775 3194 Epiphanii
804 3122 924 3177 conditio
948 3129 999 3184 est,
1032 3120 1138 3193 qualem
1162 3121 1229 3194 qui·

204 3205 265 3260 dem
288 3223 361 3260 nune
383 3222 415 3261 er
437 3222 492 3261 rino
515 3206 613 3262 editam
637 3206 730 3263 codice
746 3207 851 3262 lenensi
874 3205 1015 3269 babemus,
1039 3221 1156 3276 quocum
1181 3222 1230 3261 re·

203 3289 269 3362 liqui
293 3300 319 3344 et
343 3291 509 3346 recentiores
533 3301 560 3346 et
582 3292 733 3348 deteriores
766 3292 802 3347 ita
825 3292 999 3348 consentiunt
1029 3299 1059 3344 ut
1081 3288 1147 3344 nibil
1178 3307 1229 3346 us·

204 3390 284 3446 quam
319 3392 416 3430 norum
451 3384 479 3431 ct
507 3387 657 3432 memoratu
686 3377 797 3449 dignum
831 3374 988 3450 praebeant.
1044 3372 1228 3442 eramobrem

204 3475 303 3532 operae
326 3460 442 3532 pretium
466 3461 586 3515 lactarus
608 3479 668 3517 esse
691 3463 797 3517 ridetur
830 3462 876 3535 qui
899 3459 1112 3533 antiquissimam
1141 3458 1229 3516 libelli

204 3543 455 3616 interpretationem
471 3546 606 3617 Syriacam
623 3547 649 3602 in
666 3546 831 3602 ruonasterio
848 3546 965 3601 bitriaco
984 3554 1128 3617 repertam,
1153 3560 1229 3601 nunc

203 3627 231 3683 in
246 3627 339 3683 lluseo
357 3629 509 3684 Britannico
526 3638 698 3704 servarant),
723 3633 785 3687 edat
807 3638 838 3686 ut
860 3647 921 3686 cum
939 3638 1013 3686 textu
1029 3628 1132 3684 Graeco
1148 3645 1229 3684 com·

206 3761 232 3769 —
460 3759 516 3766 .--

272 3833 294 3876 at
321 3827 400 3875 Codes
422 3827 455 3884 (n,
478 3828 576 3881 121561
602 3831 705 3892 scriptus
725 3838 761 3879 est
779 3831 803 3880 in
822 3830 968 3879 membranis
986 3828 1076 3878 lormae
1095 3827 1227 3891 quadratae

203 3896 309 3954 maioris,
329 3896 421 3958 paginis
441 3897 463 3943 in
483 3905 532 3944 tres
552 3897 675 3946 columnas
689 3912 800 3948 versuum
816 3899 891 3948 dlrel
903 3897 943 3946 43.
963 3897 1051 3956 divisis,
1070 3897 1110 3959 qui
1131 3904 1229 3958 praeter

202 3962 248 4012 alia
267 3964 369 4012 aliorum
388 3964 504 4026 opuscula
517 3966 873 4030 bueceplrabaeosinliptpbanii
893 3967 1000 4015 continet
1018 3963 1228 4016 tellement.

203 4045 282 4094 utque
300 4033 329 4081 ad
348 4032 389 4082 1οΙ.
410 4031 466 4082 136.
480 4033 503 4080 b.
517 4034 538 4082 1.
575 4034 631 4082 Post
649 4050 711 4098 «pirae
730 4035 787 4084 lolio
810 4035 854 4084 131
871 4048 892 4082 a.
912 4034 1022 4096 sequitur
1041 4035 1131 4081 Graece
1151 4032 1228 4081 literis

203 4099 345 4161 capitalibus
364 4108 388 4150 et
406 4100 459 4150 sine
478 4102 617 4150 accentibus
636 4106 740 4166 scriptus
766 4103 834 4151 index
855 4094 995 4167 αἱρέσεων,
1024 4100 1101 4164 qualis
1121 4101 1144 4148 in
1165 4102 1228 4149 bna·

203 4165 355 4228 cepbalaeosi
376 4170 466 4217 Graeca
491 4167 576 4230 legitur
600 4185 623 4232 p.
644 4170 698 4219 121.
720 4171 775 4221 128.
796 4172 843 4220 l‘et.
868 4170 921 4225 (rol.
945 4171 965 4218 l.
990 4184 1013 4232 p.
1026 4168 1083 4218 228.
1103 4168 1160 4218 1119.
1188 4168 1227 4218 ed.

203 4238 309 4296 nostrae)
329 4237 371 4285 sed
389 4251 443 4287 cum
463 4238 605 4301 corruptelis
624 4240 747 4288 nominum
766 4253 813 4288 non
826 4239 909 4302 paucis
928 4246 951 4286 et
961 4238 1023 4288 vitiis
1034 4237 1227 4300 orthographicis
