2867 5084
233 916 295 978 574
459 923 663 974 σιιιυιιαοτ
680 921 777 973 xm
794 921 983 973 amm
997 923 1027 971 r.

230 1075 324 1161 χερσὶ
345 1076 528 1161 προφητῶν
550 1068 768 1158 ῶμοιῶθην·”
790 1074 888 1139 τοῦτο
912 1069 1006 1160 φωνή
1028 1070 1114 1138 υἱοῦ.
1154 1066 1201 1150 ῶς
1223 1072 1262 1139 δὲ

234 1174 268 1243 έν
293 1169 438 1256 Ἰεζεκιήλ
468 1175 540 1237 ’καὶ
570 1171 667 1254 ἔλαβέ
693 1196 736 1253 με
763 1172 894 1253 πνεῦμα
922 1171 1006 1236 θεοῦ
1033 1173 1087 1234 καὶ
1126 1169 1261 1254 ἐξέβαλέ

234 1296 276 1355 με
298 1270 346 1348 εἰς
367 1267 405 1334 τό
428 1269 545 1335 πεδίον
555 1271 578 1302 ·”
606 1271 705 1335 τοῦτο
735 1267 814 1352 περὶ
836 1262 931 1352 ἁγίου
957 1266 1158 1349 πνεύματος.
1204 1268 1258 1332 καὶ

234 1364 345 1433 πολλὰ
374 1367 445 1432 έστι
473 1369 612 1431 τοιαῦτα
643 1367 763 1450 λέγειν,
802 1353 847 1431 ὧν
881 1358 1000 1448 ὀλίγων
1034 1357 1105 1429 ἀπὸ
1137 1368 1259 1447 μέρους

234 1468 438 1550 μνησθέντες
459 1462 493 1528 ἐν
516 1463 714 1548 παραδρομῇ
738 1462 785 1539 εἰς
806 1461 846 1527 τὸ
868 1462 975 1539 δεῖξαι
997 1459 1055 1526 τόν
1067 1463 1257 1546 χαρακτῆρα

234 1565 292 1648 τῆς
325 1560 495 1645 ἐκκλησίας
526 1560 568 1625 τὰ
602 1558 660 1624 δὺο
693 1559 825 1644 ῥήματα
854 1563 1095 1641 παρεθέμεθα,
1129 1565 1281 1640 μυρίαιῦ

235 1656 340 1725 όντων
361 1660 414 1723 καί
439 1656 599 1734 ίπέκεινα,
623 1658 689 1721 τῶν
713 1651 838 1739 ὁμοίιον
857 1654 988 1732 τούτοις
1003 1653 1037 1721 έν
1052 1664 1130 1734 ταῖς
1144 1660 1256 1732 θείαις

234 1764 380 1841 γραφαῖς
407 1754 555 1830 παλαιᾶς
582 1778 619 1819 τε
650 1757 703 1819 καί
732 1756 845 1838 καινῆς
880 1751 1043 1838 διαθήκης
1072 1751 1256 1837 ίμφερομέ·

236 1877 310 1918 νων,
348 1852 401 1916 καί
419 1845 471 1914 ότι
486 1844 585 1926 αὐτὸς
601 1846 619 1914 ὁ
634 1849 746 1932 κύριος
761 1850 887 1917 έπλασε
907 1848 946 1915 τὸ
969 1850 1066 1931 σῶμα
1087 1852 1138 1934 τῷ
1150 1846 1255 1930 Ἀδὰμ

197 1950 288 2022 ιοκαὶ
312 1946 504 2013 ἐνέπνευσεν
526 1939 614 2030 αύτῷ
636 1946 743 2031 πνοήν
767 1947 863 2033 ζωῆς,
896 1953 1010 2023 κτίσας
1036 1939 1127 2031 αῦτηῦ
1152 1945 1257 2031 ψυχήν

235 2045 360 2125 ζῶσαν,
393 2046 446 2109 καὶ
476 2039 530 2108 ότι
556 2038 655 2121 αὐτὸς
677 2045 798 2111 δέδωκε
819 2044 877 2110 τὸν
906 2043 1007 2126 νόμον
1035 2047 1083 2127 τῷ
1101 2045 1257 2109 ΙΜωυσεῖ

236 2137 369 2219 όθεός,
392 2140 502 2225 πατὴρ
524 2143 578 2206 καὶ
601 2142 672 2218 υἱός
695 2143 748 2207 καὶ
772 2137 866 2225 ἅγιον
885 2143 1025 2223 πνεῦμα,
1049 2134 1069 2225 ἡ
1090 2146 1156 2223 μία
1177 2139 1256 2207 θεό

234 2265 309 2325 της,
346 2240 400 2305 καί
429 2234 481 2304 ότι
510 2239 543 2304 οἱ
570 2241 745 2325 προφῆται
777 2234 846 2304 ύπὸ
877 2241 936 2324 τῆς
968 2231 1068 2322 αύτῆς
1094 2236 1256 2322 θεότητος

236 2331 482 2423 ἀπεστάλησαν,
518 2338 572 2401 καλ
596 2332 649 2401 ότι
671 2330 770 2413 αῦτὸς
790 2331 868 2421 ἡμῖν
891 2330 909 2400 ὁ
931 2333 1021 2412 θεός,
1053 2329 1071 2399 ό
1091 2327 1255 2402 Ἰουδαίων

200 2457 272 2507 ιῡτε
300 2437 355 2500 καὶ
384 2436 598 2518 Χριστιανῶν
627 2426 673 2499 ῶν
708 2432 807 2511 θεὸς,
847 2428 1021 2509 Ἰουδαίους
1047 2457 1084 2498 τε
1118 2434 1277 2509 καλέσσςυ

236 2530 285 2608 εἷς
317 2532 506 2609 δικαίωσιν,
544 2529 622 2608 τοὺς
649 2530 692 2616 μή
722 2524 942 2614 ἀρνουμένους
969 2529 1028 2614 τήν
1055 2532 1117 2594 τοῦ
1146 2536 1254 2612 κυρίου

234 2624 328 2715 ἡμῶν
358 2622 461 2713 Ἰησοῦ
494 2634 697 2712 παρουσίαν,
734 2629 788 2693 καὶ
822 2626 951 2703 πάντας
984 2624 1152 2706 σώζοντος
1182 2623 1255 2703 τούς

232 2724 319 2790 κατὰ
339 2723 398 2808 τήν
421 2718 584 2810 ἀληθινήν
607 2719 707 2791 αότοῦ
731 2721 848 2791 πίστιν
868 2727 1023 2809 βιοῦντας
1052 2723 1109 2790 καὶ
1132 2724 1177 2809 μῆ
1201 2718 1254 2804 ἀρ-

234 2826 413 2903 νουμένους
433 2820 492 2907 τήν
515 2815 678 2907 ἀλήθειαν
707 2825 768 2887 τοῦ
789 2821 993 2907 κηρύγματος
1013 2822 1072 2906 τῆς
1094 2814 1255 2906 ἀληθινῆς

197 2911 442 3001 ωεύαγγελικῆς
475 2911 576 2983 αὐτοῦ
609 2920 834 2996 διδασκαλίας.
882 2908 968 3005 ἦλθε
994 2916 1072 3002 γὰρ,
1106 2907 1211 3004 ἦλθεν
1236 2910 1253 2981 ό

234 3012 421 3101 μονογενής,
451 3016 504 3080 καὶ
528 3011 634 3094 οὕτως
662 3016 727 3098 ἔχει
756 3011 901 3102 ήμήτηρ
930 3010 1022 3101 ήμῶν
1045 3013 1209 3102 ἐκκλησία,
1236 3007 1252 3078 ό

173 3144 182 3156 ε
234 3112 333 3199 λιμήν
357 3107 375 3177 ό
398 3108 507 3190 εόδιος
529 3116 587 3199 τῆς
609 3112 747 3199 εἰρήνης,
770 3108 971 3199 ήεῦφρασία
993 3107 1181 3197 ήπνέαυσα
1201 3109 1252 3196 τήν

234 3209 355 3294 κύπριν
383 3215 442 3296 τῆς
472 3205 639 3294 ἀμπέλου,
676 3213 731 3275 καὶ
763 3209 884 3294 βότρυν
912 3214 1061 3295 φέρουσα
1089 3205 1171 3296 ήμῖν
1200 3211 1252 3292 τῆς

235 3302 394 3391 εὐλογίας,
429 3305 485 3373 καὶ
512 3306 551 3372 τό
579 3308 760 3373 λυσίπονον
789 3302 867 3392 ἡμῖν
894 3305 988 3389 πόμα
1015 3299 1093 3372 καθ’
1119 3306 1300 3392 ἑκόστητιωῐ

196 3399 368 3490 τῠήμέραν,
392 3398 475 3487 αἷμα
495 3408 646 3487 Χριστοῦ
667 3405 862 3490 χαριζομένη
886 3401 1035 3487 ἀκρατον,
1060 3396 1197 3488 ἀληθές.

324 3509 372 3567 15.
392 3497 467 3567 ίΌτι
489 3495 659 3587 ἀληθινῶς
681 3499 838 3587 ἐγεννήθη
862 3500 1009 3586 Χριστὸς
1031 3493 1102 3567 ἀπό
1120 3507 1250 3583 Μαρίας

235 3600 294 3683 τῆς
310 3592 537 3681 ἀειπαρθένου
560 3597 617 3663 διὰ
639 3597 827 3681 πνεύματος
850 3595 954 3683 ἁγίου,
978 3591 1036 3663 οόκ
1059 3591 1132 3664 ἀπὸ
1156 3602 1250 3679 σπέρ-

233 3720 340 3778 ματος
368 3691 502 3778 ἀνδρὸς,
537 3689 611 3760 ἀλλ’
642 3690 705 3761 ἀπ’
738 3690 838 3780 αῦτῆς
872 3697 930 3783 τῆς
957 3690 1054 3779 ἁγίας
1081 3700 1249 3780 παρθένου

236 3793 346 3877 λαβὼν
379 3793 417 3857 τό
451 3795 548 3875 σῶμα
588 3791 621 3858 έν
655 3788 815 3880 ἀληθείᾳ,
858 3796 912 3858 καὶ
952 3786 1010 3858 οῦκ
1043 3791 1078 3858 ἒν
1112 3792 1248 3879 δοκήσει,

196 3889 340 3973 δθσόρκα
373 3884 553 3973 ἀληθινῶς,
590 3892 687 3971 σῶμα
721 3883 907 3972 ἀληθινῶς,
945 3888 1005 3955 σὺν
1038 3882 1172 3968 ἀπίοις
1203 3887 1248 3955 καὶ

154 3978 156 3983 ’
235 3987 362 4068 νεύροις
396 3990 452 4050 καὶ
484 3989 571 4052 πᾶσι
600 3997 672 4064 τοῖς
703 3981 890 4070 ἡμετέροις,
929 3986 1032 4071 μηδὲν
1067 3980 1133 4073 ἀφ’
1166 3981 1249 4073 ῆμῶι

235 4084 470 4166 διηλλαγμένος
492 4078 512 4169 ἢ
533 4081 635 4160 μόνον
656 4082 696 4148 τὸ
720 4082 852 4161 ἔνδοξον
877 4084 936 4170 τῆς
957 4077 1060 4149 αὐτοῦ
1083 4078 1250 4170 ἁγιότητος

234 4179 288 4243 καὶ
311 4179 473 4265 θεότητος
499 4182 555 4247 καί
582 4179 716 4256 σκεύους
747 4175 931 4266 ἁγιωσύνης
952 4183 1005 4247 καὶ
1035 4180 1250 4266 δικαιοσύνης.
