2867 5084
446 954 551 1008 mx.
568 942 835 1009 νικνκκαωιεαιζ
1093 947 1157 1008 513

132 1099 199 1175 “οῦ
222 1108 257 1174 αλ
277 1118 383 1191 χεῖρες
405 1102 444 1173 οῦ
466 1107 569 1193 μόνον
591 1106 697 1193 ἐαυτῷ
721 1106 892 1194 ἐπήρκουν,
916 1101 1002 1174 ἀλλὰ
1017 1116 1070 1175 καί
1086 1120 1158 1189 τοῖς

133 1209 293 1273 συνοῦσιν
315 1200 438 1290 αῦτῷ·”
460 1198 517 1270 οῦκ
540 1194 614 1270 οῦσι
638 1205 674 1270 δὲ
696 1204 833 1283 ἐκείνοις
855 1199 978 1289 ἀργοῖς,
1001 1200 1069 1271 ἀλλ’
1088 1205 1157 1290 ἅμα

133 1306 370 1387 συμπαροῦσιν
397 1297 487 1387 αὐτῷ
516 1301 550 1369 ἐν
577 1305 616 1388 τῇ
646 1302 799 1388 ἐργασίᾳ·
837 1299 882 1380 ὥς
910 1326 977 1368 που
999 1308 1157 1387 καυχᾶται

96 1403 249 1486 (ἱλέγων,
274 1399 422 1466 διδάσκει
444 1425 481 1466 τε
502 1405 696 1485 σαφέστατα
720 1395 758 1463 “ό
772 1399 817 1487 μὴ
841 1399 1053 1483 ἐργαζόμενος
1074 1404 1156 1488 μηδὲ

133 1498 308 1565 ἐσθιέτω.”
336 1499 424 1574 τινὲς
446 1498 481 1562 δὲ
496 1500 562 1562 τῶν
577 1502 824 1580 προειρημένων
840 1490 1002 1582 ἀδελφῶν,
1027 1496 1072 1576 ὡς
1087 1494 1179 1564 ἀπὸο

132 1599 195 1662 τοῦ
212 1594 313 1680 Μάνη
328 1593 560 1679 μεμαθηκότες
580 1593 672 1675 τάχα,
696 1589 736 1660 ἵν’
763 1589 868 1671 οὕτως
890 1597 986 1671 εἴπω,
1010 1599 1068 1659 τοῦ
1086 1591 1154 1662 ἀπὸ

131 1694 303 1776 Περσίδος
324 1686 573 1808 ἀναβεβηκότος,
608 1688 705 1756 άτινα
734 1685 792 1756 οῦκ
815 1691 908 1779 ἐχρῆν
932 1688 1037 1770 οὕτως
1060 1688 1154 1771 εἶναι,

133 1801 274 1886 σκοπεῖν
297 1790 332 1855 δὲ
354 1790 480 1872 μᾶλλον
502 1812 579 1866 τους
593 1787 767 1865 τοιούτους
791 1785 1041 1873 παραγγέλλει“
1025 1815 1043 1853 ο
1059 1797 1156 1868 θεῖος

132 1888 232 1972 λόγος
253 1887 330 1964 τοὺς
350 1888 453 1972 μηδεν
475 1886 602 1970 ἐργαζογ
602 1892 717 1963 ιένοις
760 1886 951 1971 πεπλάνηκε
972 1887 1034 1971 γάρ
1055 1913 1155 1954 τινων

130 1983 193 2074 τὴν
222 1985 331 2070 οιήσιν
361 1980 379 2048 ό
409 1978 550 2095 λόγοςί
535 2007 552 2047 ο
582 1981 675 2066 παρὰ
702 1985 750 2068 τῷ
779 1987 903 2071 σωτῆρι
935 2009 1046 2068 γεγρα
1033 1990 1156 2066 ιμένος
1167 1999 1194 2049 10

132 2081 335 2166 “ἐργάζεσθε
356 2080 399 2169 μὴ
423 2078 481 2169 τήν
503 2084 628 2164 βρῶσιν
650 2078 708 2167 τὴν
728 2075 967 2165 ἀπολλυμένην,
992 2077 1129 2146 ἀλλὰ
1097 2107 1154 2169 την

128 2185 297 2263 μένουσαν
320 2179 366 2256 εἷς
390 2176 473 2264 ζωὴν
497 2177 663 2244 αέιόνιον.”
697 2179 868 2260 νομίζουσι
885 2177 968 2244 δὲ
934 2204 992 2265 την
1009 2175 1155 2244 ἀπολλυ·

96 2282 235 2361 ῃμένην
263 2271 348 2343 εἶναι
377 2274 436 2364 τήν
464 2275 563 2363 καλὴν
592 2273 763 2358 ἐργασίαν,
801 2265 839 2363 ἧς
866 2276 913 2352 εἰς
946 2277 1155 2361 δικαιοσύνην

131 2375 250 2458 ἔχομεν
270 2373 329 2438 τόν
350 2373 512 2456 κάματον·
546 2368 618 2460 ἥτις
648 2371 833 2455 ἐπληροῦτο
863 2372 897 2438 ἐν
917 2369 1067 2457 Ἀβραὰμ
1099 2373 1155 2438 διὰ

129 2476 192 2538 τοῦ
220 2471 346 2553 μόσχου
375 2473 427 2535 καὶ
452 2469 485 2536 ἐν
508 2472 548 2555 τῇ
570 2477 796 2555 καματουργίφ
816 2474 875 2558 τῆς
894 2468 995 2554 χήρας
1018 2469 1075 2536 διὰ
1095 2475 1154 2535 τοῦ
1167 2492 1193 2540 15

126 2567 253 2648 Ἠλίου,
276 2572 330 2635 καί
354 2567 387 2633 ἐν
410 2571 449 2653 τῇ
473 2565 609 2653 ἐργασίᾳ
630 2571 689 2631 τοῦ
709 2563 781 2651 Ἰὼβ
803 2570 859 2633 διὰ
876 2571 943 2633 τῶν
959 2562 1058 2632 αάτοῦ
1074 2575 1155 2634 παί-

131 2669 201 2733 δων
223 2669 276 2732 καὶ
299 2664 471 2752 κτημάτων
499 2666 551 2730 καὶ
576 2665 710 2730 πάντων
738 2669 804 2730 τῶν
832 2669 891 2729 τοῦ
913 2669 997 2731 θεοῦ
1029 2664 1155 2731 δούλων

129 2768 200 2831 τῶν
223 2763 269 2841 εἷς
292 2762 502 2848 δικαιοσύνην
524 2761 713 2844 καμνόντων
736 2767 810 2840 ταῖς
833 2762 934 2840 ἰδίαις
953 2766 1074 2846 χερσὶν,
1108 2764 1155 2842 εἰς
1180 2756 1187 2764 ”

129 2861 171 2927 τὸ
196 2861 351 2944 ἐπαρκεῖν
372 2863 425 2926 καὶ
448 2870 521 2938 τοῖς
542 2859 755 2943 ἐνδυομέναις,
773 2859 894 2938 -καθιὺς
908 2863 960 2925 καί
979 2861 1011 2927 ἐν
1028 2861 1154 2946 ἑκάστην

129 2966 353 3045 μοναστηρίῳ,
378 2959 410 3025 ἐν
432 2983 469 3024 τε
489 2961 528 3043 τῇ
544 2960 610 3023 τῶν
625 2957 826 3043 Αἰγυπτίων
847 2957 937 3044 χώρᾳ
958 2960 1013 3023 καί
1036 2958 1069 3024 ἐν
1088 2959 1193 3025 ποί-το

131 3081 210 3136 σσις
237 3057 359 3141 χώραις
387 3052 474 3121 οὕτω
506 3055 685 3136 κάμνουσιν
722 3055 769 3132 είς
803 3054 1028 3140 δικαιοσύνην·
1062 3052 1107 3132 ὡς
1133 3052 1152 3142 ἦ

131 3157 281 3238 μέλιττα,
304 3156 394 3237 χερσί
417 3154 476 3236 μὲν
500 3155 618 3234 ἐχουσα
640 3152 697 3215 τὸν
719 3151 817 3236 κηρὸν
838 3154 895 3238 τῆς
910 3151 1073 3233 ἐργασίας,
1096 3151 1154 3236 τὴν

85 3271 119 3320 m
133 3254 169 3319 δὲ
193 3251 324 3334 ψεκάδα
345 3254 405 3316 τοῦ
426 3252 559 3333 μέλιτος
582 3249 615 3314 ἐν
637 3251 684 3333 τῷ
707 3248 858 3330 στόματι,
882 3247 965 3328 μετὰ
986 3251 1044 3334 τῆς
1068 3248 1154 3324 ἐδίας

130 3346 316 3434 ῦμνηγόρου
340 3351 452 3437 φωνῆς
473 3347 531 3412 τόν
553 3349 619 3411 τῶν
641 3344 777 3410 πάντων
801 3343 966 3427 δεσπότην
991 3344 1075 3410 κατὰ
1095 3345 1153 3433 την

132 3447 222 3514 ίδίαν
256 3447 417 3532 αἴσθησιν
448 3441 612 3527 ῦμνοῦσα,
652 3437 696 3520 ιῦς
723 3442 778 3508 καὶ
806 3441 967 3523 Σολομὼν
994 3453 1192 3527 μαρτυρεῖτε

131 3541 187 3610 ότι
210 3543 288 3631 ’τὴν
311 3550 435 3630 σοφίαν
457 3540 625 3628 τιμήσασα
647 3539 833 3630 προήχθη,”
862 3537 949 3605 αῦτω
971 3543 1023 3605 καί
1048 3540 1080 3605 οί
1094 3544 1153 3605 τοῦ

131 3647 217 3709 θεοῦ
240 3643 353 3707 δοῦλαι
382 3640 414 3705 αί
443 3634 579 3726 ἀληθῶς
608 3638 665 3705 ἐπὶ
693 3642 752 3726 τῆς
781 3641 916 3722 στερεᾶς
945 3644 1070 3723 πέτρας
1097 3641 1154 3726 τῆς

133 3735 297 3823 ἀληθείας
317 3739 598 3820 τεθεμελιωμένοι
625 3739 680 3802 καί
709 3735 766 3801 τόν
796 3731 885 3801 ολκον
913 3731 1020 3801 αῦτιῦν
1044 3733 1154 3822 ἀσφα-

131 3838 199 3915 λῶς
222 3836 473 3918 οἰκοδομοῦντες
502 3833 603 3912 ίδίαις
623 3836 715 3916 χερσὶ
742 3832 802 3912 τὰς
824 3833 948 3911 λεπτάς
972 3829 1079 3899 αῦτιῦν
1103 3831 1155 3914 ἐρ-

130 3941 251 4019 γασίας
273 3933 464 4018 ἐργάζονται
486 3931 569 3996 κατὰ
583 3930 642 4014 τὴν
658 3929 796 3996 ἑκάστου
812 3936 934 4016 τέχνην.
965 3930 998 3996 ἐν
1015 3928 1153 4012 στόματι
1164 3943 1194 3992 30

133 4032 169 4098 δὲ
192 4030 308 4113 σχεδὸν
335 4034 450 4096 πᾶσαν
471 4035 571 4095 θείαν
591 4025 721 4114 γραφὴν
750 4022 1022 4111 ἀπαγγέλλουσιν,
1053 4021 1155 4112 ἀκμη-

131 4135 165 4194 τί
179 4153 217 4194 τε
231 4126 286 4194 καὶ
303 4121 429 4205 ἀόκνως
445 4125 562 4208 συχνὰς
577 4128 755 4191 ποιοῦνται
771 4123 830 4201 τὰς
847 4119 1038 4209 ἀγρυπνίας,
1055 4127 1154 4188 τοῦτο

105 4227 194 4309 εμὲν
217 4224 252 4292 ἐν
274 4219 394 4308 εῦχαίς,
422 4227 521 4291 τοῦτο
545 4225 581 4289 δὲ
609 4223 644 4290 ἐν
665 4222 890 4307 ψαλμῳδίαις,
924 4221 1097 4302 ἐνδελεχῶς
1120 4222 1155 4287 δὲ
