2867 5084
554 1027 649 1082 mx.
666 1031 937 1083 ιυιειοιοιιιιτιι.
1196 1023 1258 1086 217

234 1177 277 1244 τὰ
300 1177 489 1262 σύμπαντα,
514 1174 618 1263 ὁρατά
639 1206 676 1248 τε
696 1185 750 1248 καὶ
775 1176 911 1266 όόρατα,
935 1185 1055 1272 ταύτην
1070 1184 1129 1270 τὴν
1145 1184 1260 1273 φωνήν

235 1275 271 1342 ἐκ
303 1276 492 1360 προσώπου
524 1281 582 1364 τῆς
614 1273 715 1344 αὐτοῦ
744 1279 906 1363 θεότητος
934 1283 1038 1365 λέγειν
1068 1289 1150 1349 “θεέ
1183 1307 1258 1369 μου,

206 1379 299 1440 εθεέ
320 1396 397 1457 μου,
425 1373 481 1440 ἵνα
501 1381 536 1441 τέ
557 1401 599 1458 με
621 1376 867 1461 έγαατέλιπες,·”
889 1378 974 1445 πότε
994 1378 1056 1463 γὰρ
1078 1381 1260 1465 ἐγκατελεί-

235 1477 311 1558 ῳθη
335 1470 406 1549 υἱὸς
430 1466 500 1537 όπὸ
523 1472 659 1559 πατρὸς,
683 1472 768 1540 πότε
791 1474 827 1539 δὲ
850 1468 907 1556 οόχ
931 1471 948 1539 ὁ
972 1476 1043 1554 υἱὸς
1064 1476 1099 1543 έν
1121 1481 1167 1563 τῳ
1191 1504 1259 1545 πα·

232 1571 287 1653 τρὶ
312 1570 366 1635 καλ
390 1564 407 1633 ὃ
431 1567 541 1655 πατὴρ
564 1569 598 1636 έν
620 1571 700 1657 M,-
727 1570 782 1637 ἐπὶ
806 1574 864 1656 γης
885 1573 945 1655 μὲν
967 1571 1028 1656 γὰρ
1063 1570 1175 1652 όυῖός
1202 1577 1282 1646 nais

236 1663 254 1732 ό
278 1665 361 1744 θεὸς
383 1665 480 1755 λόγος
500 1668 647 1754 βεβήκει,
671 1662 811 1750 οὐρανοῦ
835 1669 872 1735 δὲ
893 1665 1035 1755 ἥπτετο,
1058 1673 1111 1736 καὶ
1136 1672 1258 1750 πάντες

235 1764 353 1849 έχθροὶ
388 1763 590 1849 ἐπληροῦντο
622 1768 681 1849 τῆς
713 1759 815 1830 αδτοῦ
846 1765 952 1853 δόξης.
997 1769 1050 1833 καὶ
1080 1767 1115 1834 έν
1136 1775 1258 1856 Μαρίᾳ

232 1862 396 1946 έτόγχαυε,
419 1864 473 1927 καὶ
497 1859 681 1945 ἅνθρωπος
703 1862 845 1947 ἐγένετο,
869 1858 954 1930 ἀλλὰ
975 1869 1014 1951 τῇ
1039 1866 1176 1948 δυνάμει
1199 1863 1258 1932 αό·

231 1962 294 2025 τοῦ
323 1957 468 2043 ἐπλήρου
497 1957 539 2026 τὰ
567 1958 754 2042 σύμπαντα.
800 1964 875 2039 πῶς
903 1951 960 2027 οῦν
989 1957 1007 2027 ό
1030 1967 1182 2042 τοιοῦτος
1202 1969 1257 2030 καλ

233 2058 428 2142 τηλικοῦτος
459 2055 542 2122 κατὰ
575 2054 635 2142 τήν
668 2053 769 2123 αὐτοῦ
805 2058 951 2144 θεότητα
984 2059 1122 2144 οἰκτρῶς
1150 2062 1296 2145 ἓλεγευιο

235 2149 316 2240 “η’λὶ
340 2147 411 2239 ήλλ,
448 2154 535 2240 λημῦ
564 2159 775 2239 σαβαχθακέ”
811 2162 962 2222 τουτέστι
992 2163 1052 2223 θεέ
1087 2181 1167 2239 μου,
1196 2163 1257 2224 θεέ

234 2274 311 2335 μου,
336 2251 390 2317 ἵνα
405 2257 439 2317 τέ
453 2251 664 2334 ἐγκατέλιπές
677 2277 736 2335 με,·
759 2258 869 2318 καίτοι
884 2247 985 2318 αὐτοῦ
1002 2256 1153 2337 λέγοντος
1169 2254 1258 2320 “πό-

204 2350 288 2417 ολιν
311 2342 509 2432 όιπέρχομαι,
531 2351 584 2415 καὶ
608 2345 666 2414 οῦκ
689 2344 781 2435 όῳέω
804 2345 888 2431 ὑμᾶς
911 2343 1085 2435 ὀρφανοὺς,
1110 2345 1179 2416 ἀλλ’
1205 2354 1258 2433 ἕρ-

231 2471 337 2530 χομαι
351 2446 438 2529 πρὸς
451 2441 564 2529 ῦμῦς”.
584 2449 637 2512 καὶ
654 2446 757 2512 πόλιν
767 2444 807 2512 -έν
823 2445 923 2531 ἑτέρην
938 2446 1033 2533 τόπῳ
1049 2449 1135 2532 λέγει
1151 2443 1259 2534 “ἆμην

232 2547 318 2629 λέγω
341 2539 435 2627 ὑμῖν,
464 2542 587 2622 πάντες
609 2539 703 2626 ὑμεῖς
727 2543 1061 2630 σκανδαλισθήσεσθε
1083 2545 1118 2612 έν
1139 2548 1179 2632 τῇ
1202 2567 1296 2616 rv-15

231 2646 286 2708 κτλ
312 2639 414 2727 ταύτῃ
444 2640 479 2707 έν
501 2640 590 2724 ἐμοὶ,
622 2646 675 2706 καὶ
698 2642 916 2724 καταλείψετε
936 2665 978 2723 με
1000 2641 1122 2721 πάντες
1143 2641 1255 2725 μόνον,

234 2733 305 2805 ἀλλ’
331 2734 389 2804 οῦκ
418 2738 486 2820 εἰμὶ
513 2736 630 2821 μόνος,
660 2733 728 2805 ἀλλ’
755 2737 826 2804 ἔστι
853 2733 920 2821 μετ’
946 2738 1026 2821 ἐμοῦ
1054 2736 1072 2804 ὁ
1099 2739 1257 2825 γεννήσας

232 2861 274 2919 με
297 2833 434 2921 πατήρ”.
463 2841 516 2900 καὶ
541 2834 644 2902 πόλιν
667 2834 885 2918 “ἆπέρχομαι,
908 2840 961 2901 καὶ
985 2832 1162 2904 ἀποστελῶ
1179 2833 1256 2920 ὑμῖν

233 2933 272 2999 τὸ
296 2935 427 3016 πνεῦμα
448 2933 488 2997 τὸ
511 2928 620 3016 ἅγιον,
646 2933 685 2997 τὸ
708 2933 743 2999 έκ
764 2937 824 2998 τοῦ
847 2933 974 3017 πατρὸς
997 2933 1255 3018 ἐκπορευόμενον

231 3029 351 3097 καὶτὸ
373 3029 452 3112 ἐμοῦ
476 3029 671 3114 λαμβάνον”.
702 3033 755 3096 καὶ
779 3030 882 3096 πόλιν
905 3031 938 3096 έν
954 3029 1043 3116 ἄλλῳ
1059 3031 1154 3118 τόπῳ
1171 3032 1294 3117 “έγα“ιεο

234 3127 358 3211 κροῦιο,
386 3129 441 3193 καὶ
470 3125 527 3193 ἐάν
555 3132 606 3205 τίς
632 3150 693 3211 μοι
722 3122 852 3213 ἆνοέξη,
883 3126 1142 3210 εἷσελευσόμεθα
1170 3129 1256 3213 πρὸς

236 3219 340 3291 αὐτόν
360 3223 422 3309 ἐγὼ
444 3227 497 3290 καὶ
523 3220 540 3288 ὃ
562 3223 671 3310 πατήρ
690 3248 765 3305 μου,
789 3228 841 3290 καὶ
857 3224 961 3310 μονήν
976 3225 1159 3311 ποιήσομεν
1175 3222 1253 3308 παρ’

183 3317 362 3407 Μαῦτηῦ,”
385 3318 431 3399 ὥς
453 3316 553 3387 αῦτοῦ
577 3321 611 3388 ἐκ
632 3325 691 3387 τοῦ
714 3320 843 3404 πατρὸς
863 3321 906 3407 μὴ
931 3322 1257 3405 έγκαταλιμπανομὲ-

232 3444 311 3499 νου,
340 3414 386 3497 ὥς
413 3424 466 3484 καλ
497 3413 516 3483 ὁ
544 3418 654 3505 πατὴρ
677 3413 729 3484 ἀεὶ
752 3418 812 3484 σὺν
832 3421 880 3503 τῷ
902 3419 981 3502 υἱῷ,
1011 3414 1056 3498 ὡς
1077 3423 1136 3485 τοῦ
1160 3414 1255 3504 ἁγίου

231 3516 424 3599 πνεύματος
446 3515 505 3582 σῦν
527 3518 629 3599 πατρὶ
651 3519 705 3581 καὶ
729 3515 800 3601 υἱῷ.
894 3547 898 3554 =
1263 3539 1295 3589 25

321 3619 373 3681 64.
407 3618 449 3679 Τέ
470 3602 538 3692 οῦν,
561 3615 674 3700 φασὶν,
698 3612 788 3679 ἔστιν
812 3608 830 3676 δ
853 3612 949 3697 λόγος
971 3602 1068 3692 οὗτος
1090 3612 1126 3680 ὃν
1150 3609 1253 3694 εἶπεν,

230 3709 289 3780 ότι
313 3715 402 3778 “θεέ
422 3734 501 3795 μου,
531 3717 593 3778 θεέ
613 3735 695 3793 μου,
724 3711 779 3777 ἵνα
802 3717 836 3776 τί
856 3736 898 3793 με
921 3711 1167 3796 ἐγκατέλιπες,·”
1188 3718 1256 3778 τίνι

230 3810 270 3877 δὲ
300 3803 340 3875 οῦ
368 3809 477 3895 σαφές
504 3809 553 3893 εἴη
583 3804 636 3874 ὅτι
658 3804 728 3874 ἀπὸ
750 3808 937 3892 προσώπου
958 3811 1017 3894 τῆς
1039 3802 1140 3873 αὐτοῦ
1163 3808 1257 3874 ἔναν-

228 3904 448 3991 θρινπήσεως
475 3899 769 3989 ἆνθρωποπαθιῦς
790 3905 1016 3988 προβάλλεται
1037 3904 1076 3970 τὸ
1099 3905 1204 3990 (λήμας
1234 3900 1254 3990 ἡ

228 4004 297 4092 γὰρ
326 3997 427 4068 αὐτοῦ
456 4001 712 4089 έκανθριῦπηοις
741 3997 780 4067 οῦ
802 3997 869 4068 κατ’
896 4001 983 4068 ἰδέαν
1003 4027 1056 4080 τις
1078 3990 1171 4066 οὖσα.
1216 3997 1295 4071 οῦεο

229 4101 296 4189 γὰρ
325 4094 635 4186 ἇποκεχωρισμένης
661 4103 720 4187 τῆς
753 4098 914 4184 θεότητος
941 4101 994 4165 καὶ
1022 4100 1122 4181 χωρὶς
1154 4095 1257 4185 οῦσης

229 4202 293 4287 τῆς
315 4196 604 4285 ἔκακθριυπήσεως
624 4198 733 4282 ἔλεγεν
755 4192 800 4274 ὡς
822 4193 924 4262 όλλου
945 4198 999 4261 καὶ
1023 4192 1140 4273 όλλου,
1172 4190 1257 4262 ἀλλὰ

199 4301 469 4384 οσυνηλωμένης
495 4297 555 4381 τῆς
588 4293 878 4382 έκανθρωπήσεως
908 4295 948 4380 τῇ
984 4290 1139 4379 θεότητι,
1176 4296 1257 4378 μιᾶς
