2867 5084
234 941 304 1005 '418
453 951 661 1003 τπιυειπου
677 950 774 1001 xm
791 950 979 1001 ειυυτεαιυ
994 952 1024 1001 τ.

239 1109 298 1173 τοῦ
322 1102 417 1180 ὸντος
446 1101 481 1181 ἐξ
502 1096 603 1167 αὐτοῦ
625 1093 693 1166 κατ’
718 1094 834 1166 οὸσίαν
861 1106 1123 1189 γεγεννημένοις,
1159 1101 1271 1188 πάρεξ

239 1203 343 1286 μόνου
366 1195 467 1265 αὸτοῦ
489 1201 542 1264 καὶ
569 1201 625 1263 τοῦ
649 1197 837 1280 πνεύματος
858 1202 916 1264 τοῦ
940 1195 1046 1283 ἁγίου,
1067 1204 1128 1266 τοῦ
1151 1200 1187 1267 ἐκ
1207 1203 1270 1285 τῆς

241 1293 366 1374 οὸσίας,
389 1299 448 1362 τοῦ
472 1292 667 1380 άσυγιρέτου
689 1294 818 1378 πατρὸς
834 1296 889 1361 καὶ
904 1300 962 1362 τοῦ
977 1300 1178 1381 μονογενοῦς
1168 1297 1268 1363 υἱοῦ

241 1388 341 1459 αῦτοῖ
365 1390 470 1472 ὄντος,
495 1388 694 1478 άτοπωτάτη
718 1418 758 1458 αν
782 1392 832 1477 εὸη
855 1415 916 1459 σου
940 1389 958 1478 ἡ
982 1392 1152 1480 ὁμολογία.
1192 1397 1268 1471 πῶς

217 1506 232 1555 5
239 1516 301 1578 γαρ
325 1485 429 1557 ἔτι
398 1515 444 1568 εις
468 1490 563 1556 έκ
517 1517 583 1555 των
599 1488 744 1567 πάντων,
769 1488 804 1567 ἐξ
825 1478 865 1554 οῦ
886 1491 998 1557 πάντα
1020 1492 1056 1571 ἐξ
1076 1488 1139 1557 οῦκ
1159 1489 1265 1558 ὄντων

240 1595 427 1675 γεγένηται,·
462 1583 623 1652 ἀδύνατον
646 1585 707 1669 γὰρ
730 1589 840 1663 τοῦτο,
868 1590 924 1654 καὶ
946 1582 1017 1654 οὐδ’
1043 1584 1142 1668 αὐτὸς
1164 1591 1265 1654 τοῦτο

242 1688 377 1765 λέξειας.
425 1682 469 1768 μη
499 1682 709 1763 ἐνδεχομένου
739 1685 775 1749 δὲ
804 1686 862 1748 τοῦ
891 1680 991 1750 αὐτὸν
1026 1680 1112 1753 εἶναι
1146 1682 1265 1770 ὅμοιον

240 1779 261 1868 ἢ
285 1784 358 1848 ἰ’σον
379 1792 452 1857 τοῖς
474 1781 509 1858 ἐξ
531 1773 631 1844 αὐτοῦ
655 1779 690 1857 ἐξ
712 1775 771 1845 οῦκ
794 1778 897 1847 ὸντανν
920 1782 1098 1867 γεγονόσιν,
1133 1778 1267 1850 ἀνένδε-

240 1879 316 1945 κτόν
340 1878 411 1945 ἐστι
432 1876 473 1943 τὸ
496 1872 597 1957 ὅμοια
613 1870 712 1943 αὐτὸν
728 1876 869 1958 πάσχειν
884 1890 956 1956 τοῖς
971 1877 1144 1963 ἀνομοίοις
1162 1876 1266 1966 αὐτῷ,

205 1973 293 2055 ίθοῖς
315 1973 353 2041 τὸ
377 1969 462 2040 εἶναι
484 1968 568 2038 αὐτὸ
591 1971 626 2050 ἐξ
647 1968 749 2038 αὐτοῦ
777 1974 812 2054 ἐξ
845 1970 903 2040 οὐκ
932 1974 1036 2043 ὸνταιν
1069 1982 1123 2044 καί
1154 1978 1270 2044 πάντα

241 2075 283 2140 τὰ
305 2074 339 2139 έν
367 2067 552 2147 αὖτοῖς,ο
556 2064 585 2146 ἷς
616 2078 790 2152 συμβαίνει
817 2072 901 2138 κατὰ
927 2080 1081 2160 στέρησιν
1110 2070 1198 2141 εἶναι
1227 2074 1271 2141 τὸ

243 2166 399 2238 ἐναντίον.
446 2194 487 2232 ιιι
508 2168 568 2249 μὲν
591 2166 651 2250 γάρ
675 2164 810 2233 ἐστινί
794 2171 924 2251 ορεῦντα
953 2166 1010 2237 οῦκ
1038 2197 1087 2259 αφ
1092 2167 1268 2253 ’έαυτιῦη

244 2266 318 2333 σι”τε
346 2265 407 2350 γάρ
440 2271 493 2330 καὶ
522 2262 560 2328 τὸ
591 2257 675 2329 εἶναι
709 2259 770 2351 ιἰην)
801 2265 927 2333 ἑαυτῶν
956 2268 1144 2355 ἐσχήκασιν,
1182 2264 1271 2337 ἀλλὰ

241 2363 325 2430 κατὰ
348 2361 477 2446 δοτικὴν
498 2360 593 2445 χάριν
616 2364 675 2425 τοῦ
699 2363 974 2449 dedcoqqpebvon'
960 2392 993 2432 εν
1016 2362 1068 2445 οἷς
1090 2374 1271 2450 συμβαίνει

205 2459 280 2527 Ιῡτὸ
310 2459 426 2535 πάθος
454 2456 536 2524 κατά
565 2462 718 2543 στέρησιν
746 2462 812 2526 τῶν
842 2460 878 2527 έν
906 2458 1020 2541 αι’·τοῖς
1047 2394 1269 2547 ὑπαρξάντων

241 2557 324 2624 κατὰ
346 2556 403 2640 την
427 2556 520 2622 δόσιν
542 2557 601 2618 τοῦ
625 2555 862 2641 δεδιορημένου,
885 2564 944 2625 τοῦ
960 2555 1119 2639 ἀπαθοῦς
1135 2566 1191 2627 καὶ
1208 2555 1269 2627 οῦκ

242 2656 277 2723 ἓν
297 2678 387 2730 τινος
404 2654 533 2733 ἔχοντο-ς
548 2649 586 2714 τὸ
603 2645 696 2729 εἶναι,
722 2650 798 2719 σι’·δὲ
821 2657 1001 2739 δυναμένου
1016 2664 1267 2741 στερίσκεσθαι,

241 2763 314 2831 τοῖς
336 2752 371 2830 έξ
393 2746 450 2817 ου’-κ
473 2748 578 2815 ὄνειον
603 2743 797 2830 ὸπάρξασιν.
837 2753 867 2819 εί
889 2744 946 2819 οῦν
969 2751 1027 2820 οῦκ
1049 2756 1123 2834 ἴσος
1141 2755 1269 2835 ἐκεῖνος

244 2846 364 2925 ὸυὶὸς,
389 2842 410 2935 ἢ
433 2842 451 2911 ὸ
475 2845 594 2930 πατὴρ,
619 2839 638 2930 ἢ
659 2847 697 2910 τὸ
721 2844 815 2930 άγιον
838 2855 968 2933 πνεῦμα
989 2853 1130 2931 τούτοις,
1166 2851 1270 2931 ἄλλος

197 2948 279 3012 -2οὸέ
309 2945 397 3012 έστιν
429 2940 446 3009 ὸ
475 2942 547 3020 υίὸς
576 2941 668 3025 παρὸ
696 2946 847 3025 τοτ’-τους,
881 2943 920 3013 οῦ
948 2955 989 3036 τῇ
1016 2952 1071 3036 ἴση
1101 2946 1271 3037 ὀνομασίᾳ

241 3042 502 3130 κικλησκόμενος,
527 3039 692 3121 ἐξαίρετον
716 3043 750 3107 δὲ
767 3046 821 3108 καὶ
837 3039 1031 3130 άσάγιριτον
1050 3046 1156 3130 ὄνομα
1173 3048 1268 3129 έχων,

243 3136 455 3226 αὸτοαγαθὸν
479 3133 628 3203 ἀπὸτοῦ
652 3132 866 3222 αὖτοαγαθοῦ
882 3139 986 3223 ὄντος,
1010 3152 1061 3224 τίς
1083 3141 1122 3211 ἂν
1143 3139 1166 3232 ἡ
1184 3168 1268 3228 σαμ-

242 3238 348 3324 πλοκη
372 3237 459 3321 πρὸς
480 3235 519 3301 τὸ
541 3235 731 3320 στερητικὸν
755 3236 890 3324 έχοάσης
912 3236 1107 3324 ἀντίθετον,
1147 3266 1271 3325 περιτ-

241 3333 299 3411 τὸς
320 3335 380 3418 γάρ
405 3330 422 3397 ὸ
445 3338 502 3399 τοῦ
525 3330 563 3397 τὸ
581 3332 768 3416 στερητικὸν
785 3333 1025 3453 εἰσενέγκαντος
1043 3335 1120 3425 ἡμῖν
1132 3335 1268 3406 Ἀετίου

202 3429 347 3513 Μάγος,
371 3433 429 3494 τοῦ
452 3425 627 3514 ἆγεινιτου
650 3433 734 3495 θεοῦ
756 3435 809 3495 καὶ
832 3440 986 3521 γεννητοῦ
1016 3440 1088 3503 υιοῦ
1120 3432 1157 3502 οῦ
1182 3436 1269 3503 κατὰ

204 3563 213 3589 ι
242 3532 395 3610 στέρησιν
416 3526 474 3608 τὴν
496 3529 562 3590 τιῦν
583 3526 772 3608 κτισμάτων
795 3529 925 3610 έχοντος
952 3535 991 3598 τὸ
1020 3530 1169 3619 ῦπάρχον
1193 3530 1268 3613 ἄξι’-

242 3649 331 3707 ιομα,
366 3617 450 3688 ἀλλὰ
471 3620 553 3688 κατὰ
581 3621 620 3685 τὸ
651 3618 847 3706 αὐτομάτως
873 3635 927 3695 καὶ
958 3632 1150 3724 ἰδιαζόντως
1184 3626 1264 3699 καθ

241 3719 340 3789 ἑαυτὸ
363 3726 560 3836 συμητρέπον
582 3722 621 3833 τη
645 3718 763 3786 ἑαυτοῦ
787 3718 885 3811 οῦσίᾳ
906 3732 1016 3794 τεκαὶ
1039 3730 1190 3817 θεότητι,
1220 3724 1270 3809 ὥς

242 3818 300 3886 επι
321 3820 380 3883 τοῦ
403 3812 561 3903 ἇόργητος
585 3810 622 3879 οῦ
646 3816 758 3882 διὸ
725 3844 763 3883 το
785 3813 990 3905 ὀργίζεσθαι,
1025 3821 1109 3893 αλλὰ
1138 3826 1198 3893 διὸ
1224 3825 1268 3891 τὸ

199 3910 494 4037 υοαητοαόργητοι
524 3917 578 3980 καὶ
601 3912 639 3977 τὸ
663 3908 836 3999 άγένιητος
859 3920 973 3986 διὰ
936 3947 975 3986 το
993 3917 1265 4012 αὸτοαγέννητον,

241 4011 300 4079 κόἱν
329 4037 365 4078 τε
394 4006 412 4075 ὸ
442 4012 512 4091 υἱὸς
532 4008 683 4096 γεννητὸς
711 4011 789 4097 ειή
791 4009 861 4080 άπὸ
888 4023 948 4084 τοῦ
977 4017 1168 4108 ἇγεννητου,
1204 4046 1268 4109 της

241 4109 324 4175 κατὰ
346 4115 498 4223 στέρησιν
521 4111 637 4187 λέξειας
658 4106 809 4189 ματαίαις
820 4122 984 4227 κειμένης
1011 4119 1067 4184 έπι
1089 4122 1138 4205 τῷ
1160 4114 1267 4205 ἀσυγ-

237 4212 340 4291 κρίιην
368 4208 454 4291 πρὸς
481 4205 557 4283 τοὺς
579 4200 714 4281 ἄλλους,
749 4208 833 4273 κατὰ
864 4210 928 4278 τὸν
948 4220 1024 4279 νοῦν
1052 4216 1173 4283 τοῦτον
1202 4220 1268 4285 τοῦ
