2867 5084
580 966 702 1022 Lmu.
722 971 924 1023 σειινοιοτ.
1195 961 1257 1024 303

230 1123 355 1190 τούτου
377 1125 437 1187 τοῦ
460 1122 663 1207 αίρετισμσῦ,
693 1122 750 1187 ἵνα
777 1121 822 1208 μὴ
845 1117 988 1200 εὐθύνας
1010 1117 1177 1204 ὑπέχωσιν
1200 1121 1257 1188 ἒπί

231 1232 308 1300 τοῖς
323 1221 371 1298 είς
385 1218 443 1304 την
461 1213 654 1306 ἀνατολικὴν
670 1227 787 1286 πίστιν
808 1218 1021 1303 τολμήσασιν,
1046 1219 1259 1285 ἐσπούδασαν

232 1319 273 1384 τὸ
295 1321 354 1405 τῆς
378 1312 493 1394 οὐσίας
517 1314 621 1399 ὄνομα
644 1317 677 1383 έν
699 1317 814 1402 χρήσει
829 1313 976 1400 ὑπάρχον
993 1327 1065 1394 τοῖς
1079 1317 1256 1402 πατράσιν,

234 1415 293 1483 διὰ
313 1415 374 1492 τὰς
396 1420 638 1501 προειρημένας
661 1414 779 1493 αἰτίας,
804 1409 931 1480 ἀνελεῖν
953 1416 1011 1498 τῆς
1033 1413 1259 1498 ἐκκλησιαστι-

234 1517 294 1599 κῆς
317 1513 541 1590 διδασκαλίας,
565 1512 620 1577 ἵνα
642 1515 694 1577 καί
717 1511 801 1577 κατὰ
822 1514 920 1576 τοῦτο
947 1510 1070 1589 δόξωσι
1090 1511 1284 1595 κρατύνεινδ

236 1611 365 1677 ἑαυτῶν
386 1609 445 1695 τὴν
468 1608 604 1692 α’ίρεσιν.

185 1724 231 1775 562
329 1714 376 1772 15.
396 1702 577 1790 Ὑπέλαβον
599 1706 661 1791 γάρ
684 1702 746 1783 ὅτι,
772 1705 801 1771 εί
821 1706 861 1770 τὸ
882 1708 941 1790 τῆς
957 1700 1072 1783 οὐσίας
1088 1703 1193 1787 δ’νομα
1209 1705 1260 1771 έκ-

234 1806 389 1890 βληθείη,
402 1801 485 1869 κατά
499 1802 656 1889 βούλησιν
671 1802 774 1885 μόνον
791 1804 1002 1887 λέγοντοςκαὶ
1015 1797 1082 1869 κατ)
1097 1803 1259 1887 ένέργειαν

236 1900 355 1981 ὅμοιον
377 1904 424 1986 τῷ
447 1899 551 1984 πατρὶ
573 1901 630 1965 τὸν
654 1898 725 1966 υἱὸν
748 1900 898 1979 ἐξουσίαν
925 1895 1040 1980 οὐσίας
1063 1901 1192 1980 ἕξουσιν
1213 1899 1257 1987 μη

237 1993 495 2083 ὀνομαζομένης,
530 1996 649 2062 λοιπὸν
679 1993 837 2080 ἀνόμοιον
866 1999 969 2083 λέγειν
997 1998 1080 2065 κατὰ
1107 1997 1146 2063 τὸ
1173 1993 1259 2064 εἶναι
1270 2010 1300 2061 1⁰

236 2100 290 2162 καὶ
313 2094 458 2160 κατὰτὸ
481 2089 639 2178 ὑπάρχειν
667 2094 725 2159 τὸν
749 2094 820 2160 υἱὸν
841 2098 888 2180 τῷ
911 2102 1023 2178 πατρί.
1074 2091 1142 2162 ἀλλ)
1169 2092 1259 2179 ὅμως

238 2189 255 2259 δ
278 2194 406 2270 ἔκδικος
427 2195 485 2277 της
507 2186 668 2276 ἀληθείας
690 2191 782 2269 θεὸς,
814 2186 832 2256 ὁ
856 2192 1080 2276 δρασσόμενος
1102 2193 1178 2269 τοῦς
1201 2215 1259 2257 σσ-

236 2290 324 2378 φσύς
352 2290 387 2356 ἒν
414 2292 453 2375 τῇ
476 2295 661 2375 πανουργίᾳ
690 2284 814 2367 αὐτῶν,
839 2297 888 2333 **
921 2287 957 2367 ὃς
984 2288 1044 2373 την
1072 2295 1258 2373 συγγένειαν

234 2393 294 2456 τοῦ
317 2389 515 2472 μονογενοῦς
537 2381 647 2464 αὐτοῦ,
671 2386 709 2451 τὸ
732 2384 815 2451 κατά
834 2385 945 2451 πάντα
969 2382 1085 2467 ὅμοιον
1107 2386 1164 2451 τὸν
1187 2385 1258 2451 υίὸν

233 2491 283 2572 τῷ
306 2487 410 2569 πατρί
435 2477 534 2563 είναι,
565 2484 622 2549 ίπὶ
650 2488 710 2547 τοῦ
739 2477 894 2566 εὐσεβοῦς
921 2483 1085 2568 βασιλέως
1114 2482 1258 2567 ε’παρρη-
1271 2489 1304 2549 1⁵·

235 2583 391 2652 σιάσατσ.
423 2576 509 2646 οῦτω
528 2579 589 2665 γάρ
612 2584 664 2646 καὶ
682 2577 781 2658 αὐτὸς
797 2580 939 2667 ἐφρόνει,
964 2575 1099 2667 εὐσεβὴς
1114 2575 1159 2646 ιῦν
1175 2576 1258 2664 ὑπὲρ

192 2685 298 2749 Βτσῦ
327 2675 594 2762 ὑπερμαχοῦντος
622 2673 723 2744 αὐτοῦ
750 2682 948 2763 μονογενοῦς
976 2679 1050 2744 υίοῦ
1077 2681 1137 2743 τοῦ
1165 2682 1259 2756 θεοῦ,

233 2778 295 2847 καὶ
323 2779 456 2864 φρονοῦν
490 2771 618 2860 εὐσεβεῖ
646 2776 787 2858 στόματι
820 2776 999 2859 διωρίσατο
1028 2775 1111 2841 κατὰ
1139 2776 1258 2856 πάντα,

234 2873 284 2955 ιῦς
307 2875 341 2940 σί
363 2872 540 2939 καθολικοὶ
562 2872 838 2956 πεπιστεύκαμεν,
863 2870 980 2957 ὅμοιον
1002 2868 1087 2940 εἶναι
1109 2873 1166 2939 τὸν
1190 2874 1260 2939 υἱὸν

231 2977 284 3059 τῷ
309 2973 413 3055 πατρί
436 2975 490 3035 καί
514 2964 554 3035 δι’
581 2963 681 3035 αὐτοῦ
708 2969 752 3056 μη
776 2973 991 3056 προχωρῆσαι
1018 2970 1077 3058 τὴν
1098 2970 1182 3037 κατὰ
1203 2975 1301 3056 τῆςίθ

229 3070 507 3155 έκκλησιαστικῆς
529 3074 675 3145 πίστεως
689 3068 881 3149 μεθοδείαν,
898 3063 1046 3152 ἀναιρεῖν
1060 3069 1261 3153 βουλομένης
1279 3130 1281 3135 ,

222 3169 274 3235 τὸ
300 3163 408 3248 ὄνομα
429 3167 487 3251 τῆς
510 3158 641 3243 οὐσίας,
676 3164 731 3229 ἵνα
760 3167 806 3248 τῷ
830 3163 971 3247 στόματι
993 3164 1037 3250 μὴ
1061 3166 1261 3249 λαλουμένης

222 3260 358 3342 οὐσίας
386 3261 507 3327 λοιπὸν
536 3261 569 3327 έν
603 3271 677 3339 ταῖς
698 3262 849 3346 καρδίαις
873 3255 1109 3348 φωλεύουσαὴ
1134 3260 1261 3343 αἵρεσις

216 3369 385 3448 νέμηται.
419 3353 487 3425 ἀλλ’
507 3353 624 3436 αὐτοῦς
641 3358 827 3445 φθάσωμεν
843 3356 1031 3443 γράφοντας
1046 3352 1162 3440 ὅμοιον
1178 3356 1261 3422 κατὰ

208 3460 413 3545 βούλησιν,
448 3451 605 3539 ἀνόμοιον
634 3449 759 3521 δέκετ’
785 3450 916 3531 οὐσίαν,
954 3455 986 3520 εἲ
1006 3479 1041 3538 γε
1064 3450 1299 3533 ἀνυπούλωςιο

206 3557 291 3624 καὶ
315 3556 477 3637 καθαριῦς
497 3552 536 3618 τὸ
558 3552 641 3618 κατὰ
663 3552 774 3618 πάντα
796 3547 913 3633 ὅμοιον
936 3547 1163 3635 ὁμολογοῦσιν,
1199 3554 1261 3620 έω-

185 3699 188 3707 .
212 3654 297 3720 λον
321 3648 438 3730 αὐτοῖς
458 3646 743 3736 ἀπελεγχθήσεται
769 3646 808 3713 τὸ
832 3648 1036 3734 ἐπιχείρημα,
1066 3650 1261 3716 σπουδάσα-

208 3771 291 3816 σιν
315 3738 397 3832 άραι
418 3748 457 3812 τὸ
480 3745 585 3830 ὄνομα
606 3750 665 3833 τῆς
687 3743 811 3824 οὐσίας.
857 3741 952 3813 οὐδέν
973 3746 1041 3831 ’γάρ
1064 3748 1258 3832 ἐκέρδαινον,

210 3840 504 3932 ἇνσγεασθέντες
535 3840 739 3931 ὁμολογῆσαι
771 3842 828 3909 τὸν
861 3843 932 3910 υίὸν
966 3847 1013 3931 τῷ
1042 3843 1146 3928 πατρὶ
1178 3842 1261 3908 κατὰ

207 3942 350 4010 πάντα
379 3936 512 4025 ὅμοιον·
548 3941 577 4008 εἰ
598 3941 659 4026 γὰρ
688 3941 772 4008 κατὰ
800 3940 925 4021 πάντα,
961 3938 1006 4020 ὡς
1035 3938 1302 4026 ὡμολόγησαν,3ο

215 4037 328 4108 ἔστιν
351 4036 478 4123 ὅμοιος,
510 4035 624 4123 ὥσπερ
647 4028 704 4105 οὐν
727 4038 816 4105 έστιν
833 4033 851 4102 ὁ
867 4038 938 4117 υίὸς
952 4043 999 4125 τῷ
1014 4042 1117 4122 πατρί
1134 4034 1259 4120 ὅμοιος,

222 4133 328 4203 ἔστιν
352 4132 470 4222 ῦμοισς
492 4133 530 4204 οὐ
553 4136 636 4203 κατὰ
657 4135 715 4224 τὴν
737 4135 895 4222 βούλησιν
928 4135 983 4200 καὶ
1010 4136 1069 4221 τὴν
1099 4136 1261 4219 ένέργειαν

232 4232 350 4320 μόνην,
373 4234 469 4302 καθὰ
489 4229 585 4301 αὐτοὶ
607 4235 818 4319 διορίζονται,
843 4228 927 4299 ἀλλὰ
949 4231 1032 4299 κατὰ
1046 4229 1103 4317 τὴν
1119 4227 1262 4317 ὕπαρξιν
