2867 5084
332 1846 336 1852 ·
426 1801 885 1901 PRAEFATIO.

235 2187 388 2293 Epiplunii
412 2218 515 2273 Pacarii
540 2234 601 2290 pars
625 2219 708 2274 altera
735 2221 992 2291 (poco-1108
1016 2221 1059 2276 ecl.
1083 2219 1166 2286 Pet),

141 2321 213 2377 quae
237 2305 290 2358 boc
312 2303 447 2359 volumine
470 2304 640 2367 continetur,
675 2303 747 2376 quod
778 2305 810 2359 nd
839 2314 932 2359 nostro
957 2314 1078 2376 tempora
1101 2322 1167 2376 per-

141 2390 225 2453 uenit,
251 2389 306 2451 uid,
331 2398 460 2460 otrentum
484 2388 594 2463 uiridem
618 2404 690 2442 nunc
713 2396 830 2450 constat,
861 2387 992 2443 debemus
1015 2388 1101 2443 codici
1123 2389 1168 2444 le-

141 2474 231 2536 nensi,
256 2473 289 2527 eb
313 2473 421 2528 librario
444 2490 498 2527 non
522 2472 672 2544 indiligenti
695 2473 722 2527 iu
746 2472 847 2527 chartis
866 2471 1034 2546 bombycinis
1057 2483 1167 2529 exarato
1196 2498 1198 2503 ·

141 2576 167 2613 a.
197 2560 291 2614 1304:
314 2557 347 2612 de
370 2574 425 2630 quo
447 2556 571 2630 pluribus
594 2557 646 2612 diri
668 2556 696 2613 in
717 2556 888 2613 Praelationc
912 2556 1054 2613 voluminis
1075 2557 1166 2630 primi.

140 2638 345 2714 Διορθωτοῦ,
368 2642 414 2714 qui
437 2643 558 2697 codicem
581 2641 613 2696 ad
637 2641 708 2699 uliud
732 2642 852 2714 exigeret
868 2642 1004 2715 exemplar
1026 2651 1054 2698 et
1077 2642 1168 2697 diver-

142 2746 186 2781 sas
211 2735 354 2783 urinotaret
376 2727 534 2799 scripturas,
558 2726 631 2799 quod
653 2727 811 2801 saepissime
827 2727 854 2783 in
871 2727 984 2783 ullorum
1002 2727 1166 2800 scriptorum

143 2810 283 2867 codicibus
307 2811 404 2866 luctum
429 2810 559 2873 videmus,
583 2810 685 2866 nullum
706 2829 819 2884 usquam
838 2812 978 2885 vestigium
996 2821 1037 2867 cst
1053 2812 1078 2867 in
1095 2810 1167 2867 libro

144 2894 266 2960 lenensi,
298 2913 353 2952 nno
377 2904 489 2968 excepto
512 2895 623 2968 locop.
641 2897 712 2954 638.
730 2898 760 2950 A
785 2894 848 2965 (vol.
867 2899 895 2953 3.
917 2914 964 2995 p
964 2898 1060 2962 41,6.
1084 2896 1167 2952 liuius

143 2980 200 3043 cdt
224 2980 298 3035 nbi'
292 2998 317 3035 rn
349 2989 423 3035 textu
453 2979 554 3035 codicis
582 2978 691 3053 legitur,
729 2971 773 3046 ὥς
802 2969 875 3037 εἶναι
906 2974 967 3037 απὸ
997 2980 1052 3038 τοῦ
1083 2974 1167 3056 elpr-

140 3059 236 3138 μένου
266 3056 410 3137 Μάνη’
400 3058 456 3131 ἕως
488 3064 543 3120 τοῦ
577 3057 740 3162 παρόντος
762 3065 966 3164 (iensque
999 3066 1030 3120 ad
1064 3080 1165 3120 annurn

144 3152 236 3213 3761,
266 3143 422 3206 τουτέστιν
447 3140 620 3216 Οὐάλεντος
646 3143 703 3222 μὲν
730 3141 818 3216 ἴτους
845 3141 893 3223 ιγ’,
927 3146 958 3205 Γ
956 3167 1103 3225 ρατιυνου
1132 3142 1167 3204 δέ

143 3225 296 3301 ξ”,τουςθ
328 3224 582 3290 Οὐαλεντυοανοῦ
610 3229 644 3289 δὲ
673 3226 869 3307 retoedpov”
850 3252 938 3303 eruce
959 3228 999 3303 α’,
1027 3230 1165 3306 Διοκλη-

142 3320 250 3376 veitvod
273 3310 347 3373 w
328 3336 380 3390 ετη
411 3312 464 3387 οζ’,
495 3312 547 3373 ἶνα
576 3314 606 3375 ἓν
636 3310 773 3397 τετάρτω
803 3312 859 3376 ἔτει
881 3311 1084 3394 Αὐρηλιανοῦ
1113 3312 1163 3373 καὶ

142 3398 174 3460 ἓν
201 3395 335 3502 χρόνοις
349 3395 494 3474 ‘Yperlov
534 3402 719 3468 (scribendum
747 3374 913 3476 Ὑμεναίου
949 3420 1009 3459 cnm
1041 3403 1163 3467 Petavio)

142 3481 308 3546 ἐπισκόπου
326 3477 750 3587 Ἶεροσολύμωνὲπίτιεμοτος
764 3483 958 3566 ἐξοποσταλῇ
981 3497 1033 3544 etc
1063 3486 1167 3542 Nume-

142 3591 203 3629 rum
227 3572 369 3628 manifesto
391 3571 516 3628 vitiosum
529 3564 593 3642 οζ
587 3590 612 3628 ur
630 3562 676 3650 ρξ’
697 3573 809 3629 mutavit
824 3572 959 3637 Petaurus
983 3572 1077 3629 eiectis
1095 3588 1166 3671 quae

143 3677 198 3715 non
222 3666 334 3732 apparet
356 3656 429 3712 unde
457 3655 550 3712 inlerri
579 3658 720 3730 potuerint
752 3655 840 3713 verbis
863 3654 1091 3732 Διοκλητιυνοῦ
1113 3646 1166 3727 de‘,

142 3743 221 3799 aliter
242 3741 410 3797 iudicaturus
433 3741 455 3796 si
478 3749 648 3815 compertum
678 3742 829 3807 habuisset,
859 3742 932 3816 quod
955 3741 1069 3798 loannes
1091 3741 1167 3814 Opo-

142 3829 219 3883 rinus
242 3826 269 3881 in
292 3826 410 3884 editione
432 3824 580 3883 basileensi
603 3836 698 3883 notare
721 3824 878 3901 neglexits
872 3845 899 3883 ιο
922 3828 1042 3901 margine
1065 3825 1166 3882 codicis

141 3911 265 3970 lenensis
286 3909 320 3967 nb
344 3910 436 3967 eadem
460 3928 529 3984 quae
551 3913 672 3969 codicem
696 3912 805 3985 scripsit
820 3928 900 3968 manu
916 3921 1075 3968 annotatum
1093 3925 1165 3975 esse,

142 3995 216 4053 hand
232 3993 314 4052 dubie
328 4005 478 4069 praeeunte
490 4012 572 4070 quoru
589 3995 797 4053 describendum
816 3995 943 4053 librarius
958 4003 1100 4071 acceperat
1116 4011 1167 4051 co·

141 4133 201 4188 dice
216 4127 249 4188 ἓν
260 4121 346 4186 ἄλλο
360 4083 379 4187 Ξ
389 4130 454 4191 lie.
469 4123 567 4200 ἔτους)
581 4124 646 4210 W,
660 4131 732 4187 unde
748 4131 814 4187 hece
829 4132 868 4187 sic
884 4148 944 4188 esse
957 4129 1165 4205 redintegrando

139 4217 239 4292 liquet,
261 4210 489 4289 Διοκλητιυνοῦ
512 4210 547 4273 δὲ
567 4208 654 4285 ἔτους
672 4210 725 4294 irps
736 4254 745 4284 ,
774 4207 826 4288 ἔτη
848 4210 908 4290 ρξ’.
938 4214 1165 4289 quemadmodum

139 4301 310 4378 Epiphanius
333 4300 413 4358 etium
435 4296 499 4357 olibi
521 4316 606 4358 annos
621 4300 655 4357 ab
671 4299 828 4357 Diocletiani
850 4317 936 4374 regno
959 4315 1046 4374 usque
1068 4300 1100 4355 ad
1116 4315 1167 4353 en-
