2867 5084
505 984 638 1037 mm
657 984 863 1037 ιιιιοιειτιι.
1127 974 1185 1037 491

168 1136 362 1218 τελειότητα
376 1133 455 1225 ἡμῖν
470 1144 705 1224 συνηνωμένης.
736 1137 893 1225 παθητὸς
906 1138 968 1222 γὰρ
982 1132 1061 1224 ἡμίν
1076 1137 1192 1225 κηρότ·

164 1261 262 1302 τεται
283 1235 431 1318 Χριστὸς
452 1242 505 1301 καὶ
529 1235 732 1313 πιστεύεται,
757 1231 796 1301 οό
817 1231 895 1303 καθ’
913 1235 1031 1302 ἑαυτὸν
1053 1236 1189 1316 παθῶν,

168 1327 249 1399 οὐδὲ
271 1328 324 1399 ότι
344 1330 445 1411 ἀλλος
467 1333 556 1400 ἐστὶν
579 1328 597 1397 6
620 1333 806 1411 πεπονθώς
829 1335 883 1400 καί
906 1332 1007 1412 ἀλλος
1028 1330 1046 1399 6
1068 1334 1189 1419 κύριος,

168 1424 249 1497 οὐδὲ
277 1426 330 1496 ότι
356 1426 375 1515 6
404 1430 527 1517 θεότης
556 1435 748 1510 πέπονθεν,
788 1425 872 1497 ἀλλὰ
899 1437 1055 1497 πέπονθε
1083 1434 1143 1515 μέν
1170 1428 1189 1498 6

167 1526 282 1611 κόριος
302 1523 395 1613 ἡμῶν
414 1521 536 1613 Ἰησοῦς
558 1528 714 1611 Χριστὸς,
748 1531 806 1614 τῆς
833 1526 996 1612 θεότητος
1024 1523 1213 1612 ἀτρέπτουο

166 1625 329 1711 μενούσης
350 1650 386 1692 τε
412 1623 468 1691 καὶ
490 1619 659 1704 ἀπαθοῦς,
689 1625 881 1712 πασχούσης
909 1626 946 1692 δὲ
975 1625 1009 1692 έν
1031 1628 1070 1712 τῇ
1093 1632 1188 1709 σαρκί

167 1722 226 1789 καὶ
248 1717 406 1802 ἀπαθοῦς
425 1723 594 1810 μενούσης.
630 1721 659 1790 εί
680 1722 741 1807 γὰρ
764 1718 917 1791 ἀπέθανε
934 1723 1082 1808 Χριστὸς
1103 1719 1188 1809 ὑπὲρ

136 1816 263 1905 οὴμῶν
290 1820 345 1887 καὶ
374 1818 478 1899 όντως
506 1815 685 1899 ἀπέθανεν,
721 1816 779 1904 οόχ
810 1817 829 1909 6
857 1821 979 1906 θεότης
1007 1816 1187 1900 ἀπέθανεν,

168 1911 254 1984 ἀλλὰ
277 1913 448 1986 ἀπέθανεν
471 1919 505 1986 ἒν
527 1917 632 2002 σαρκὶ,
656 1918 799 1985 κατὰτὸ
822 1917 991 2004 εἰρημένον
1011 1925 1189 1986 ι’θανατω·

165 2019 245 2094 θεὶς
267 2022 372 2100 σαρκί,
397 2017 622 2102 ζωοποιηθεὶς
644 2018 680 2082 δὲ
701 2019 748 2100 τῷ
772 2017 963 2098 πνεόματι,”
1001 2019 1054 2082 καλ
1085 2018 1188 2086 πόλιν
1198 2035 1227 2086 10

166 2116 340 2197 “Χριστοῦ
373 2115 548 2193 παθόντος
575 2109 661 2195 ὑπὲρ
693 2110 786 2199 ἡμῶν
814 2117 939 2197 σαρκί.”
983 2117 1189 2198 θαυμαστῶς

164 2206 249 2297 ἡμίν
271 2208 479 2298 ὡμολόγηται
500 2210 687 2289 πεπονθὼς
709 2211 744 2278 έν
759 2206 902 2297 ἀληθείᾳ
923 2213 976 2277 καὶ
993 2207 1132 2298 ἀπαθὴς
1154 2211 1188 2279 έν

165 2304 323 2396 ἀληθείᾳ,
345 2313 404 2394 τῆς
425 2309 586 2390 θεότητος
607 2309 650 2394 μὴ
675 2309 862 2392 ποθούσης,
886 2308 943 2374 διὰ
964 2307 1003 2372 τὸ
1023 2305 1187 2392 ἀτρεπτον

163 2409 225 2473 καὶ
246 2403 380 2486 ἀπαθές
403 2409 456 2473 καὶ
480 2402 657 2490 όμοοόσιον
678 2410 726 2491 τῷ
748 2409 861 2490 πατρὶ,
885 2404 1064 2491 παθούσης
1079 2407 1116 2472 δέ
1130 2407 1188 2493 τῆς

166 2504 290 2586 σαρκὸς
311 2505 366 2570 καὶ
388 2499 426 2569 οὗ
448 2511 666 2590 μερισθείσης
686 2506 745 2587 τῆς
767 2501 929 2588 θεότητος
958 2498 1028 2569 ἀπὸ
1055 2507 1114 2588 τῆς
1136 2503 1226 2573 ίν-ιε

164 2599 291 2685 σόρκου
314 2607 499 2686 παρουσίας
522 2601 555 2669 έν
578 2604 624 2686 τῷ
647 2602 766 2668 πάθει.
798 2603 896 2685 συνῆν
918 2599 978 2685 γὰρ
1002 2602 1054 2666 καί
1072 2598 1089 2686 6
1106 2601 1188 2669 θεό·

129 2723 231 2782 υτης
251 2702 304 2766 καί
325 2696 345 2785 6
369 2699 632 2786 ένανθρώπησις,
666 2695 720 2765 ότι
750 2699 807 2765 ἐπὶ
828 2700 876 2783 τῷ
905 2700 1035 2783 σταυρῷ
1064 2698 1188 2782 έπασχτ

163 2798 230 2882 μὲν
242 2797 389 2880 Χριστὸς
411 2801 516 2882 σαρκὶ,
541 2792 680 2882 ἀπαθὴς
701 2798 738 2863 δὲ
760 2796 868 2879 έμεινε
889 2795 1036 2882 θεότητι,
1060 2795 1116 2863 ’ίνα
1129 2797 1187 2884 τὴν

164 2896 341 2962 δικαίωσιν
363 2903 477 2983 μηκέτι
500 2896 534 2962 έν
556 2897 650 2978 σαρκί
672 2895 776 2978 μόνον
809 2894 940 2976 ἔχωμεν,
974 2888 1058 2960 ἀλλὰ
1087 2893 1120 2961 έν
1147 2898 1187 2984 τῇ

163 2992 316 3078 θεότητι,
349 2995 405 3059 καί
426 2993 481 3059 ἵνα
504 2992 538 3060 έν
559 2997 598 3079 τῇ
622 2993 760 3079 θεότητι
787 2996 840 3057 καί
869 2992 903 3058 ἐν
930 2994 970 3077 τῇ
999 2992 1095 3076 σαρκὶ
1116 2990 1227 3061 κατ’ίο

164 3086 298 3176 ἀμφοῖν
319 3087 397 3178 ἡμῖν
420 3098 568 3178 σωτηρία
588 3097 728 3176 γένηται.
761 3087 800 3155 οό
822 3087 882 3173 γάρ
906 3087 1007 3174 ψιλὸς
1027 3083 1107 3175 ἡμῖν
1129 3088 1187 3157 ἀν-

164 3195 314 3270 θρωπος
336 3184 526 3273 όΧριστὸς,
551 3183 635 3254 ἀλλὰ
655 3188 752 3273 λόγος
774 3186 1006 3265 ένοπόστατος,
1031 3187 1187 3271 ἕνσαρκος

163 3285 226 3353 καὶ
259 3285 338 3366 θεὸς
367 3285 551 3369 ἀνθρωπος
584 3285 725 3371 γεγονὼς
759 3284 792 3351 έν
821 3278 979 3370 ἀληθείᾳ,
1012 3281 1105 3370 ἡμῶν
1141 3284 1185 3370 μὴ

162 3381 308 3467 ἐχόντων
336 3384 394 3468 τὴν
424 3384 545 3451 ἐλπίδα
566 3378 617 3450 ἀπ’
642 3381 835 3467 ἀνθρωπον,
871 3377 939 3448 ἀλλ’
972 3382 1006 3448 ἐν
1035 3384 1075 3469 τῇ
1103 3380 1186 3450 θεό-

161 3506 252 3565 τητι,
274 3484 326 3548 καὶ
345 3478 437 3568 ἡμῶν
452 3481 496 3567 μὴ
513 3481 650 3563 ίχόντων
666 3479 748 3546 θεὸν
763 3482 944 3561 πάσχοντα,
968 3474 1036 3546 ἀλλ’
1054 3476 1225 3567 ἀπαθη,τε

85 3596 153 3654 m
166 3579 264 3656 ἐκτὸς
285 3580 321 3646 δὲ
342 3579 479 3657 πόθους
500 3578 558 3666 τὴν
580 3583 744 3663 σωτηρίαν
774 3573 865 3663 ἡμῶν
895 3577 938 3663 μὴ
967 3580 1185 3665 πεποιηκότα,

163 3670 238 3746 ἀλλ’
264 3675 297 3744 έν
328 3680 375 3762 τῷ
398 3672 482 3762 ὑπὲρ
511 3671 604 3762 ἡμῶν
631 3671 820 3741 ἀποθανεῖν
851 3678 906 3741 καὶ
935 3674 1051 3742 ἑαυτὸν
1079 3699 1187 3762 προσ-

163 3779 295 3859 ενόγκαι
315 3776 362 3861 τῷ
385 3776 487 3857 πατρὶ
509 3780 635 3839 θυσίαν
654 3767 740 3856 όπὲρ
767 3775 833 3838 τῶν
865 3768 1031 3859 ἡμετέρων
1059 3777 1183 3856 ψυχῶν,

162 3873 203 3941 ἐν
224 3874 272 3958 τῷ
294 3872 412 3955 αίματι
434 3866 534 3937 αὐτοῦ
556 3874 743 3954 καθαρίσας
770 3866 865 3956 ἡμᾶς,
903 3867 1019 3953 σχίσας
1045 3869 1084 3934 τὸ
1106 3862 1182 3935 καθ’

160 3967 260 4059 ἡμῶν
285 3968 504 4055 χειρόγραφον
532 3965 588 4035 καὶ
615 3966 836 4051 προσηλώσας
863 3960 944 4033 αὐτὸ
972 3970 1019 4053 τῷ
1042 3968 1224 4053 σταυρῷ,εο

160 4066 284 4144 καθώς
304 4065 412 4154 πάντη
434 4061 453 4153 6
477 4064 586 4152 γραφὴ
609 4064 759 4131 διδάσκει
779 4063 873 4151 ἡμᾶς.

253 4168 303 4232 33.
334 4164 401 4232 ίίαί
424 4164 518 4232 ἔσται
539 4186 599 4246 μοι
620 4165 697 4247 περὶ
721 4161 858 4242 τούτων,
881 4160 911 4227 εἰ
931 4167 1024 4246 χρεία
1045 4166 1182 4246 γένοιτο,

159 4262 216 4342 τίς
236 4261 447 4348 παράστασιν
470 4260 578 4329 εἰπεῖν
600 4259 720 4326 πολλά.
757 4262 811 4328 καὶ
834 4256 896 4344 γὰρ
918 4257 953 4325 έν
968 4256 1082 4338 ἀλλοις
1097 4259 1185 4346 είρή·
