2867 5084
294 298 305 304 Q
348 298 352 303 0
633 292 637 300 v

450 444 457 453 u

265 920 327 982 586
492 928 692 979 τυτυιυιοτ·
708 927 804 977 κατι
823 925 1010 975 mmm
1025 925 1056 974 r.

265 1107 328 1162 σιν,
359 1078 563 1165 ἀναγνώσεσί
586 1105 621 1147 τε
644 1083 781 1165 γραφῶν
805 1072 905 1162 άγίιυν
935 1077 988 1142 καὶ
1012 1069 1292 1161 ἀποοτηθιομοίς

266 1176 453 1247 διοκοῖνται.

351 1283 400 1343 24.
432 1274 518 1359 Περὶ
541 1276 576 1340 δὲ
599 1273 785 1353 ξενοδοχίας
813 1270 868 1336 καὶ
890 1270 1166 1355 φιλανθρωπίας,
1202 1270 1347 1357 ίλεη-ιιυτ

264 1373 409 1459 μοσύνης
431 1399 466 1439 τε
490 1373 536 1451 είς
559 1371 696 1448 πάντας,
721 1374 825 1435 πᾶσιν
849 1364 867 1433 ὃ
889 1370 947 1455 της
970 1363 1065 1452 άγίας
1086 1366 1213 1454 ταύτης
1234 1396 1291 1435 κα-

242 1474 406 1558 οθολικής
428 1473 480 1536 καί
505 1465 727 1554 άπαστολικής
750 1466 920 1550 ἐκκλησίας
944 1464 1071 1548 καρπὸς
1086 1465 1289 1551 κεκήρυκται.

264 1568 304 1635 τὸ
328 1570 363 1633 δὲ
385 1566 523 1649 λουτρὸν
546 1566 610 1647 ἔχει
633 1560 705 1630 ἀντὶ
734 1566 792 1648 τῆς
820 1563 1078 1648 παλαιιυθείσης
1106 1568 1291 1650 περιτομῆς

266 1665 299 1733 ἒν
315 1667 462 1749 Χριστῷ.
502 1662 744 1729 διαναπαύετατ
767 1659 801 1725 ἓν
823 1664 869 1745 τῷ
891 1659 1021 1744 μεγάλην
1038 1660 1198 1745 σαββάτῳ
1220 1656 1289 1727 ἀντὶ

265 1765 324 1827 τοῦ
351 1763 469 1844 μικροῦ
499 1760 676 1842 σαββάτου.
727 1755 886 1840 ἀπέχεται
920 1762 1093 1836 κοινωνίας
1130 1753 1289 1825 ἁπάντων

266 1859 433 1941 αἱρέσεων.
465 1851 685 1941 ἀποκηρύττει
706 1863 864 1940 πορνείαν
887 1858 941 1920 καὶ
955 1860 1105 1939 μοιχείαν
1121 1859 1176 1920 καί
1195 1850 1290 1922 ἀσέλ-

230 1972 355 2041 ιογειαν
382 1956 435 2019 καί
460 1953 715 2037 είδωλολατρίαν
745 1956 797 2040 καί
828 1951 931 2038 φόνον
959 1955 1011 2017 καλ
1042 1955 1158 2018 πᾶσαν
1181 1979 1290 2037 παρα·

265 2057 392 2134 νομίαν,
416 2053 471 2116 καί
484 2056 622 2135 μαγείαν
645 2050 698 2117 καί
716 2057 933 2137 φαρμακείαν,
957 2044 1192 2132 ἀστρονομίαν,
1215 2053 1289 2136 κλη·

266 2148 458 2230 δονισμούς,
496 2149 637 2231 παλμῶν
673 2147 934 2234 παρατηρήσεις,
971 2146 1164 2227 έπαοτδίας,
1196 2155 1312 2232 περί-υ

266 2272 367 2325 απτα,
391 2244 433 2310 τὰ
455 2244 493 2332 δή
510 2246 694 2330 καλούμενα
710 2244 925 2331 φυλακτήρια.
957 2239 1186 2329 ἀποκηρύσσει
1207 2252 1288 2311 θέα·
1327 2325 1332 2338 ,

264 2369 327 2427 τρα
350 2350 402 2409 καί
427 2343 585 2421 ίπττικούς
607 2346 659 2408 καί
683 2342 826 2427 κυνήγια,
849 2341 1027 2424 μουσικούς
1047 2368 1083 2407 τε
1105 2347 1161 2407 καί
1178 2346 1288 2409 πᾶσαν

228 2458 256 2510 ιτ
265 2442 459 2524 κακολογίαν
482 2443 535 2505 καί
558 2438 769 2518 καταλαλιάν,
794 2446 846 2505 καί
863 2443 976 2505 πᾶσαν
996 2438 1101 2525 μάχην
1117 2444 1171 2505 καί
1188 2441 1289 2524 βλασ-

267 2533 408 2623 φημίαν,
448 2531 577 2602 ἀδικίαν
609 2564 645 2603 τε
676 2536 731 2603 καί
766 2539 959 2614 πλεονεξίαν
990 2540 1042 2603 καί
1073 2539 1287 2623 τοκοληψίαν.

265 2634 519 2718 πραγματευτύς
535 2630 592 2700 ούκ
609 2632 818 2717 ἀποδέχεται,
837 2630 920 2700 ἀλλὰ
932 2630 1193 2719 ὑποδεεστέρους
1205 2635 1287 2701 πάν·

265 2756 331 2796 των
353 2729 489 2816 ἡγεῖται.
525 2731 723 2818 προσφοράς
745 2732 906 2815 λαμβάνει
929 2731 1022 2814 παρὰ
1043 2734 1110 2796 τῶν
1133 2727 1194 2798 ούκ
1217 2727 1288 2798 ἀδι-

264 2827 417 2904 κούντων,
442 2823 517 2893 ούδὲ
541 2830 833 2912 παρανομούντων,
857 2825 941 2895 ἀλλὰ
963 2829 1098 2906 δικαίως
1114 2830 1286 2913 βιούντων.

225 2918 360 3006 ίοεύχὰς
382 2926 417 2989 δὲ
441 2925 613 3006 ίνδελεχιῦς
637 2926 895 3010 προστάσσεται,
925 2925 1009 3010 μετά
1031 2925 1143 3013 πάσης
1168 2926 1287 2993 πυκνά·

264 3047 361 3108 τητος
383 3025 438 3088 καὶ
461 3022 620 3100 ἒκτενείας
648 3024 703 3089 καὶ
731 3026 938 3109 γονυκλιοίας
967 3025 1000 3090 ἐν
1029 3033 1103 3102 ταῖς
1131 3030 1286 3108 τεταγμέ-

264 3146 337 3198 ναις
358 3116 505 3208 ἡμέραις,
529 3120 651 3206 νύκτωρ
674 3126 728 3187 καί
744 3117 820 3204 μεθ’
840 3117 960 3210 ήμέραν
976 3117 1190 3204 ἀναπέμπειν
1206 3125 1309 3207 δειλέ

265 3218 299 3285 έν
321 3243 389 3285 τισι
413 3220 448 3284 δὲ
471 3218 591 3298 τάττοις
618 3219 673 3285 καὶ
702 3219 736 3285 έν
764 3231 836 3297 τοῖς
865 3220 1011 3303 οάββασι
1037 3218 1190 3297 συνάξεις
1214 3219 1285 3286 ἔπι·

263 3317 424 3394 τελοῦσιν,
455 3312 492 3381 ού
516 3316 623 3403 πάντη
648 3319 692 3394 δὲ,
724 3311 808 3382 ἀλλὰ
832 3318 924 3401 παρά
946 3327 1017 3395 τοῖς
1040 3312 1204 3400 ἀκρέμοσι
1225 3341 1285 3403 φτ·-

224 3411 422 3478 Ἀλάσοετατ
450 3414 488 3479 τὸ
516 3415 559 3502 μή
591 3410 728 3498 ὀμνύναι
757 3410 857 3492 ὅλως,
892 3415 974 3500 μηδὲ
1008 3413 1284 3501 λοιδορήσασθαι,

262 3510 344 3595 μηδὲ
367 3514 588 3595 καταρᾶσθαι,
620 3512 653 3578 ἑκ
682 3511 939 3595 προστάγματος
966 3506 1067 3577 αύτού
1096 3517 1155 3577 τοῦ
1181 3516 1285 3599 σωτή-

262 3631 329 3690 ρος,
362 3607 444 3694 μήτε
471 3608 534 3696 μήν
560 3608 755 3693 ψεύσασθαι
780 3607 859 3674 ὅσον
887 3606 969 3674 κατά
992 3608 1030 3673 τὸ
1060 3610 1211 3675 δυνατόν.
1255 3608 1285 3674 οί

262 3706 399 3781 πλείους
433 3704 468 3770 δὲ
500 3706 729 3791 πιπράσκουσι
764 3706 805 3772 τὰ
840 3702 1028 3790 ὑπάρχοντα
1062 3711 1117 3774 καὶ
1152 3707 1285 3774 διδόασι

262 3811 418 3883 πτωχοῖς.

223 3906 254 3956 ³0
347 3904 397 3964 25.
439 3887 545 3978 Ούτος
574 3896 592 3963 δ
619 3899 783 3984 χαρακτήρ
813 3900 931 3984 ταύτης
964 3903 1022 3986 τῆς
1057 3897 1170 3986 άγίας,
1205 3901 1286 3987 μετά

260 3999 318 4081 τῆς
346 3997 623 4082 προδηλιυθείσης
651 4005 806 4075 πίστεως,
837 4001 889 4063 καί
919 3986 1011 4064 οὗτοι
1035 3999 1068 4065 οί
1097 4004 1224 4082 θεσμοὶ
1254 3999 1284 4066 έν

260 4089 341 4176 αὐτῇ
371 4089 603 4179 ἀναφέρονται.
652 4082 749 4172 ούτος
776 4093 836 4179 γάρ
867 4095 956 4161 ἐστιν
986 4090 1003 4160 ὁ
1030 4097 1199 4186 χαρακτήρ
1228 4100 1306 4186 ιήςυ

260 4187 439 4273 ἐκκλησίας,
474 4187 544 4258 άπὸ
573 4192 674 4276 νόμου
703 4194 757 4258 καί
787 4196 970 4279 προφητῶν
999 4196 1053 4259 καί
1083 4189 1284 4263 ἀποστόλων
