<?xml version="1.0" encoding="UTF-8"?>
<!DOCTYPE html PUBLIC "-//W3C//DTD XHTML 1.0 Transitional//EN"
    "http://www.w3.org/TR/xhtml1/DTD/xhtml1-transitional.dtd">
<html xmlns="http://www.w3.org/1999/xhtml" xml:lang="en" lang="en">
 <head>
  <title>
</title>
<meta http-equiv="Content-Type" content="text/html;charset=utf-8" />
  <meta name='ocr-system' content='tesseract 3.04.00' />
  <meta name='ocr-capabilities' content='ocr_page ocr_carea ocr_par ocr_line ocrx_word'/>
</head>
<body>
  <div class='ocr_page' id='page_1' title='image "./opera01dindgoog_0152.png"; bbox 0 0 2867 5084; ppageno 0'>
   <div class='ocr_carea' id='block_1_1' title="bbox 220 952 1008 1017">
    <p class='ocr_par' dir='ltr' id='par_1_1' title="bbox 220 952 1008 1017">
     <span class='ocr_line' id='line_1_1' title="bbox 220 952 1008 1017; baseline 0 -2"><span class='ocrx_word' id='word_1_1' title='bbox 220 952 281 1017; x_wconf 78' lang='lat'><strong><em>130</em></strong></span> <span class='ocrx_word' id='word_1_2' title='bbox 443 966 645 1016; x_wconf 75' lang='grc' dir='ltr'><strong><em>ταωιιειοτ</em></strong></span> <span class='ocrx_word' id='word_1_3' title='bbox 662 965 758 1014; x_wconf 74' lang='lat' dir='ltr'><strong><em>xm</em></strong></span> <span class='ocrx_word' id='word_1_4' title='bbox 775 965 961 1015; x_wconf 65' lang='lat' dir='ltr'><strong><em>mmm·</em></strong></span> <span class='ocrx_word' id='word_1_5' title='bbox 977 968 1008 1015; x_wconf 83' lang='grc' dir='ltr'><strong><em>ιι.</em></strong></span> 
     </span>
    </p>
   </div>
   <div class='ocr_carea' id='block_1_2' title="bbox 193 1110 1239 1590">
    <p class='ocr_par' dir='ltr' id='par_1_2' title="bbox 193 1110 1239 1590">
     <span class='ocr_line' id='line_1_2' title="bbox 216 1110 1238 1204; baseline 0.001 -21"><span class='ocrx_word' id='word_1_6' title='bbox 216 1121 264 1203; x_wconf 82' lang='grc' dir='ltr'><strong><em>τῷ</em></strong></span> <span class='ocrx_word' id='word_1_7' title='bbox 293 1120 425 1204; x_wconf 77' lang='grc' dir='ltr'><strong><em>σταυρῷ</em></strong></span> <span class='ocrx_word' id='word_1_8' title='bbox 450 1121 509 1183; x_wconf 80' lang='grc' dir='ltr'><strong><em>τοῦ</em></strong></span> <span class='ocrx_word' id='word_1_9' title='bbox 530 1124 644 1199; x_wconf 90' lang='grc' dir='ltr'><strong><em>κυρίου</em></strong></span> <span class='ocrx_word' id='word_1_10' title='bbox 666 1112 758 1201; x_wconf 75' lang='grc' dir='ltr'><strong><em>ἡμῶν</em></strong></span> <span class='ocrx_word' id='word_1_11' title='bbox 776 1110 879 1201; x_wconf 69' lang='grc' dir='ltr'><strong><em>Ἰιςσοῧ</em></strong></span> <span class='ocrx_word' id='word_1_12' title='bbox 902 1118 1067 1198; x_wconf 80' lang='grc' dir='ltr'><strong><em>Χριστοῦ,</em></strong></span> <span class='ocrx_word' id='word_1_13' title='bbox 1098 1116 1156 1183; x_wconf 66' lang='lat' dir='ltr'><strong><em>lxi</em></strong></span> <span class='ocrx_word' id='word_1_14' title='bbox 1180 1117 1238 1196; x_wconf 82' lang='grc' dir='ltr'><strong><em>τὰς</em></strong></span> 
     </span>
     <span class='ocr_line' id='line_1_3' title="bbox 218 1208 1236 1301; baseline -0.002 -20"><span class='ocrx_word' id='word_1_15' title='bbox 218 1215 292 1301; x_wconf 79' lang='grc' dir='ltr'><strong><em>έξῆς</em></strong></span> <span class='ocrx_word' id='word_1_16' title='bbox 324 1216 442 1299; x_wconf 75' lang='grc' dir='ltr'><strong><em>ἴωμεν,</em></strong></span> <span class='ocrx_word' id='word_1_17' title='bbox 475 1213 732 1297; x_wconf 74' lang='grc' dir='ltr'><strong><em>ἐπικαλούμενοι</em></strong></span> <span class='ocrx_word' id='word_1_18' title='bbox 762 1208 862 1279; x_wconf 77' lang='grc' dir='ltr'><strong><em>αι’·τὸν</em></strong></span> <span class='ocrx_word' id='word_1_19' title='bbox 895 1211 952 1279; x_wconf 85' lang='grc' dir='ltr'><strong><em>τὸν</em></strong></span> <span class='ocrx_word' id='word_1_20' title='bbox 984 1211 1067 1280; x_wconf 85' lang='grc' dir='ltr'><strong><em>θεὸν</em></strong></span> <span class='ocrx_word' id='word_1_21' title='bbox 1095 1215 1236 1299; x_wconf 73' lang='grc' dir='ltr'><strong><em>βοηθὸν,</em></strong></span> 
     </span>
     <span class='ocr_line' id='line_1_4' title="bbox 217 1305 1239 1398; baseline 0.001 -21"><span class='ocrx_word' id='word_1_22' title='bbox 217 1312 303 1395; x_wconf 82' lang='grc' dir='ltr'><strong><em>πρὸς</em></strong></span> <span class='ocrx_word' id='word_1_23' title='bbox 324 1312 382 1398; x_wconf 71' lang='grc' dir='ltr'><strong><em>τὴν</em></strong></span> <span class='ocrx_word' id='word_1_24' title='bbox 404 1316 470 1378; x_wconf 82' lang='grc' dir='ltr'><strong><em>τῶν</em></strong></span> <span class='ocrx_word' id='word_1_25' title='bbox 492 1314 622 1378; x_wconf 84' lang='grc' dir='ltr'><strong><em>λοιπῶν</em></strong></span> <span class='ocrx_word' id='word_1_26' title='bbox 643 1312 801 1394; x_wconf 80' lang='grc' dir='ltr'><strong><em>αλρέσεων</em></strong></span> <span class='ocrx_word' id='word_1_27' title='bbox 824 1306 1013 1397; x_wconf 64' lang='grc' dir='ltr'><strong><em>ἇντίρριγσίν</em></strong></span> <span class='ocrx_word' id='word_1_28' title='bbox 1035 1336 1072 1377; x_wconf 91' lang='grc' dir='ltr'><strong><em>τε</em></strong></span> <span class='ocrx_word' id='word_1_29' title='bbox 1087 1316 1143 1377; x_wconf 80' lang='grc' dir='ltr'><strong><em>καί</em></strong></span> <span class='ocrx_word' id='word_1_30' title='bbox 1159 1305 1239 1378; x_wconf 81' lang='grc' dir='ltr'><strong><em>ἂνα-</em></strong></span> 
     </span>
     <span class='ocr_line' id='line_1_5' title="bbox 217 1403 1238 1496; baseline -0.002 -21"><span class='ocrx_word' id='word_1_31' title='bbox 217 1409 343 1496; x_wconf 80' lang='grc' dir='ltr'><strong><em>τροπὴν</em></strong></span> <span class='ocrx_word' id='word_1_32' title='bbox 374 1414 440 1476; x_wconf 82' lang='grc' dir='ltr'><strong><em>τῶν</em></strong></span> <span class='ocrx_word' id='word_1_33' title='bbox 468 1405 546 1495; x_wconf 82' lang='grc' dir='ltr'><strong><em>παρ’</em></strong></span> <span class='ocrx_word' id='word_1_34' title='bbox 571 1403 686 1487; x_wconf 78' lang='grc' dir='ltr'><strong><em>αὗτοῒς</em></strong></span> <span class='ocrx_word' id='word_1_35' title='bbox 709 1415 861 1491; x_wconf 75' lang='grc' dir='ltr'><strong><em>ματαίως</em></strong></span> <span class='ocrx_word' id='word_1_36' title='bbox 882 1411 928 1494; x_wconf 79' lang='grc' dir='ltr'><strong><em>τῷ</em></strong></span> <span class='ocrx_word' id='word_1_37' title='bbox 950 1407 1063 1494; x_wconf 87' lang='grc' dir='ltr'><strong><em>κόσμῳ</em></strong></span> <span class='ocrx_word' id='word_1_38' title='bbox 1088 1405 1238 1493; x_wconf 71' lang='grc' dir='ltr'><strong><em>ὑποβαλ-</em></strong></span> 
     </span>
     <span class='ocr_line' id='line_1_6' title="bbox 193 1509 372 1590; baseline 0 -17"><span class='ocrx_word' id='word_1_39' title='bbox 193 1509 372 1590; x_wconf 70' lang='grc' dir='ltr'><strong><em>ολομένων.</em></strong></span> 
     </span>
    </p>
   </div>
   <div class='ocr_carea' id='block_1_3' title="bbox 217 1913 1263 2128">
    <p class='ocr_par' dir='ltr' id='par_1_3' title="bbox 217 1913 1263 2128">
     <span class='ocr_line' id='line_1_7' title="bbox 217 1913 1263 2019; baseline 0.002 -28"><span class='ocrx_word' id='word_1_40' title='bbox 217 1916 324 1991; x_wconf 79' lang='grc' dir='ltr'><strong><em>Κατὰ</em></strong></span> <span class='ocrx_word' id='word_1_41' title='bbox 358 1914 545 1989; x_wconf 87' lang='grc' dir='ltr'><strong><em>Μελετίου</em></strong></span> <span class='ocrx_word' id='word_1_42' title='bbox 579 1913 782 2010; x_wconf 80' lang='grc' dir='ltr'><strong><em>σχίσματος</em></strong></span> <span class='ocrx_word' id='word_1_43' title='bbox 815 1925 884 1992; x_wconf 85' lang='grc' dir='ltr'><strong><em>τοῦ</em></strong></span> <span class='ocrx_word' id='word_1_44' title='bbox 916 1918 1126 2019; x_wconf 75' lang='grc' dir='ltr'><strong><em>Αίγυπτίου</em></strong></span> <span class='ocrx_word' id='word_1_45' title='bbox 1160 1916 1263 2018; x_wconf 73' lang='grc' dir='ltr'><strong><em>μη’,υ</em></strong></span> 
     </span>
     <span class='ocr_line' id='line_1_8' title="bbox 485 2027 964 2128; baseline 0.006 -25"><span class='ocrx_word' id='word_1_46' title='bbox 485 2036 551 2125; x_wconf 80' lang='grc' dir='ltr'><strong><em>τῆς</em></strong></span> <span class='ocrx_word' id='word_1_47' title='bbox 575 2028 618 2104; x_wconf 79' lang='grc' dir='ltr'><strong><em>δέ</em></strong></span> <span class='ocrx_word' id='word_1_48' title='bbox 643 2030 874 2115; x_wconf 80' lang='grc' dir='ltr'><strong><em>ἀκολουθίας</em></strong></span> <span class='ocrx_word' id='word_1_49' title='bbox 900 2027 964 2128; x_wconf 65' lang='grc' dir='ltr'><strong><em>ξεί.</em></strong></span> 
     </span>
    </p>
   </div>
   <div class='ocr_carea' id='block_1_4' title="bbox 171 2180 1276 4315">
    <p class='ocr_par' dir='ltr' id='par_1_4' title="bbox 171 2180 1274 4315">
     <span class='ocr_line' id='line_1_9' title="bbox 306 2180 1235 2270; baseline 0.003 -22"><span class='ocrx_word' id='word_1_50' title='bbox 306 2191 332 2248; x_wconf 91' lang='grc'><strong><em>1.</em></strong></span> <span class='ocrx_word' id='word_1_51' title='bbox 362 2180 579 2248; x_wconf 83' lang='grc' dir='ltr'><strong><em>Μελετιανῶν</em></strong></span> <span class='ocrx_word' id='word_1_52' title='bbox 612 2207 647 2247; x_wconf 89' lang='grc' dir='ltr'><strong><em>τι</em></strong></span> <span class='ocrx_word' id='word_1_53' title='bbox 677 2181 787 2267; x_wconf 80' lang='grc' dir='ltr'><strong><em>τάγμα</em></strong></span> <span class='ocrx_word' id='word_1_54' title='bbox 817 2181 852 2249; x_wconf 78' lang='grc' dir='ltr'><strong><em>ἒν</em></strong></span> <span class='ocrx_word' id='word_1_55' title='bbox 878 2186 919 2270; x_wconf 83' lang='grc' dir='ltr'><strong><em>τῇ</em></strong></span> <span class='ocrx_word' id='word_1_56' title='bbox 945 2186 1011 2249; x_wconf 84' lang='grc' dir='ltr'><strong><em>τῶν</em></strong></span> <span class='ocrx_word' id='word_1_57' title='bbox 1032 2183 1235 2269; x_wconf 84' lang='grc' dir='ltr'><strong><em>Αίγυπτίων</em></strong></span> 
     </span>
     <span class='ocr_line' id='line_1_10' title="bbox 214 2273 1235 2369; baseline 0.005 -26"><span class='ocrx_word' id='word_1_58' title='bbox 214 2280 306 2365; x_wconf 79' lang='grc' dir='ltr'><strong><em>χώρᾳ</em></strong></span> <span class='ocrx_word' id='word_1_59' title='bbox 332 2274 489 2360; x_wconf 70' lang='grc' dir='ltr'><strong><em>ὑπάρχει,</em></strong></span> <span class='ocrx_word' id='word_1_60' title='bbox 518 2273 588 2345; x_wconf 81' lang='grc' dir='ltr'><strong><em>ἇπὸ</em></strong></span> <span class='ocrx_word' id='word_1_61' title='bbox 611 2281 780 2347; x_wconf 85' lang='grc' dir='ltr'><strong><em>Μελετίου</em></strong></span> <span class='ocrx_word' id='word_1_62' title='bbox 806 2279 898 2359; x_wconf 86' lang='grc' dir='ltr'><strong><em>τινὸς</em></strong></span> <span class='ocrx_word' id='word_1_63' title='bbox 926 2279 1115 2347; x_wconf 74' lang='grc' dir='ltr'><strong><em>ἐπισκόπου</em></strong></span> <span class='ocrx_word' id='word_1_64' title='bbox 1138 2281 1174 2348; x_wconf 80' lang='grc' dir='ltr'><strong><em>έν</em></strong></span> <span class='ocrx_word' id='word_1_65' title='bbox 1196 2286 1235 2369; x_wconf 86' lang='grc' dir='ltr'><strong><em>τῇ</em></strong></span> 
     </span>
     <span class='ocr_line' id='line_1_11' title="bbox 179 2376 1237 2466; baseline 0.006 -26"><span class='ocrx_word' id='word_1_66' title='bbox 179 2390 209 2440; x_wconf 83' lang='grc'><strong><em>10</em></strong></span> <span class='ocrx_word' id='word_1_67' title='bbox 218 2376 363 2462; x_wconf 67' lang='grc' dir='ltr'><strong><em>Θυίίαίδι</em></strong></span> <span class='ocrx_word' id='word_1_68' title='bbox 390 2382 565 2459; x_wconf 86' lang='grc' dir='ltr'><strong><em>γενομένου</em></strong></span> <span class='ocrx_word' id='word_1_69' title='bbox 593 2380 651 2463; x_wconf 77' lang='grc' dir='ltr'><strong><em>τῆς</em></strong></span> <span class='ocrx_word' id='word_1_70' title='bbox 682 2379 864 2463; x_wconf 77' lang='grc' dir='ltr'><strong><em>καθολικῆς</em></strong></span> <span class='ocrx_word' id='word_1_71' title='bbox 891 2377 1022 2464; x_wconf 77' lang='grc' dir='ltr'><strong><em>έκκλυσί</em></strong></span> <span class='ocrx_word' id='word_1_72' title='bbox 1008 2384 1061 2456; x_wconf 92' lang='grc' dir='ltr'><strong><em>ίας</em></strong></span> <span class='ocrx_word' id='word_1_73' title='bbox 1093 2382 1147 2445; x_wconf 84' lang='grc' dir='ltr'><strong><em>καί</em></strong></span> <span class='ocrx_word' id='word_1_74' title='bbox 1178 2383 1237 2466; x_wconf 79' lang='grc' dir='ltr'><strong><em>τῆς</em></strong></span> 
     </span>
     <span class='ocr_line' id='line_1_12' title="bbox 216 2468 1235 2561; baseline 0.006 -24"><span class='ocrx_word' id='word_1_75' title='bbox 216 2468 323 2559; x_wconf 82' lang='grc' dir='ltr'><strong><em>ὀρθυς</em></strong></span> <span class='ocrx_word' id='word_1_76' title='bbox 350 2470 588 2552; x_wconf 86' lang='grc' dir='ltr'><strong><em>πίστεως.ου</em></strong></span> <span class='ocrx_word' id='word_1_77' title='bbox 616 2474 677 2558; x_wconf 86' lang='grc' dir='ltr'><strong><em>γάρ</em></strong></span> <span class='ocrx_word' id='word_1_78' title='bbox 699 2500 732 2539; x_wconf 93' lang='grc' dir='ltr'><strong><em>τι</em></strong></span> <span class='ocrx_word' id='word_1_79' title='bbox 754 2469 1013 2560; x_wconf 65' lang='grc' dir='ltr'><strong><em>μετήλλαττενῐ</em></strong></span> <span class='ocrx_word' id='word_1_80' title='bbox 994 2500 1013 2561; x_wconf 78' lang='grc' dir='ltr'><em>η</em></span> <span class='ocrx_word' id='word_1_81' title='bbox 1037 2482 1153 2555; x_wconf 82' lang='grc' dir='ltr'><strong><em>πίστις</em></strong></span> <span class='ocrx_word' id='word_1_82' title='bbox 1177 2475 1235 2543; x_wconf 74' lang='grc' dir='ltr'><strong><em>αὖ·</em></strong></span> 
     </span>
     <span class='ocr_line' id='line_1_13' title="bbox 214 2568 1235 2687; baseline 0.005 -52"><span class='ocrx_word' id='word_1_83' title='bbox 214 2573 273 2635; x_wconf 82' lang='grc' dir='ltr'><strong><em>τοῦ</em></strong></span> <span class='ocrx_word' id='word_1_84' title='bbox 295 2570 329 2636; x_wconf 77' lang='grc' dir='ltr'><strong><em>ἐν</em></strong></span> <span class='ocrx_word' id='word_1_85' title='bbox 350 2595 453 2656; x_wconf 87' lang='grc' dir='ltr'><strong><em>καιριι</em></strong></span> <span class='ocrx_word' id='word_1_86' title='bbox 476 2596 543 2636; x_wconf 91' lang='grc' dir='ltr'><strong><em>τινι</em></strong></span> <span class='ocrx_word' id='word_1_87' title='bbox 563 2596 621 2656; x_wconf 75' lang='grc' dir='ltr'><strong><em>τες</em></strong></span> <span class='ocrx_word' id='word_1_88' title='bbox 643 2568 739 2655; x_wconf 83' lang='grc' dir='ltr'><strong><em>ἁγίας</em></strong></span> <span class='ocrx_word' id='word_1_89' title='bbox 760 2572 941 2687; x_wconf 75' lang='grc' dir='ltr'><strong><em>καθολικιγς</em></strong></span> <span class='ocrx_word' id='word_1_90' title='bbox 962 2571 1142 2658; x_wconf 79' lang='grc' dir='ltr'><strong><em>ίκκλνγσίας.</em></strong></span> <span class='ocrx_word' id='word_1_91' title='bbox 1179 2598 1235 2640; x_wconf 91' lang='grc' dir='ltr'><strong><em>ου-</em></strong></span> 
     </span>
     <span class='ocr_line' id='line_1_14' title="bbox 213 2657 1233 2757; baseline 0.005 -25"><span class='ocrx_word' id='word_1_92' title='bbox 213 2691 271 2745; x_wconf 89' lang='grc' dir='ltr'><strong><em>τος</em></strong></span> <span class='ocrx_word' id='word_1_93' title='bbox 304 2663 322 2731; x_wconf 84' lang='grc' dir='ltr'><em>ὃ</em></span> <span class='ocrx_word' id='word_1_94' title='bbox 351 2668 518 2745; x_wconf 83' lang='grc' dir='ltr'><strong><em>Μελέτιος</em></strong></span> <span class='ocrx_word' id='word_1_95' title='bbox 550 2668 725 2751; x_wconf 71' lang='grc' dir='ltr'><strong><em>σίνγχρονος</em></strong></span> <span class='ocrx_word' id='word_1_96' title='bbox 756 2657 794 2751; x_wconf 76' lang='grc' dir='ltr'><strong><em>ἦν</em></strong></span> <span class='ocrx_word' id='word_1_97' title='bbox 826 2694 879 2734; x_wconf 90' lang='grc' dir='ltr'><strong><em>και</em></strong></span> <span class='ocrx_word' id='word_1_98' title='bbox 914 2668 1142 2757; x_wconf 71' lang='grc' dir='ltr'><strong><em>συνακμαστής</em></strong></span> <span class='ocrx_word' id='word_1_99' title='bbox 1176 2695 1233 2737; x_wconf 88' lang='grc' dir='ltr'><strong><em>του</em></strong></span> 
     </span>
     <span class='ocr_line' id='line_1_15' title="bbox 214 2760 1234 2883; baseline 0.003 -53"><span class='ocrx_word' id='word_1_100' title='bbox 214 2770 455 2883; x_wconf 81' lang='grc' dir='ltr'><strong><em>προειρημένου</em></strong></span> <span class='ocrx_word' id='word_1_101' title='bbox 473 2760 595 2846; x_wconf 82' lang='grc' dir='ltr'><strong><em>Ἱερακᾶ</em></strong></span> <span class='ocrx_word' id='word_1_102' title='bbox 615 2790 660 2842; x_wconf 88' lang='grc' dir='ltr'><strong><em>τε,</em></strong></span> <span class='ocrx_word' id='word_1_103' title='bbox 683 2767 737 2830; x_wconf 78' lang='grc' dir='ltr'><strong><em>καὶ</em></strong></span> <span class='ocrx_word' id='word_1_104' title='bbox 760 2767 903 2851; x_wconf 87' lang='grc' dir='ltr'><strong><em>καθεξις</em></strong></span> <span class='ocrx_word' id='word_1_105' title='bbox 925 2766 1215 2849; x_wconf 69' lang='grc' dir='ltr'><strong><em>διαδεξαμενος,υ</em></strong></span> <span class='ocrx_word' id='word_1_106' title='bbox 1199 2793 1234 2848; x_wconf 87' lang='grc' dir='ltr'><strong><em>ος</em></strong></span> 
     </span>
     <span class='ocr_line' id='line_1_16' title="bbox 177 2850 1234 2949; baseline 0.006 -24"><span class='ocrx_word' id='word_1_107' title='bbox 177 2850 253 2949; x_wconf 74' lang='grc' dir='ltr'><strong><em>ίῡῆν</em></strong></span> <span class='ocrx_word' id='word_1_108' title='bbox 279 2864 333 2928; x_wconf 83' lang='grc' dir='ltr'><strong><em>καί</em></strong></span> <span class='ocrx_word' id='word_1_109' title='bbox 362 2866 420 2928; x_wconf 84' lang='grc' dir='ltr'><strong><em>τοῦ</em></strong></span> <span class='ocrx_word' id='word_1_110' title='bbox 449 2857 542 2946; x_wconf 83' lang='grc' dir='ltr'><strong><em>ἁγίου</em></strong></span> <span class='ocrx_word' id='word_1_111' title='bbox 565 2867 695 2943; x_wconf 84' lang='grc' dir='ltr'><strong><em>Πέτρου</em></strong></span> <span class='ocrx_word' id='word_1_112' title='bbox 723 2864 783 2927; x_wconf 82' lang='grc' dir='ltr'><strong><em>τοῦ</em></strong></span> <span class='ocrx_word' id='word_1_113' title='bbox 808 2865 866 2949; x_wconf 74' lang='grc' dir='ltr'><strong><em>τῆς</em></strong></span> <span class='ocrx_word' id='word_1_114' title='bbox 884 2857 1172 2945; x_wconf 80' lang='grc' dir='ltr'><strong><em>Ἀλεξανδρείας’</em></strong></span> <span class='ocrx_word' id='word_1_115' title='bbox 1157 2890 1234 2931; x_wconf 86' lang='grc' dir='ltr'><strong><em>επι-</em></strong></span> 
     </span>
     <span class='ocr_line' id='line_1_17' title="bbox 214 2958 1276 3047; baseline 0.002 -21"><span class='ocrx_word' id='word_1_116' title='bbox 214 2959 343 3026; x_wconf 89' lang='grc' dir='ltr'><strong><em>σκόπου</em></strong></span> <span class='ocrx_word' id='word_1_117' title='bbox 366 2958 549 3044; x_wconf 85' lang='grc' dir='ltr'><strong><em>σίγχρονος.</em></strong></span> <span class='ocrx_word' id='word_1_118' title='bbox 586 2961 639 3024; x_wconf 82' lang='grc' dir='ltr'><strong><em>καὶ</em></strong></span> <span class='ocrx_word' id='word_1_119' title='bbox 663 2983 756 3024; x_wconf 88' lang='grc' dir='ltr'><strong><em>ουτοι</em></strong></span> <span class='ocrx_word' id='word_1_120' title='bbox 779 2959 902 3037; x_wconf 82' lang='grc' dir='ltr'><strong><em>πάντες</em></strong></span> <span class='ocrx_word' id='word_1_121' title='bbox 923 2959 979 3026; x_wconf 64' lang='lat' dir='ltr'><strong><em>luz</em></strong></span> <span class='ocrx_word' id='word_1_122' title='bbox 1003 2964 1061 3025; x_wconf 82' lang='grc' dir='ltr'><strong><em>τοῦ</em></strong></span> <span class='ocrx_word' id='word_1_123' title='bbox 1084 2962 1251 3047; x_wconf 80' lang='grc' dir='ltr'><strong><em>ὀιωγμου·</em></strong></span> <span class='ocrx_word' id='word_1_124' title='bbox 1255 2986 1276 3037; x_wconf 82' lang='grc' dir='ltr'><strong><em>ιῑ</em></strong></span> 
     </span>
     <span class='ocr_line' id='line_1_18' title="bbox 212 3046 1232 3173; baseline 0.006 -52"><span class='ocrx_word' id='word_1_125' title='bbox 212 3046 296 3139; x_wconf 81' lang='grc' dir='ltr'><strong><em>ἦσαν</em></strong></span> <span class='ocrx_word' id='word_1_126' title='bbox 318 3080 377 3122; x_wconf 86' lang='grc' dir='ltr'><strong><em>του</em></strong></span> <span class='ocrx_word' id='word_1_127' title='bbox 395 3055 609 3171; x_wconf 79' lang='grc' dir='ltr'><strong><em>γενομένοι’</em></strong></span> <span class='ocrx_word' id='word_1_128' title='bbox 595 3080 651 3122; x_wconf 87' lang='grc' dir='ltr'><strong><em>επι</em></strong></span> <span class='ocrx_word' id='word_1_129' title='bbox 674 3057 914 3173; x_wconf 74' lang='grc' dir='ltr'><strong><em>Διοκλιγτιανοῦ</em></strong></span> <span class='ocrx_word' id='word_1_130' title='bbox 937 3059 990 3122; x_wconf 82' lang='grc' dir='ltr'><strong><em>καί</em></strong></span> <span class='ocrx_word' id='word_1_131' title='bbox 1004 3060 1232 3142; x_wconf 87' lang='grc' dir='ltr'><strong><em>Μαξιμιανου.</em></strong></span> 
     </span>
     <span class='ocr_line' id='line_1_19' title="bbox 212 3148 1233 3239; baseline 0.006 -22"><span class='ocrx_word' id='word_1_132' title='bbox 212 3148 232 3238; x_wconf 78' lang='grc' dir='ltr'>ἡ</span> <span class='ocrx_word' id='word_1_133' title='bbox 263 3152 299 3218; x_wconf 80' lang='grc' dir='ltr'><strong><em>δὲ</em></strong></span> <span class='ocrx_word' id='word_1_134' title='bbox 326 3152 409 3219; x_wconf 84' lang='grc' dir='ltr'><strong><em>κατὰ</em></strong></span> <span class='ocrx_word' id='word_1_135' title='bbox 435 3152 493 3218; x_wconf 88' lang='grc' dir='ltr'><strong><em>τὸν</em></strong></span> <span class='ocrx_word' id='word_1_136' title='bbox 526 3153 693 3219; x_wconf 84' lang='grc' dir='ltr'><strong><em>Μελέτιον</em></strong></span> <span class='ocrx_word' id='word_1_137' title='bbox 726 3148 894 3232; x_wconf 77' lang='grc' dir='ltr'><strong><em>ὑπόθεσις</em></strong></span> <span class='ocrx_word' id='word_1_138' title='bbox 920 3156 1037 3219; x_wconf 83' lang='grc' dir='ltr'><strong><em>τοῦτον</em></strong></span> <span class='ocrx_word' id='word_1_139' title='bbox 1067 3156 1141 3239; x_wconf 76' lang='grc' dir='ltr'><strong><em>ἔσχε</em></strong></span> <span class='ocrx_word' id='word_1_140' title='bbox 1175 3158 1233 3223; x_wconf 85' lang='grc' dir='ltr'><strong><em>τὸν</em></strong></span> 
     </span>
     <span class='ocr_line' id='line_1_20' title="bbox 211 3247 348 3333; baseline 0 -19"><span class='ocrx_word' id='word_1_141' title='bbox 211 3247 348 3333; x_wconf 86' lang='grc' dir='ltr'><strong><em>τρόπον.</em></strong></span> 
     </span>
     <span class='ocr_line' id='line_1_21' title="bbox 174 3342 1234 3464; baseline 0.01 -56"><span class='ocrx_word' id='word_1_142' title='bbox 174 3356 206 3408; x_wconf 74' lang='lat'><strong><em>2⁰</em></strong></span> <span class='ocrx_word' id='word_1_143' title='bbox 297 3350 425 3428; x_wconf 79' lang='grc' dir='ltr'><strong><em>Σχίσμα</em></strong></span> <span class='ocrx_word' id='word_1_144' title='bbox 452 3346 624 3464; x_wconf 79' lang='grc' dir='ltr'><strong><em>ἐποίησεν,</em></strong></span> <span class='ocrx_word' id='word_1_145' title='bbox 654 3342 692 3412; x_wconf 78' lang='grc' dir='ltr'><strong><em>οὐ</em></strong></span> <span class='ocrx_word' id='word_1_146' title='bbox 714 3345 778 3433; x_wconf 85' lang='grc' dir='ltr'><strong><em>μὴν</em></strong></span> <span class='ocrx_word' id='word_1_147' title='bbox 799 3348 1125 3434; x_wconf 82' lang='grc' dir='ltr'><strong><em>μετηλλαγμένως</em></strong></span> <span class='ocrx_word' id='word_1_148' title='bbox 1089 3375 1150 3437; x_wconf 80' lang='grc' dir='ltr'><strong><em>την</em></strong></span> <span class='ocrx_word' id='word_1_149' title='bbox 1173 3358 1234 3418; x_wconf 89' lang='grc' dir='ltr'><strong><em>πί-</em></strong></span> 
     </span>
     <span class='ocr_line' id='line_1_22' title="bbox 213 3432 1234 3563; baseline 0.008 -55"><span class='ocrx_word' id='word_1_150' title='bbox 213 3466 286 3509; x_wconf 89' lang='grc' dir='ltr'><strong><em>στιν</em></strong></span> <span class='ocrx_word' id='word_1_151' title='bbox 307 3448 484 3563; x_wconf 77' lang='grc' dir='ltr'><strong><em>γεγένηται.</em></strong></span> <span class='ocrx_word' id='word_1_152' title='bbox 515 3432 612 3522; x_wconf 78' lang='grc' dir='ltr'><strong><em>οὗτος</em></strong></span> <span class='ocrx_word' id='word_1_153' title='bbox 633 3444 667 3511; x_wconf 85' lang='grc' dir='ltr'><strong><em>έν</em></strong></span> <span class='ocrx_word' id='word_1_154' title='bbox 688 3447 792 3531; x_wconf 79' lang='grc' dir='ltr'><strong><em>καιρῷ</em></strong></span> <span class='ocrx_word' id='word_1_155' title='bbox 814 3447 873 3511; x_wconf 85' lang='grc' dir='ltr'><strong><em>τοῦ</em></strong></span> <span class='ocrx_word' id='word_1_156' title='bbox 896 3441 1099 3531; x_wconf 48' lang='grc' dir='ltr'><strong><em>ιλιωγμοῠ,(7</em></strong></span> <span class='ocrx_word' id='word_1_157' title='bbox 1075 3472 1147 3531; x_wconf 91' lang='grc' dir='ltr'><strong><em>αμα</em></strong></span> <span class='ocrx_word' id='word_1_158' title='bbox 1162 3453 1234 3517; x_wconf 83' lang='grc' dir='ltr'><strong><em>Πέ-</em></strong></span> 
     </span>
     <span class='ocr_line' id='line_1_23' title="bbox 210 3534 1235 3628; baseline 0.005 -22"><span class='ocrx_word' id='word_1_159' title='bbox 210 3564 278 3626; x_wconf 83' lang='grc' dir='ltr'><strong><em>τρῳ</em></strong></span> <span class='ocrx_word' id='word_1_160' title='bbox 307 3541 354 3623; x_wconf 80' lang='grc' dir='ltr'><strong><em>τῷ</em></strong></span> <span class='ocrx_word' id='word_1_161' title='bbox 382 3534 465 3624; x_wconf 86' lang='grc' dir='ltr'><strong><em>αγίῳ</em></strong></span> <span class='ocrx_word' id='word_1_162' title='bbox 493 3538 668 3627; x_wconf 79' lang='grc' dir='ltr'><strong><em>ἐπισκόπῳ</em></strong></span> <span class='ocrx_word' id='word_1_163' title='bbox 695 3543 749 3607; x_wconf 82' lang='grc' dir='ltr'><strong><em>καὶ</em></strong></span> <span class='ocrx_word' id='word_1_164' title='bbox 776 3541 917 3628; x_wconf 87' lang='grc' dir='ltr'><strong><em>μα’ρτυρι</em></strong></span> <span class='ocrx_word' id='word_1_165' title='bbox 944 3545 1094 3622; x_wconf 71' lang='grc' dir='ltr'><strong><em>καὶτοῖς</em></strong></span> <span class='ocrx_word' id='word_1_166' title='bbox 1117 3541 1235 3625; x_wconf 75' lang='grc' dir='ltr'><strong><em>ἄλλοις</em></strong></span> 
     </span>
     <span class='ocr_line' id='line_1_24' title="bbox 217 3634 1234 3726; baseline 0.003 -21"><span class='ocrx_word' id='word_1_167' title='bbox 217 3635 354 3720; x_wconf 82' lang='grc' dir='ltr'><strong><em>κάρτυσι</em></strong></span> <span class='ocrx_word' id='word_1_168' title='bbox 384 3634 627 3724; x_wconf 63' lang='grc' dir='ltr'><strong><em>συλληφθεὶςτ</em></strong></span> <span class='ocrx_word' id='word_1_169' title='bbox 612 3638 678 3704; x_wconf 88' lang='grc' dir='ltr'><strong><em>υπὸ</em></strong></span> <span class='ocrx_word' id='word_1_170' title='bbox 699 3641 766 3704; x_wconf 83' lang='grc' dir='ltr'><strong><em>τῶν</em></strong></span> <span class='ocrx_word' id='word_1_171' title='bbox 789 3638 845 3706; x_wconf 83' lang='grc' dir='ltr'><strong><em>έπὶ</em></strong></span> <span class='ocrx_word' id='word_1_172' title='bbox 867 3662 975 3725; x_wconf 87' lang='grc' dir='ltr'><strong><em>τουτιμ</em></strong></span> <span class='ocrx_word' id='word_1_173' title='bbox 996 3635 1064 3705; x_wconf 88' lang='grc' dir='ltr'><strong><em>υπὸ</em></strong></span> <span class='ocrx_word' id='word_1_174' title='bbox 1086 3642 1146 3707; x_wconf 82' lang='grc' dir='ltr'><strong><em>τοῦ</em></strong></span> <span class='ocrx_word' id='word_1_175' title='bbox 1168 3648 1234 3726; x_wconf 79' lang='grc' dir='ltr'><strong><em>βα-</em></strong></span> 
     </span>
     <span class='ocr_line' id='line_1_25' title="bbox 211 3731 1233 3823; baseline 0.006 -23"><span class='ocrx_word' id='word_1_176' title='bbox 211 3735 331 3810; x_wconf 85' lang='grc' dir='ltr'><strong><em>σιλέως</em></strong></span> <span class='ocrx_word' id='word_1_177' title='bbox 352 3731 614 3820; x_wconf 74' lang='grc' dir='ltr'><strong><em>ἐπιτεταγμένων</em></strong></span> <span class='ocrx_word' id='word_1_178' title='bbox 634 3739 702 3802; x_wconf 87' lang='grc' dir='ltr'><strong><em>τῶν</em></strong></span> <span class='ocrx_word' id='word_1_179' title='bbox 725 3732 793 3801; x_wconf 80' lang='grc' dir='ltr'><strong><em>κατ’</em></strong></span> <span class='ocrx_word' id='word_1_180' title='bbox 811 3735 915 3804; x_wconf 82' lang='grc' dir='ltr'><strong><em>ι’κελνο</em></strong></span> <span class='ocrx_word' id='word_1_181' title='bbox 930 3739 1045 3821; x_wconf 85' lang='grc' dir='ltr'><strong><em>καιροῦ</em></strong></span> <span class='ocrx_word' id='word_1_182' title='bbox 1060 3732 1233 3823; x_wconf 83' lang='grc' dir='ltr'><strong><em>ἡγεμόνων</em></strong></span> 
     </span>
     <span class='ocr_line' id='line_1_26' title="bbox 171 3824 1232 3924; baseline 0.005 -26"><span class='ocrx_word' id='word_1_183' title='bbox 171 3834 269 3917; x_wconf 63' lang='grc' dir='ltr'><strong><em>Ἁτῆς</em></strong></span> <span class='ocrx_word' id='word_1_184' title='bbox 293 3824 542 3915; x_wconf 77' lang='grc' dir='ltr'><strong><em>Ἀλεξανδρείας</em></strong></span> <span class='ocrx_word' id='word_1_185' title='bbox 568 3835 622 3898; x_wconf 82' lang='grc' dir='ltr'><strong><em>καὶ</em></strong></span> <span class='ocrx_word' id='word_1_186' title='bbox 643 3832 839 3919; x_wconf 73' lang='grc' dir='ltr'><strong><em>Αἰγύπτου·</em></strong></span> <span class='ocrx_word' id='word_1_187' title='bbox 868 3834 1073 3920; x_wconf 79' lang='grc' dir='ltr'><strong><em>Κουληιανὸς</em></strong></span> <span class='ocrx_word' id='word_1_188' title='bbox 1098 3837 1160 3917; x_wconf 80' lang='grc' dir='ltr'><strong><em>μὲν</em></strong></span> <span class='ocrx_word' id='word_1_189' title='bbox 1191 3826 1232 3924; x_wconf 76' lang='grc' dir='ltr'><strong><em>ἦν</em></strong></span> 
     </span>
     <span class='ocr_line' id='line_1_27' title="bbox 212 3924 1232 4046; baseline 0.007 -52"><span class='ocrx_word' id='word_1_190' title='bbox 212 3927 416 4043; x_wconf 70' lang='grc' dir='ltr'><strong><em>ἔπαρχος</em></strong></span> <span class='ocrx_word' id='word_1_191' title='bbox 376 3953 436 4013; x_wconf 80' lang='grc' dir='ltr'><strong><em>της</em></strong></span> <span class='ocrx_word' id='word_1_192' title='bbox 453 3931 640 4046; x_wconf 58' lang='grc' dir='ltr'><strong><em>Θηβαΐδος,</em></strong></span> <span class='ocrx_word' id='word_1_193' title='bbox 653 3924 903 4014; x_wconf 78' lang='grc' dir='ltr'><strong><em>Ἀλεξανδρείας</em></strong></span> <span class='ocrx_word' id='word_1_194' title='bbox 925 3932 961 3998; x_wconf 81' lang='grc' dir='ltr'><strong><em>δέ</em></strong></span> <span class='ocrx_word' id='word_1_195' title='bbox 979 3927 1151 4018; x_wconf 82' lang='grc' dir='ltr'><strong><em>Ἱεροκλῆς</em></strong></span> <span class='ocrx_word' id='word_1_196' title='bbox 1174 3938 1232 4001; x_wconf 80' lang='grc' dir='ltr'><strong><em>καί</em></strong></span> 
     </span>
     <span class='ocr_line' id='line_1_28' title="bbox 210 4019 1230 4143; baseline 0.011 -56"><span class='ocrx_word' id='word_1_197' title='bbox 210 4019 228 4087; x_wconf 89' lang='lat' dir='ltr'><strong><em>o‘</em></strong></span> <span class='ocrx_word' id='word_1_198' title='bbox 256 4025 317 4106; x_wconf 85' lang='grc' dir='ltr'><strong><em>μὲν</em></strong></span> <span class='ocrx_word' id='word_1_199' title='bbox 340 4026 505 4104; x_wconf 79' lang='grc' dir='ltr'><strong><em>Μελίτιος</em></strong></span> <span class='ocrx_word' id='word_1_200' title='bbox 532 4026 566 4093; x_wconf 82' lang='grc' dir='ltr'><strong><em>έν</em></strong></span> <span class='ocrx_word' id='word_1_201' title='bbox 550 4030 641 4112; x_wconf 82' lang='grc' dir='ltr'><strong><em>κτῶ</em></strong></span> <span class='ocrx_word' id='word_1_202' title='bbox 671 4028 884 4143; x_wconf 75' lang='grc' dir='ltr'><strong><em>δεσμωτνγρίῳ</em></strong></span> <span class='ocrx_word' id='word_1_203' title='bbox 913 4019 1201 4112; x_wconf 77' lang='grc' dir='ltr'><strong><em>καθειργμένος</em></strong></span> <span class='ocrx_word' id='word_1_204' title='bbox 1179 4056 1230 4118; x_wconf 81' lang='grc' dir='ltr'><strong><em>ην,</em></strong></span> 
     </span>
     <span class='ocr_line' id='line_1_29' title="bbox 210 4112 1259 4242; baseline 0.011 -60"><span class='ocrx_word' id='word_1_205' title='bbox 210 4112 310 4198; x_wconf 81' lang='grc' dir='ltr'><strong><em>αἰτός</em></strong></span> <span class='ocrx_word' id='word_1_206' title='bbox 331 4146 368 4189; x_wconf 86' lang='grc' dir='ltr'><strong><em>τε</em></strong></span> <span class='ocrx_word' id='word_1_207' title='bbox 388 4123 498 4189; x_wconf 70' lang='grc' dir='ltr'><strong><em>καί“</em></strong></span> <span class='ocrx_word' id='word_1_208' title='bbox 465 4147 497 4189; x_wconf 92' lang='grc' dir='ltr'><strong><em>οι</em></strong></span> <span class='ocrx_word' id='word_1_209' title='bbox 520 4129 755 4242; x_wconf 81' lang='grc' dir='ltr'><strong><em>προειρημένοι</em></strong></span> <span class='ocrx_word' id='word_1_210' title='bbox 768 4127 939 4209; x_wconf 83' lang='grc' dir='ltr'><strong><em>μάρτυρες,</em></strong></span> <span class='ocrx_word' id='word_1_211' title='bbox 963 4150 1033 4206; x_wconf 90' lang='grc' dir='ltr'><strong><em>αμα</em></strong></span> <span class='ocrx_word' id='word_1_212' title='bbox 1047 4128 1094 4212; x_wconf 82' lang='grc' dir='ltr'><strong><em>τῷ</em></strong></span> <span class='ocrx_word' id='word_1_213' title='bbox 1110 4150 1233 4240; x_wconf 83' lang='grc' dir='ltr'><strong><em>προει</em></strong></span> <span class='ocrx_word' id='word_1_214' title='bbox 1215 4144 1259 4194; x_wconf 76' lang='grc' dir='ltr'><strong><em>-ο</em></strong></span> 
     </span>
     <span class='ocr_line' id='line_1_30' title="bbox 209 4216 1231 4315; baseline 0.013 -35"><span class='ocrx_word' id='word_1_215' title='bbox 209 4221 338 4302; x_wconf 81' lang='grc' dir='ltr'><strong><em>ρημένιμ</em></strong></span> <span class='ocrx_word' id='word_1_216' title='bbox 365 4224 484 4307; x_wconf 83' lang='grc' dir='ltr'><strong><em>Πέτρῳ</em></strong></span> <span class='ocrx_word' id='word_1_217' title='bbox 518 4223 566 4306; x_wconf 79' lang='grc' dir='ltr'><strong><em>τῷ</em></strong></span> <span class='ocrx_word' id='word_1_218' title='bbox 598 4224 658 4307; x_wconf 83' lang='grc' dir='ltr'><strong><em>τῆς</em></strong></span> <span class='ocrx_word' id='word_1_219' title='bbox 681 4216 759 4288; x_wconf 84' lang='grc' dir='ltr'><strong><em>Αλε</em></strong></span> <span class='ocrx_word' id='word_1_220' title='bbox 761 4217 982 4308; x_wconf 82' lang='grc' dir='ltr'><strong><em>ξἀνδρείας</em></strong></span> <span class='ocrx_word' id='word_1_221' title='bbox 963 4224 1231 4315; x_wconf 87' lang='grc' dir='ltr'><strong><em>αρχιεπισκόπῳ.</em></strong></span> 
     </span>
    </p>
   </div>
   <div class='ocr_carea' id='block_1_5' title="bbox 98 4528 340 4646">
    <p class='ocr_par' dir='ltr' id='par_1_5' title="bbox 98 4528 340 4646">
     <span class='ocr_line' id='line_1_31' title="bbox 98 4528 340 4646; baseline 0 0"><span class='ocrx_word' id='word_1_222' title='bbox 98 4528 340 4646; x_wconf 71' lang='grc' dir='ltr'><strong>Α</strong></span> 
     </span>
    </p>
   </div>
   <div class='ocr_carea' id='block_1_6' title="bbox 0 0 1438 5084">
    <p class='ocr_par' dir='ltr' id='par_1_6' title="bbox 0 0 1438 5084">
     <span class='ocr_line' id='line_1_32' title="bbox 0 0 1438 5084; baseline 0 7"><span class='ocrx_word' id='word_1_223' title='bbox 0 0 1438 5084; x_wconf 95' lang='lat' dir='ltr'><strong><em> </em></strong></span> 
     </span>
    </p>
   </div>
  </div>
 </body>
</html>
