2867 5084
600 987 706 1040 ιιιιιιῑ
725 990 906 1040 Ammon.
1200 982 1261 1045 301
1319 1062 1325 1073 Ι

235 1137 366 1218 τάξεως
387 1141 453 1205 τῶν
476 1135 674 1206 ἀποστόλων
697 1143 812 1225 λέγειν,
846 1145 920 1221 πῶς
943 1142 1009 1210 ἐκεῖ
1032 1137 1189 1227 ιόρίζοντο
1210 1169 1266 1212 τε·

235 1235 345 1318 τράδα
375 1237 430 1303 καί
452 1237 689 1323 προσάββατον
720 1245 872 1324 νηστείαν
902 1239 958 1306 διὰ
985 1240 1127 1319 παντὸς,
1163 1244 1267 1325 χωρίς

236 1339 487 1421 Πεντηκοστης,·
516 1338 570 1401 καὶ
593 1340 670 1420 περὶ
693 1341 760 1402 τῶν
783 1339 819 1416 ἐξ
832 1332 962 1421 ἡμερῶν
978 1341 1036 1403 τοῦ
1052 1338 1173 1420 Πάσχα
1189 1343 1266 1418 πῶς

206 1433 515 1515 (παραγγέλλουσι,
538 1435 639 1520 μηδὲν
663 1430 749 1511 ὅλως
765 1434 944 1517 λαμβάνειν
960 1429 980 1521 ἢ
996 1433 1097 1518 ἀρτου
1112 1434 1167 1500 καὶ
1183 1433 1264 1514 ἀλδς

235 1531 291 1595 καὶ
316 1525 452 1609 ἀδατος,
489 1537 594 1597 ποίαν
615 1557 651 1597 τε
672 1528 796 1618 ἡμέραν
819 1530 919 1615 ἀγειν,
947 1535 1022 1609 πῶς
1043 1558 1079 1598 τε
1102 1528 1289 1601 ἀπολόεινῐν

236 1626 286 1704 εἷς
309 1625 568 1713 ἐπιφώσκοισαν
589 1629 753 1716 κυριακην,
778 1630 921 1715 φανερόν
944 1628 1024 1695 ἐστι.
1060 1637 1112 1708 τίς
1127 1631 1163 1697 δὲ
1177 1632 1262 1713 μάλ-

234 1725 297 1790 λον
325 1724 504 1791 ἐπίσταται
531 1725 676 1807 τοότων,·
720 1724 738 1791 ὁ
765 1721 976 1813 ἠπατημένος
1009 1712 1207 1811 ἀνδριιῖπος,
1242 1723 1262 1793 ό

234 1824 295 1887 νῦν
317 1821 502 1908 ἐκδημήσας
533 1826 585 1890 καὶ
617 1824 678 1901 ἕως
700 1827 757 1889 νῦν
780 1824 813 1890 ἐν
841 1828 888 1910 τῷ
911 1832 974 1911 βίην
1003 1827 1145 1907 περιιόν,
1179 1819 1200 1911 ἢ
1227 1825 1261 1892 ολ

233 1919 305 2003 πρὸ
326 1915 419 2006 ἡμῶν
440 1919 602 2005 μάρτυρες
624 1921 807 2006 γεγονότες,
842 1923 968 2003 ἐχοντες
996 1920 1064 2005 πρὸ
1086 1918 1179 2008 ἡμῶν
1201 1921 1261 2008 τὴν

233 2016 425 2100 παράδοσιν
449 2018 505 2085 ἐπὶ
528 2021 586 2104 τῆς
609 2018 788 2106 ἐκκλησίας,
820 2022 875 2085 καὶ
899 2009 991 2085 οὗτοι
1014 2019 1260 2107 παρειληφότες
1271 2036 1303 2086 ιο

233 2114 331 2199 παρὰ
364 2119 430 2180 τῶν
463 2111 571 2182 αὐτῶν
605 2123 775 2200 πατίρων,
810 2121 876 2182 τῶν
903 2144 938 2183 τε·
967 2112 1075 2183 αὐτῶν
1106 2123 1260 2200 πατέριον

232 2211 338 2279 πάλιν
360 2213 604 2298 μεμαθηκότων
632 2213 726 2298 παρὰ
754 2217 820 2281 τῶν
846 2214 914 2298 πρὸ
937 2209 1044 2280 αὐτῶν
1067 2213 1260 2298 γεγονότιον,

231 2312 309 2387 πῶς
330 2305 349 2395 ἦ
374 2311 526 2397 ἐκκλησία
547 2313 791 2396 παραλαβοῦσα
819 2311 913 2395 παρὰ
939 2315 1005 2376 τῶν
1034 2306 1134 2396 αὐτῆς
1156 2317 1260 2377 πατέ-

202 2421 299 2490 ῠρων
330 2405 405 2490 ἀχρι
433 2411 487 2475 καὶ
516 2412 575 2495 τῆς
604 2411 700 2494 δεῦρο
722 2416 848 2491 κατέχει
875 2409 933 2496 τὴν
957 2404 1120 2495 ἀληθινὴν
1143 2415 1259 2474 πίστιν

229 2509 283 2570 και
308 2506 370 2583 τάς
393 2505 597 2588 παραδόσεις
605 2537 615 2587 ,·
652 2511 706 2572 καὶ
731 2509 941 2572 διαπιπτέτω
972 2507 1075 2572 πάλιν
1097 2501 1116 2591 ἦ
1139 2506 1258 2572 τοότου
1271 2522 1302 2572 15

230 2601 343 2667 ἐννοια
366 2597 385 2688 ἦ
409 2606 485 2686 περὶ
509 2608 567 2670 τοῦ
583 2604 714 2686 Πάσχα.
747 2599 818 2671 εἶτα
842 2607 877 2671 δὲ
901 2605 930 2671 εἰ
950 2603 995 2690 μὴ
1017 2606 1094 2686 περὶ
1118 2606 1177 2688 τῆς
1199 2601 1260 2670 αό-

229 2701 290 2785 της
318 2695 519 2779 ὑποθέσεως
550 2701 717 2785 τετρόδων
747 2707 799 2768 καὶ
831 2703 1076 2787 προσαββάτων
1107 2702 1139 2767 οἱ
1162 2696 1257 2768 αάτολ

230 2791 419 2863 ἀπόστολοι
442 2799 475 2865 ἐν
497 2803 535 2886 τῇ
560 2801 708 2878 διατάξει
732 2800 852 2883 ἐλεγον,
875 2802 928 2865 καὶ
953 2798 1061 2877 άλλως
1077 2798 1111 2866 ἐκ
1126 2825 1257 2865 παντα-

228 2893 333 2976 χόθεν
357 2895 486 2978 εἴχομεν
515 2891 709 2976 ἀποδεῖξαι,
740 2894 831 2980 ὅμως
858 2900 934 2980 περὶ
965 2896 1084 2963 τούτου
1113 2892 1258 2983 ἀκριβῶς

227 2992 407 3078 γράφουσι.
456 2995 643 3080 παρείληφε
672 2995 708 3060 δὲ
737 2990 755 3081 ἡ
786 2995 938 3080 ἐκκλησία
966 2997 1018 3061 καί
1050 2994 1083 3060 ἐν
1113 2990 1180 3079 ὅλῳ
1209 2998 1300 3080 τῷτί)

227 3088 343 3176 κόσμῳ
368 3090 640 3177 συμπεφώνηται,
664 3095 745 3175 πρὶν
767 3096 825 3157 τοῦ
850 3087 934 3159 εἶναι
948 3086 1079 3175 Ἀέριον
1101 3092 1256 3170 καὶτοὺς

227 3182 288 3254 ἀπ’
314 3182 414 3253 αι’·τοῦ
434 3182 634 3271 Ἀεριανοός.
665 3189 749 3271 τάχα
770 3189 831 3274 γὰρ
846 3193 898 3255 καὶ
915 3189 998 3254 κατὰ
1012 3193 1110 3254 τοῦτο
1127 3187 1257 3254 δικαιό-

225 3309 330 3351 τατον·
360 3282 465 3368 ὄνομα
495 3287 639 3374 εἴληφεν.
685 3280 815 3370 Ἀίριον
849 3285 911 3370 γὰρ
941 3288 1071 3368 πνεῦμα
1101 3286 1192 3367 ἐσχεν
1222 3285 1259 3367 ἐξ

181 3397 216 3447 ιιΙ
231 3377 445 3468 ἀκαθαρσίας
474 3379 544 3450 ἀπὸ
565 3388 631 3450 τῶν
658 3378 777 3467 ἀερίων
793 3382 988 3468 πνευμάτων
1010 3387 1068 3469 τῆς
1083 3391 1255 3471 πονηρίας,

223 3479 267 3546 τὸ
289 3479 325 3547 ἐν
346 3475 435 3566 αότῷ
459 3482 595 3568 οἴκησαν
616 3481 701 3549 κατὰ
723 3486 781 3568 τῆς
804 3482 983 3567 ἐκκλησίας.
1264 3499 1299 3550 2⁵

315 3585 343 3644 7.
367 3577 505 3646 Ἔπειτα
529 3580 564 3646 δὲ
585 3578 665 3663 περὶ
686 3584 746 3645 τοῦ
767 3574 915 3662 όνόματα
929 3581 1034 3664 λέγειν
1056 3582 1122 3645 τῶν
1144 3582 1255 3647 τελευ-

221 3674 409 3762 τησάντων,
432 3683 466 3743 τί
489 3671 529 3743 ἀν
552 3678 602 3763 εἴη
624 3675 744 3742 τούτου
759 3684 1055 3763 προυργιαίτεραν;
1085 3685 1119 3744 τί
1133 3678 1254 3744 τούτου

221 3773 443 3858 κατριιότερον
469 3775 524 3840 καὶ
554 3774 850 3858 θαυμασιιότερον,·
888 3775 1058 3842 πιστεύειν
1090 3777 1149 3858 μὲν
1177 3775 1257 3853 τοὺς

223 3869 399 3954 παρόντας
428 3867 480 3938 ὅτι
510 3872 542 3938 ολ
574 3867 783 3950 ἀπελθόντες
816 3873 897 3952 ζῶσι
925 3873 979 3939 καί
1009 3873 1043 3940 ἐν
1066 3868 1255 3958 ἀνυπορξίᾳ

222 3962 287 4036 οάκ
309 3967 394 4035 εἰσὶν
402 4018 411 4047 ,
441 3966 526 4036 ἀλλὰ
548 3969 611 4036 εἰσὶ
634 3972 687 4035 καὶ
713 3970 794 4049 ζῶσι
817 3970 910 4053 παρὰ
932 3973 978 4056 τῷ
1003 3969 1167 4056 δεσπότῃ,
1198 3971 1297 4035 καλλι)

221 4063 323 4144 ὅπως
345 4060 387 4132 ἀν
407 4065 447 4131 τό
470 4066 671 4149 σεμνότατον
691 4066 837 4154 κηρυγμα
853 4067 1072 4153 διηγησοιντο,
1097 4062 1141 4144 τός
1157 4065 1254 4144 ἐλπίς

218 4165 316 4233 ἐστιν
340 4157 427 4248 ἀπέρ
442 4159 596 4251 ἀδελφῶν
612 4158 810 4247 εὐχομένοις,
835 4161 881 4244 ὡς
899 4165 934 4231 ἐν
949 4159 1123 4250 ἀποδημίᾳ
1137 4187 1255 4247 τυγχα-

218 4261 360 4331 νόντων.
403 4255 527 4349 ὠφελεῖ
550 4262 659 4328 δὲκαὶ
687 4257 706 4349 ἦ
737 4257 822 4348 ὑπὲρ
850 4257 958 4328 αὐτῶν
985 4267 1138 4348 γινομένη
1167 4255 1256 4348 εόχέη,
1282 4265 1294 4280 ”

1185 4418 1362 4600 P
