2867 5084
464 935 558 991 mx.
576 937 847 988 Ανιιιοιτκνιτνι.
1103 927 1163 991 167

107 1107 128 1156 ο
137 1111 238 1173 γιοτα
254 1088 541 1172 συγκροτοόμενον,
557 1091 610 1153 καί
627 1087 665 1153 τό
682 1087 731 1154 fu
746 1081 911 1173 ἀνώτερον
926 1083 1161 1170 ὑποδεικνύων,

137 1184 177 1250 τὸ
202 1185 252 1252 λ’τι
274 1180 359 1269 ὑπὲρ
381 1188 494 1251 πᾶσαν
516 1191 622 1251 κτίσιν
646 1185 773 1270 σημάνῃ
800 1179 1032 1273 ἀναφαίρετον.

226 1288 278 1349 23.
307 1279 374 1349 Διὸ
395 1285 450 1349 καὶ
472 1277 490 1346 5
510 1276 658 1368 Ἰωάννης
680 1281 790 1348 ἐλθὼν
812 1277 1016 1367 ὁμακάριος,
1039 1286 1093 1350 καὶ
1110 1279 1163 1350 εό-

139 1379 209 1462 ριίνν
231 1378 309 1457 τοὺς
331 1373 534 1464 ἀνθρώπους
552 1373 793 1465 ἠσχσλημένους
807 1382 885 1462 περὶ
899 1380 957 1466 τὴν
973 1380 1061 1447 κάτω
1077 1387 1163 1465 Χρι-

139 1479 222 1543 στοῦ
246 1483 443 1559 παρουσίαν,
466 1479 520 1543 καί
543 1479 608 1541 τῶν
630 1469 901 1561 μλνἜβιωναίων
923 1477 1186 1560 πλανηθέντωνο

139 1573 200 1641 515
228 1572 286 1660 τὴν
316 1574 472 1658 ίνσαρκον
501 1575 650 1657 Χριστοῦ
680 1575 890 1659 γενεαλογίαν
918 1569 987 1640 ἀπὸ
1011 1570 1163 1659 Ἀβραὰμ

139 1677 375 1756 καταγομένην,
388 1674 441 1737 καὶ
455 1666 522 1736 ἀπὸ
534 1673 654 1736 Λουκᾶ
670 1666 872 1756 ἀναγομένην
888 1669 962 1756 ἀχρι
973 1675 1031 1737 τοῦ
1044 1669 1162 1756 Ἀδὰμ,

144 1764 249 1853 εάρών
272 1770 307 1834 όλ
329 1768 406 1845 τοὺς
425 1767 671 1854 Κηρινόιανοὺς
691 1771 747 1834 καὶ
762 1769 1020 1854 Μηρινίίιανοός
1042 1769 1076 1835 λκ
1097 1795 1165 1835 πο·

88 1869 303 1951 Ἱκῖρατριβῇς
331 1859 431 1931 αίτὸν
459 1867 613 1948 λέγοντας
642 1860 726 1932 εἶναι
757 1865 858 1949 ψιλὸν
882 1864 1080 1950 ἄνθρωπον,
1110 1868 1165 1933 καὶ

143 1961 223 2041 τοὺς
245 1963 476 2045 Ναζωραίους,
506 1961 561 2028 καί
583 1959 685 2041 ἀλλος
707 1962 836 2041 πολλὰς
858 1965 1015 2048 αἱρέσεις,
1040 1959 1085 2044 ὡς
1107 1980 1204 2031 ›ta-¹⁰

143 2060 246 2127 τόπιν
269 2058 389 2138 ε’λιλών,
416 2066 570 2145 τέταρτος
590 2060 651 2145 γὰρ
673 2050 771 2139 οὗτος
794 2056 1047 2146 εὐαγγελίζεται,
1071 2060 1166 2144 ἀρχε-

144 2183 201 2223 ται
225 2152 482 2240 ἀνακαλεῖσθαι,
513 2151 558 2234 ιῦς
581 2157 703 2235 εἰπεῖν,
733 2156 810 2235 τοός
833 2158 1080 2242 πλανηθέντας,
1111 2154 1168 2224 καί

144 2248 386 2342 ἦσχολημίνους
408 2259 485 2338 περὶ
508 2253 566 2341 τὴν
586 2253 674 2320 κάτω
696 2258 846 2337 Χριστοῦ
875 2262 1078 2338 παρουσίαν,
1113 2256 1167 2320 καὶ

145 2353 252 2437 λέγειν
281 2347 395 2430 αότοίς
417 2347 461 2430 ὡς
483 2351 625 2418 κατόπιν
647 2358 788 2435 βαίνων,
820 2354 872 2417 καί
899 2346 984 2436 ὁρῶν
1006 2377 1098 2430 τινας
1120 2351 1168 2430 είς

145 2455 299 2533 τραχείας
329 2443 426 2526 ὁδοὺς
454 2447 656 2527 κεκλικότας,
686 2451 739 2514 καί
770 2443 915 2535 ἀφέντας
942 2448 1001 2535 την
1030 2443 1166 2515 εὐθεῖαν
1179 2466 1206 2517 1⁶

145 2550 201 2613 καὶ
224 2541 402 2633 ἀληθινὴν,
426 2541 471 2625 ὡς
494 2547 618 2614 εἰπεῖν·
648 2557 711 2612 ποῖ
729 2552 893 2633 φέρεσθε,·
916 2556 980 2612 ποῖ
1000 2546 1168 2631 βαδίζετες

147 2645 180 2711 οἱ
209 2643 268 2730 τὴν
296 2654 449 2727 τραχεῖαν
478 2639 555 2710 ὁδὸν
584 2646 637 2709 καὶ
668 2642 880 2728 σκανδαλώόη
910 2647 963 2710 καί
990 2644 1036 2723 είς
1056 2642 1169 2727 χάσμα

148 2748 317 2829 φέρουσαν
344 2741 549 2825 βαδίζοντες,
580 2737 807 2825 ἀνακάμφατε.
853 2736 911 2806 οόκ
941 2742 1029 2808 ἔστιν
1053 2737 1168 2821 οὕτως,

121 2835 210 2905 ουόκ
232 2839 321 2906 ἔστιν
344 2833 413 2905 ἀπὸ
437 2844 574 2923 Μαρίας
595 2838 697 2921 μόνον
720 2833 738 2905 5
761 2837 843 2916 θεὸς
865 2838 975 2923 λόγος,
1005 2833 1022 2903 5
1047 2839 1080 2905 ίκ
1102 2864 1169 2905 ποι-

148 2934 228 3019 τρός
250 2934 382 3003 ἀνωθεν
405 2941 647 3021 γεγεννημένος,
672 2931 730 3002 οόκ
753 2938 842 3003 ἔστιν
866 2931 934 3002 ἀπὸ
957 2939 1022 3003 τῶν
1043 2936 1210 3022 χρόνιονκσ

146 3027 269 3119 Ἰωσὴφ
289 3036 347 3098 τοῦ
369 3032 490 3119 ταύτης
513 3027 697 3117 όρμαστοῦ,
722 3028 779 3100 σι”κ
802 3034 891 3101 ἔστιν
914 3028 983 3100 άπὸ
1006 3038 1072 3099 τῶν
1091 3033 1170 3116 χρό-

153 3155 220 3194 νων
241 3129 414 3217 §alaeam
441 3136 494 3197 καί
517 3130 709 3250 Ζοροβάβελ
736 3133 789 3197 καὶ
812 3132 923 3214 Δαβλό
944 3133 997 3196 καὶ
1018 3127 1169 3213 Ἀβραὰμ

151 3229 206 3292 καί
228 3218 337 3310 ’ίακώβ
358 3178 413 3293 κάλ
428 3231 506 3294 Νῶε
528 3230 581 3293 καὶ
602 3222 720 3310 Ἀδὰμ,
744 3223 865 3294 ἀλλὰ’
851 3253 884 3294 εν
908 3223 1027 3313 ἀρχη
1013 3217 1049 3290 ίν
1074 3223 1091 3291 5
1115 3227 1171 3290 λό-

147 3348 217 3410 γος,
239 3322 294 3389 καὶ
317 3319 335 3388 5
358 3313 494 3409 λόγος’
476 3351 523 3442 ην
536 3324 622 3409 πρὸς
643 3325 700 3390 τὸν
725 3325 815 3403 θεὸν,
839 3328 892 3391 καὶ
917 3323 997 3402 θεὸς
1020 3351 1057 3409 ην
1081 3318 1171 3389 ὁλό-

147 3446 216 3507 γος.
247 3418 286 3487 τὸ
308 3410 386 3488 55³
368 3448 406 3507 ην
428 3425 480 3487 καί
504 3448 542 3507 ην
565 3424 617 3487 καί
641 3411 680 3507 ίν
703 3417 760 3504 οίχ
784 3417 980 3504 ὑποδέχεται
1002 3421 1040 3487 τὸ
1062 3448 1111 3538 μη
1095 3417 1170 3489 εί·
1154 3444 1209 3494 -οο

149 3544 206 3586 ναι
234 3523 329 3584 ποτέ.
373 3515 472 3585 κοιλί
457 3522 537 3605 ορᾷς
565 3522 640 3597 πῶς
662 3514 764 3597 εὐθὺς
786 3518 827 3585 τὰ
850 3519 1013 3605 ἐγγυτάτω
1037 3524 1171 3604 πρῶτον

149 3621 315 3702 σημαίνει.
360 3640 405 3693 ως
426 3621 614 3696 Ματθαίος
640 3619 700 3699 μὲν
728 3615 786 3703 τὴν
810 3612 887 3683 ὁδὸν
911 3617 1013 3696 ίόειξε
1036 3615 1091 3682 διὰ
1113 3619 1172 3703 τῆς

148 3713 376 3799 γενεαλογίας,
404 3717 458 3779 καὶ
488 3709 564 3780 0555
593 3707 692 3792 αὐτὸς
724 3709 920 3800 ἠκρίβωσεν,
955 3708 1023 3779 ἀλλ’
1055 3712 1170 3798 ἐπειδὴ

120 3808 286 3879 Βάνυιθεν
315 3809 412 3896 ἔφερε
439 3816 548 3879 καίτοι
575 3833 612 3895 γε
639 3810 697 3896 την
726 3813 943 3895 γενεαλογίαν.
989 3812 1062 3887 πῶς
1091 3835 1125 3875 τε
1153 3803 1172 3874 5

149 3906 295 3991 Μάρκος
316 3906 395 3990 περὶ
416 3910 481 3973 τῶν
505 3907 538 3976 ίν
560 3910 607 3993 τῷ
630 3906 743 3994 κόσμῳ
758 3913 1103 3994 πεπραγματευμίνων
1118 3908 1212 3975 uam

148 4029 266 4094 φωνης
286 4003 418 4092 βοώσης
440 4004 535 4072 ἐν
495 4030 534 4093 τη
559 4003 618 4168 λγριέ
605 4031 682 4090 γμφ,
713 4008 790 4089 περὶ
819 4009 878 4071 τοῦ
901 4011 1013 4088 κυρίου
1035 4007 1092 4068 τοῦ
1116 4003 1173 4070 όιά

147 4103 336 4190 προφητῶν
358 4125 599 4191 πεπρσφητευμ
603 4107 676 4168 ίνου
692 4103 745 4168 καὶ
763 4101 874 4187 νόμου.
905 4105 978 4179 πῶς
993 4125 1028 4166 τε
1044 4095 1062 4164 5
1077 4109 1174 4167 Λου-

146 4202 209 4279 κᾶς
240 4191 311 4264 ἀπὸ
340 4202 405 4267 τῶν
434 4199 522 4268 κάτω
550 4199 608 4269 ἐπὶ
636 4199 678 4266 τὰ
705 4196 775 4267 ἀνω
803 4192 935 4285 ἀνηγεν,
968 4193 1057 4276 ελς”
1038 4221 1173 4284 νστερον

1042 4528 1241 4662 Α
