2867 5084
282 938 345 1001 430
508 950 712 1000 εσιυκσιοτ
727 950 823 999 κιαι
842 951 1029 1000 mmm
1044 952 1072 999 r.

280 1102 392 1188 βολήν,
416 1095 437 1188 ἢ
459 1100 633 1187 προκοπὴν
649 1107 938 1187 περιποιουμένης.
971 1096 1068 1187 ἡγὰρ
1084 1094 1168 1188 αὐτὴ
1185 1100 1311 1188 θεότης

282 1194 426 1283 ἀμείνιυν
450 1198 519 1264 ε’στλ
542 1201 594 1263 καί
620 1193 813 1282 ἀσύγκριτος
835 1197 888 1262 καὶ
913 1199 1145 1283 όεόοξασμένη.

367 1294 420 1362 κε’.
458 1297 500 1362 Εἰ
522 1296 560 1360 τὸ
584 1291 758 1379 ἀγέννητον
781 1296 877 1381 δηλοῖ
898 1301 1051 1381 στέρησιν
1082 1295 1127 1380 μὴ
1158 1299 1355 1379 προσοῦ-912

283 1417 344 1459 σαν
373 1396 460 1478 θεῷ,
496 1396 569 1470 πιῦς
593 1389 767 1478 ἀγέννητον
796 1389 880 1459 εἶναι
903 1394 1052 1476 λέγομεν,
1087 1393 1245 1479 γεννητὸν
1273 1395 1308 1459 δὲ

258 1491 324 1577 ὁμὴ
349 1486 452 1572 εἶνοις

363 1586 564 1674 Ἀνατροπή.
605 1583 798 1673 Ἀγέννητόν
827 1585 899 1651 ἐστι
925 1588 985 1669 μὲν
1009 1576 1082 1665 οὐν,
1116 1586 1242 1672 ἐρρέθη
1271 1589 1307 1653 δὲ

281 1681 438 1769 οὐδαμοῦ,
463 1681 520 1751 οὐκ
533 1681 613 1771 ,ἀπὸ
635 1689 693 1750 τοῦ
716 1685 903 1771 προφήτου,
928 1680 986 1750 οὐκ
1008 1679 1078 1749 ἀπὸ
1100 1680 1306 1764 ἀποστόλου,

282 1778 339 1848 οὐκ
370 1779 439 1848 ἀπό
468 1778 706 1869 εὐαγγελιστοῦ.
753 1786 870 1863 θαῦμα
898 1780 959 1865 γὰρ
988 1776 1063 1847 οὐδὲ
1087 1783 1121 1847 ἓν
1144 1772 1183 1868 ἦν
1206 1786 1306 1848 τοῦτο

280 1879 359 1963 περὶ
381 1885 464 1946 θεοῦ
488 1882 601 1965 λέγειν.
640 1883 770 1966 προσῆν
792 1880 853 1964 γὰρ
875 1883 922 1964 τῴ
938 1874 1066 1962 εὐσεβεῖ
1080 1881 1233 1967 λογισμῷ
1251 1875 1316 1968 ὐπ’Ι

243 1973 381 2042 ιοαύτοῦ
404 1982 463 2043 τοῦ
485 1977 568 2043 κατὰ
590 1977 648 2063 την
671 1977 772 2061 φύσιν
790 1977 902 2058 νόμου.
941 1974 979 2040 σύ
997 1977 1042 2054 δὲ,
1063 1971 1180 2056 Ἀέτιε,
1205 1980 1331 2050 τοῦτοε

279 2071 357 2159 ἡμῖν
390 2075 630 2159 καινοτομηοας
663 2075 768 2157 λέγειν
806 2069 851 2151 ιῦς
888 2077 1006 2156 θαῦμα
1044 2083 1333 2161 προσεισφέρειν·

279 2177 411 2259 σεαυτῷ
434 2174 585 2256 νομίζεις.
624 2177 809 2258 σονέφυρας
838 2173 873 2236 δὲ
901 2175 954 2236 καὶ
979 2173 1153 2254 συνέμιξας
1179 2176 1231 2257 τῷ
1255 2168 1305 2239 εύ-

178 2306 186 2316 ·
279 2278 371 2355 σοβεῖ
392 2274 449 2353 τῆς
471 2270 603 2357 φύσειυς
631 2268 722 2354 νόμῳ
751 2272 805 2334 καὶ
833 2272 880 2354 τηῦ
910 2271 968 2354 τῆς
996 2276 1143 2346 πίστεως
1174 2275 1304 2356 θεσμῷ,

278 2372 325 2453 τῷ
359 2368 416 2434 ἐπὶ
449 2368 626 2454 προσθήκῃ
659 2366 867 2450 βελτιώσεως
894 2365 927 2431 ἐκ
957 2370 1040 2432 θεοῦ
1068 2374 1304 2454 κεχαρισμένῳ,

241 2466 317 2531 15τό
346 2470 392 2550 τῷ
422 2460 585 2551 ἀγεννήτφ
618 2464 771 2550 γεννητὸν
802 2464 981 2549 ἐπινοῆσαι
1014 2463 1227 2547 ἐξισούμενον
1257 2469 1303 2551 τ(

278 2557 458 2646 ἀξιώματι,
496 2563 552 2628 ἵνα
582 2558 715 2644 όπαρά
744 2564 797 2626 σοὶ
827 2561 1112 2644 προσκυνούμενος
1142 2558 1305 2645 ἀνόμοιος

278 2660 352 2737 λ’σσς
375 2656 524 2745 εὐρεθείη
554 2663 600 2743 τῷ
629 2659 712 2724 κατὰ
742 2661 779 2724 σὲ
804 2653 970 2741 ἀνομοίως
996 2665 1237 2746 κηρυττομένῳ.
1276 2661 1305 2727 εἰ

277 2759 337 2838 μὲν
360 2747 417 2821 οὐν
440 2754 702 2841 προσκυνήσεως
723 2755 781 2821 τὸν
804 2762 932 2840 πατέρα
957 2758 1038 2842 ψιλῇ
1056 2750 1233 2844 ὀνομασίᾳ,
1259 2758 1304 2824 εί-

278 2860 398 2938 ριυνείηι
420 2852 477 2937 τὴν
499 2853 596 2939 τιμὴν
619 2853 852 2939 προσήνεγκας.
890 2856 943 2918 καί
968 2854 997 2920 εί
1018 2852 1075 2917 τὸν
1096 2852 1171 2919 υἱὸν
1193 2879 1303 2940 προσ-

238 2950 457 3035 ιθκυνήσειας,
482 2946 640 3035 ἀνόμοιον
662 2955 764 3033 πατρί
788 2950 1024 3034 ἐπιγινώσκων,
1055 2949 1212 3034 σύγχυσιν
1236 2953 1329 3039 είρ-(;

276 3048 369 3132 γάσω
401 3049 434 3114 ἐν
467 3052 506 3136 τῇ
543 3047 780 3135 προσκυνήσει,
826 3043 983 3131 ἀνόμοιον
1018 3043 1179 3129 ἀνομοίου
1220 3051 1304 3129 ἰ’σως

276 3146 425 3232 τιμήσας.
465 3147 494 3213 εἰ
523 3147 559 3213 δὲ
588 3146 644 3212 διὰ
671 3146 731 3230 τὴν
761 3149 820 3211 σοῦ
850 3145 1022 3232 πρόληψιν
1050 3148 1110 3232 τῆς
1140 3140 1304 3226 ἀπιστίας

277 3241 412 3330 ἀρνήσει
434 3255 630 3328 προσκυνεῖν
653 3244 731 3328 υἱῷ,
762 3243 943 3329 ἐλεγχθηση
967 3240 1035 3308 ὐπὸ
1058 3242 1214 3324 πάντων,
1243 3241 1303 3312 οὐκ

277 3341 431 3426 ἐπιγνοὺς
452 3342 509 3408 τὸν
533 3337 758 3428 όφειλομένως
775 3337 843 3406 ὐπὸ
859 3339 995 3407 πάντων
1010 3341 1302 3425 προσκυνούμενον

237 3442 328 3512 γεκαὶ
364 3440 447 3506 ἰ’σον.
491 3438 759 3525 προσκυνήσσοσι
790 3439 851 3523 γὰρ
886 3435 974 3523 αὐτῷ
1008 3436 1132 3514 πάντες
1167 3437 1303 3525 ἄγγελοι

276 3541 375 3615 θεοῦ,
409 3539 461 3601 καὶ
496 3536 738 3622 προσεκύνησεν
770 3532 858 3621 αὐτῷ
888 3542 1009 3619 Μαρία
1045 3535 1188 3615 ένόόξως
1222 3533 1305 3606 ἀνα-

276 3635 391 3700 στάντι
414 3634 447 3699 ἐν
471 3643 575 3716 σαρκί,
599 3637 654 3699 καὶ
676 3633 799 3711 πάντες
822 3633 855 3697 οἱ
870 3629 971 3697 αὐτοῦ
985 3638 1148 3714 μαθηταί.
1185 3630 1304 3723 οὐγὰρ

276 3732 358 3814 ἔχειν
381 3734 533 3816 γεννητοῦ
557 3726 748 3813 ὀνομασίαν,
773 3727 849 3797 οὐδὲ·
871 3733 1014 3809 κτιστσῦ,
1038 3729 1072 3796 έκ
1094 3731 1229 3817 πατρὸς
1252 3761 1306 3821 γε-

274 3836 467 3914 γεννημένον
490 3829 594 3906 ἰ’σασι,
622 3832 675 3894 καὶ
699 3831 942 3912 προσκυνοῦσιν
966 3825 1046 3893 όντα
1067 3826 1104 3906 έξ
1125 3825 1227 3911 ὄντος
1249 3833 1307 3900 καὶ

235 3927 313 3994 εοτό
337 3928 372 4005 ἐξ
399 3922 499 3990 αὐτοῦ
529 3922 623 4011 ἅγιον
652 3930 792 4008 πνεῦμα.
836 3926 949 3992 σ’ίόαοι
976 3924 1038 4010 γὰρ
1067 3920 1172 3992 αὐτόν
1203 3924 1307 3997 ἀλλό-

274 4048 367 4108 τριον
389 4027 428 4109 τῇ
452 4018 549 4109 οὐσίᾳ
572 4019 641 4090 ἀπὸ
663 4027 729 4089 τῶν
751 4024 941 4107 γεγονότων.
985 4016 1024 4088 ού
1046 4021 1108 4107 γάρ
1131 4021 1210 4092 ἐστι
1230 4050 1330 4113 γον-ο

274 4120 371 4205 νητὸς
391 4115 412 4207 ἢ
433 4120 574 4200 κτιστός,
605 4116 689 4187 ἀλλὰ
716 4119 868 4206 γεννητὸς
896 4120 930 4186 ἐκ
950 4119 1089 4204 πατρός.
1135 4121 1195 4187 διὸ
1225 4127 1310 4212 περὶ

273 4216 385 4282 πάντα
411 4218 524 4302 καμὼν
552 4221 605 4282 καί
634 4217 782 4296 πολλοὺς
801 4218 939 4303 χρόνους
961 4212 1154 4298 ἀναλώσας,
1182 4215 1309 4305 'Am

455 4542 632 4640 A
