2867 5084
242 955 303 1016 394
468 967 674 1027 σσιιικτιον
692 966 787 1014 xm
806 966 993 1014 Αιντεσιια·
1010 966 1039 1013 ι’.

241 1121 479 1205 φωτιζσμίνοις
505 1122 752 1201 κηροττομένης,
783 1119 835 1181 καί
865 1117 966 1199 μηδὲν
990 1115 1271 1200 παρηλλαγμένον

241 1218 358 1302 ἑαυτῆς
375 1216 517 1300 ἐχούσης,
533 1214 588 1279 διὰ
600 1218 665 1278 τιῦν
678 1213 710 1279 ίν
720 1209 863 1299 ἀληθείᾳ
876 1213 981 1298 λόγων
992 1212 1128 1298 ίσότητα
1141 1206 1270 1294 όνομα-

241 1322 316 1391 σίας
332 1311 555 1395 πληρούντων,
580 1312 707 1394 πατρὸς
724 1314 776 1376 καὶ
796 1311 868 1374 υίού
885 1313 937 1375 καί
954 1306 1048 1394 ύγίσο
1064 1309 1267 1393 πνεύματος.

242 1411 323 1498 ίφης
347 1411 381 1477 δὲ
405 1408 507 1475 πόλιν
531 1406 582 1474 ὅτι
606 1409 716 1474 πόθεν
739 1405 779 1473 ἀν
802 1434 852 1485 τις
874 1408 933 1494 την
954 1404 1150 1473 ἀποστᾶσαν
1179 1407 1308 1490 πρός93ι

218 1508 298 1595 διην
324 1505 558 1589 ύιτοσιήσασαν
593 1506 694 1591 φύσιν
723 1504 760 1570 τό
790 1501 1045 1589 ἀπαράλλακτον
1076 1505 1123 1583 είς
1146 1499 1267 1570 ούσίαν

241 1608 325 1688 ίχειν
349 1606 593 1691 συγχωρήσειεν,
619 1598 656 1668 σί·
680 1610 899 1686 προσιεμένης
921 1606 978 1689 τῆς
1000 1600 1166 1686 τοιαύτης.
1180 1599 1267 1667 ύπο-

242 1705 389 1780 στάσεως
412 1710 546 1786 γένεσιν,
571 1704 622 1766 καί
648 1701 724 1767 οὔτε
747 1712 833 1779 νοεῖς
849 1699 924 1767 σι’,ἷτε
939 1700 1093 1784 νενόηκας
1117 1696 1162 1777 ὡς
1190 1701 1266 1767 ίαν-

240 1803 297 1866 τὸν
321 1798 544 1887 ηλλοτρίωσας
567 1794 636 1864 ἀπό
659 1799 811 1883 γνιόσεως
834 1802 917 1865 θεοῦ
940 1801 998 1882 τῆς
1021 1793 1195 1882 ἀληθείας,
1228 1791 1263 1862 ού

241 1897 404 1979 πνεύματι
434 1893 515 1980 ύγίφ
544 1896 585 1960 τό
614 1900 671 1979 τῆς
700 1892 861 1981 ἀληθείας
893 1895 1143 1977 διδασκόμενος,
1182 1890 1265 1960 ἀλλὰ

206 2003 346 2081 Ιοσοφίη
379 1998 517 2079 κοσμικῇ
552 2020 590 2078 τη
623 2001 839 2079 μωρανθείση
877 1994 918 2058 τόι
962 1990 1030 2058 ἀνω
1072 1992 1261 2076 ἐμβατεύειν

240 2091 454 2174 πειρώμενος.
503 2087 698 2167 ἀκολούθως
729 2092 789 2174 γὰρ
819 2096 872 2157 καί
902 2086 1000 2167 αύτός
1029 2085 1186 2168 ἀκούσεις
1214 2087 1264 2155 ότι

239 2195 470 2273 μεματαίωιαί
499 2213 562 2254 σοι.
614 2183 703 2254 *οἶδε
732 2188 793 2272 γὰρ
823 2185 840 2252 ό
870 2189 952 2266 θεὸς
979 2187 1056 2266 τούς
1085 2189 1267 2273 λογισμούς

239 2291 304 2352 τῶν
328 2290 443 2372 σοφῶν
468 2284 519 2352 ότι
543 2288 605 2352 εἰσὶ
629 2286 795 2407 μόταιοη”
839 2282 856 2349 ό
885 2286 945 2371 γὰρ
969 2289 1088 2370 γεννῶν
1112 2285 1171 2351 τὸν
1195 2285 1282 2352 ivn*

239 2384 409 2449 πόστατον
439 2385 573 2468 λό,ον
566 2408 639 2449 ισον
668 2384 774 2467 ίαιτιύ
806 2382 954 2469 ἐγέννησε
981 2386 1033 2449 καί
1066 2377 1104 2447 ού
1114 2385 1308 2498 ‘naqqltae

204 2483 399 2566 15λαγιιένον
421 2507 479 2565 της
502 2483 619 2546 ἑαιτοί
644 2480 814 2566 θεότητος,
852 2475 889 2545 ού
914 2480 1024 2546 διὰ
991 2508 1049 2567 την
1071 2484 1130 2545 τού
1153 2481 1308 2596 γεννη

238 2605 343 2664 ματος
366 2578 559 2662 παραλίαγι
565 2605 589 2654 ν,
615 2572 728 2642 ἀλλ’”
710 2604 762 2643 οτι
786 2573 936 2661 ἀπρεπὲς
960 2575 1084 2655 ὅλως
1066 2568 1105 2664 ην
1129 2577 1168 2642 τό
1193 2580 1308 2645 διακ

239 2681 402 2763 νοηθῆναι
425 2671 510 2760 ηιιᾶς
533 2672 667 2753 ἀνάξιον
694 2677 812 2741 εαατού
841 2680 895 2741 καί
918 2674 1034 2741 ἀιισσν
1061 2674 1116 2739 καὶ
1140 2672 1308 2760 &sfosse‘

238 2775 361 2860 βηκότα
383 2776 442 2837 τού
465 2772 656 2859 γεννητορος
678 2781 901 2858 γεγεννηκέναι
934 2772 971 2837 τό
999 2778 1141 2858 γέννημα
1164 2768 1300 2840 αότὸί

239 2871 296 2936 τόν
324 2869 543 2956 γεγεννηκότα.
592 2870 644 2934 διὸ
675 2872 731 2936 διύ
764 2876 821 2936 τοῦ
852 2872 923 2935 σίού
952 2874 1005 2936 καί
1035 2869 1306 2937 ε’νοποστύτσιί

203 2969 338 3054 ἳθλόγοσ
360 2968 402 3033 τὰ
424 2966 535 3032 πάντα
557 2975 723 3053 γεγονέναι
747 2970 819 3055 ἔφη,
845 2970 899 3034 ἵνα
916 2963 1016 3033 αύτόν
1039 2962 1095 3032 ούκ
1112 2963 1184 3034 ἀπὸ
1201 2973 1296 3035 τῶν(

239 3065 419 3154 γεγονότων
453 3061 640 3151 ἀριθμήσῃ,
677 3061 745 3130 ἀλλ)
772 3067 805 3131 ἐν
834 3070 935 3149 πατρί
961 3063 1076 3148 ὅμοιον
1105 3071 1159 3132 καὶ
1193 3071 1300 3134 ἴσον(

241 3163 329 3242 ὄντα,
355 3163 410 3229 διὰ
431 3162 470 3227 τό
494 3170 691 3246 σομπρίπον
706 3190 746 3249 τη
763 3167 821 3227 τού
838 3164 965 3246 πατρὸς
982 3158 1147 3251 ὀνομασίᾳ
1169 3161 1308 3244 εἶναι,,1

241 3258 289 3329 ἀεὶ
316 3261 394 3327 ὄντα
415 3262 474 3382 την
497 3256 612 3326 οόσίαν
634 3264 681 3345 τῷ
705 3259 786 3336 όντι,
812 3255 849 3325 ού
866 3263 956 3339 ξένον
975 3258 1062 3338 όντα,
1088 3257 1175 3329 ἀλλὰ
1189 3265 1306 3351 γνηκ

240 3384 321 3437 σιον,
347 3355 392 3435 τός
414 3358 484 3422 σίόν
508 3356 686 3424 όαοούσιον
710 3358 745 3437 ἕξ
767 3354 867 3422 αὐτοῦ
890 3365 1128 3442 γεγεννημένον.

201 3471 231 3520 25
324 3455 367 3519 δ’.
406 3456 446 3519 Et
470 3451 623 3522 ατελεστι
614 3482 690 3541 τως
720 3451 842 3534 όθεός
865 3456 1055 3540 διαμένει
1042 3483 1075 3522 εν
1098 3451 1308 3566 ἀγεννητῳι

240 3551 339 3638 φύσει
367 3554 420 3615 καί
445 3547 666 3639 ιιιελεστητως
695 3552 734 3618 τό
762 3559 904 3640 γέννημα
932 3553 1116 3641 γέννηιιύ’
1102 3578 1210 3634 εστιν,
1243 3549 1308 3640 ης

238 3653 296 3714 τού
320 3644 500 3731 όμσοσσίον
523 3650 577 3715 καί
602 3648 838 3733 ἀνομοιοοοίου
868 3654 1045 3731 κακοδοξία
1068 3675 1308 3739 παραφανε-

238 3747 411 3835 σθησεται.
450 3747 584 3812 ἵσταται
607 3749 702 3814 δὲτὸ
726 3750 759 3815 ἓν
776 3746 873 3835 σύσίᾳ
890 3745 1082 3835 ἀσογκρίτφ,
1107 3749 1263 3836 ἑκατέρας
1296 3759 1308 3802 5

239 3846 370 3932 φύσεως
393 3838 574 3922 ἀπαύστως
597 3846 814 3931 διαμενούσης
837 3848 870 3913 έν
892 3853 938 3932 τῷ
963 3847 1037 3933 ίδίφ
1054 3850 1112 3932 τῆς
1130 3847 1263 3934 φύσεως

202 3939 413 4025 Βοάξιιόματι.

320 4034 519 4124 Ἀνατροπη.
558 4041 599 4105 Εἰ
623 4035 843 4125 ἀτελευτήτως
864 4044 917 4106 καί
941 4037 1120 4118 ἀπαύστως
1145 4038 1264 4121 όθεὸς

239 4137 395 4217 διαμένει,
426 4132 470 4214 ιός
493 4137 583 4222 ἔφης,
608 4137 641 4202 ἕν
664 4134 827 4223 ἀγεννητφ
852 4138 960 4224 φύσει,
992 4137 1091 4224 φύσις
1113 4139 1151 4203 δὲ
1172 4144 1302 4206 ’θεούΙ

238 4227 356 4312 ἀίδιος,
380 4228 601 4317 ἀτελεστήτως
623 4233 743 4314 ἔχουσα
765 4231 803 4298 τό
827 4229 966 4317 ἀξίωμα,
994 4229 1031 4298 σύ
1055 4232 1168 4300 διότι
1191 4236 1264 4304 ἕτε-
