<?xml version="1.0" encoding="UTF-8"?>
<!DOCTYPE html PUBLIC "-//W3C//DTD XHTML 1.0 Transitional//EN"
    "http://www.w3.org/TR/xhtml1/DTD/xhtml1-transitional.dtd">
<html xmlns="http://www.w3.org/1999/xhtml" xml:lang="en" lang="en">
 <head>
  <title>
</title>
<meta http-equiv="Content-Type" content="text/html;charset=utf-8" />
  <meta name='ocr-system' content='tesseract 3.04.00' />
  <meta name='ocr-capabilities' content='ocr_page ocr_carea ocr_par ocr_line ocrx_word'/>
</head>
<body>
  <div class='ocr_page' id='page_1' title='image "./opera01dindgoog_0043.png"; bbox 0 0 2867 5084; ppageno 0'>
   <div class='ocr_carea' id='block_1_1' title="bbox 484 1003 1148 1064">
    <p class='ocr_par' dir='ltr' id='par_1_1' title="bbox 484 1003 1148 1064">
     <span class='ocr_line' id='line_1_1' title="bbox 484 1003 1148 1064; baseline 0.012 -8"><span class='ocrx_word' id='word_1_1' title='bbox 484 1004 579 1057; x_wconf 75' lang='lat' dir='ltr'><strong><em>Lm.</em></strong></span> <span class='ocrx_word' id='word_1_2' title='bbox 603 1007 811 1059; x_wconf 69' lang='lat' dir='ltr'><strong>mmmm.</strong></span> <span class='ocrx_word' id='word_1_3' title='bbox 1113 1003 1148 1064; x_wconf 77' lang='lat'><strong><em>21</em></strong></span> 
     </span>
    </p>
   </div>
   <div class='ocr_carea' id='block_1_2' title="bbox 136 1152 1154 1538">
    <p class='ocr_par' dir='ltr' id='par_1_2' title="bbox 136 1152 1154 1538">
     <span class='ocr_line' id='line_1_2' title="bbox 139 1152 1154 1248; baseline 0.013 -30"><span class='ocrx_word' id='word_1_4' title='bbox 139 1152 244 1239; x_wconf 77' lang='grc' dir='ltr'><strong><em>ὅμοιοι</em></strong></span> <span class='ocrx_word' id='word_1_5' title='bbox 266 1154 449 1242; x_wconf 82' lang='grc' dir='ltr'><strong><em>φρονήσας,</em></strong></span> <span class='ocrx_word' id='word_1_6' title='bbox 478 1155 535 1223; x_wconf 73' lang='grc' dir='ltr'><strong><em>ἐπὶ</em></strong></span> <span class='ocrx_word' id='word_1_7' title='bbox 557 1156 596 1223; x_wconf 88' lang='grc' dir='ltr'><strong><em>τὸ</em></strong></span> <span class='ocrx_word' id='word_1_8' title='bbox 618 1157 784 1241; x_wconf 81' lang='grc' dir='ltr'><strong><em>δωμάτιον</em></strong></span> <span class='ocrx_word' id='word_1_9' title='bbox 806 1155 972 1239; x_wconf 74' lang='grc' dir='ltr'><strong><em>ἀνελθὼν,</em></strong></span> <span class='ocrx_word' id='word_1_10' title='bbox 1001 1165 1154 1248; x_wconf 77' lang='grc' dir='ltr'><strong><em>μαγεύειν</em></strong></span> 
     </span>
     <span class='ocr_line' id='line_1_3' title="bbox 136 1250 1153 1347; baseline 0.01 -29"><span class='ocrx_word' id='word_1_11' title='bbox 136 1278 171 1318; x_wconf 90' lang='grc' dir='ltr'><strong><em>τι</em></strong></span> <span class='ocrx_word' id='word_1_12' title='bbox 202 1255 306 1336; x_wconf 77' lang='grc' dir='ltr'><strong><em>δῆθεν</em></strong></span> <span class='ocrx_word' id='word_1_13' title='bbox 335 1250 420 1335; x_wconf 83' lang='grc' dir='ltr'><strong><em>πρὸς</em></strong></span> <span class='ocrx_word' id='word_1_14' title='bbox 446 1252 485 1318; x_wconf 87' lang='grc' dir='ltr'><strong><em>τὸ</em></strong></span> <span class='ocrx_word' id='word_1_15' title='bbox 506 1253 550 1340; x_wconf 88' lang='grc' dir='ltr'><strong><em>μή</em></strong></span> <span class='ocrx_word' id='word_1_16' title='bbox 572 1280 648 1323; x_wconf 89' lang='grc' dir='ltr'><strong><em>τινα</em></strong></span> <span class='ocrx_word' id='word_1_17' title='bbox 667 1252 757 1342; x_wconf 81' lang='grc' dir='ltr'><strong><em>αύτῷ</em></strong></span> <span class='ocrx_word' id='word_1_18' title='bbox 779 1253 958 1342; x_wconf 71' lang='grc' dir='ltr'><strong><em>ἀντιλέγειν</em></strong></span> <span class='ocrx_word' id='word_1_19' title='bbox 979 1256 1153 1347; x_wconf 72' lang='grc' dir='ltr'><strong><em>ἐπιτηδεύ-</em></strong></span> 
     </span>
     <span class='ocr_line' id='line_1_4' title="bbox 137 1344 1153 1435; baseline 0.01 -21"><span class='ocrx_word' id='word_1_20' title='bbox 137 1373 216 1428; x_wconf 92' lang='grc' dir='ltr'><strong><em>σας,</em></strong></span> <span class='ocrx_word' id='word_1_21' title='bbox 246 1346 315 1415; x_wconf 84' lang='grc' dir='ltr'><strong><em>ύπὸ</em></strong></span> <span class='ocrx_word' id='word_1_22' title='bbox 340 1344 476 1434; x_wconf 79' lang='grc' dir='ltr'><strong><em>ἆγγέλου</em></strong></span> <span class='ocrx_word' id='word_1_23' title='bbox 497 1354 674 1433; x_wconf 76' lang='grc' dir='ltr'><strong><em>καταχθείς</em></strong></span> <span class='ocrx_word' id='word_1_24' title='bbox 695 1358 869 1433; x_wconf 79' lang='grc' dir='ltr'><strong><em>κατέπεσε,</em></strong></span> <span class='ocrx_word' id='word_1_25' title='bbox 898 1357 950 1419; x_wconf 81' lang='grc' dir='ltr'><strong><em>καὶ</em></strong></span> <span class='ocrx_word' id='word_1_26' title='bbox 974 1350 1079 1435; x_wconf 68' lang='grc' dir='ltr'><strong><em>οὕτως</em></strong></span> <span class='ocrx_word' id='word_1_27' title='bbox 1098 1363 1153 1424; x_wconf 83' lang='grc' dir='ltr'><strong><em>τέ-</em></strong></span> 
     </span>
     <span class='ocr_line' id='line_1_5' title="bbox 136 1441 1150 1538; baseline 0.008 -26"><span class='ocrx_word' id='word_1_28' title='bbox 136 1453 243 1533; x_wconf 83' lang='grc' dir='ltr'><strong><em>θνηκε</em></strong></span> <span class='ocrx_word' id='word_1_29' title='bbox 269 1441 311 1512; x_wconf 76' lang='grc' dir='ltr'><strong><em>δι’</em></strong></span> <span class='ocrx_word' id='word_1_30' title='bbox 334 1444 373 1533; x_wconf 84' lang='grc' dir='ltr'><strong><em>ήν</em></strong></span> <span class='ocrx_word' id='word_1_31' title='bbox 394 1442 551 1534; x_wconf 75' lang='grc' dir='ltr'><strong><em>ἠβούλετο</em></strong></span> <span class='ocrx_word' id='word_1_32' title='bbox 574 1447 781 1536; x_wconf 77' lang='grc' dir='ltr'><strong><em>ἐπιχειρήσαι</em></strong></span> <span class='ocrx_word' id='word_1_33' title='bbox 801 1449 959 1537; x_wconf 82' lang='grc' dir='ltr'><strong><em>μαντικήν</em></strong></span> <span class='ocrx_word' id='word_1_34' title='bbox 981 1450 1150 1538; x_wconf 67' lang='grc' dir='ltr'><strong><em>ἐνέργειαν.</em></strong></span> 
     </span>
    </p>
   </div>
   <div class='ocr_carea' id='block_1_3' title="bbox 109 1541 1222 4364">
    <p class='ocr_par' dir='ltr' id='par_1_3' title="bbox 139 1541 1177 1635">
     <span class='ocr_line' id='line_1_6' title="bbox 139 1541 1177 1635; baseline 0.005 -26"><span class='ocrx_word' id='word_1_35' title='bbox 139 1541 219 1630; x_wconf 74' lang='grc' dir='ltr'><strong><em>ήδέ</em></strong></span> <span class='ocrx_word' id='word_1_36' title='bbox 240 1546 340 1628; x_wconf 80' lang='grc' dir='ltr'><strong><em>γραῦς</em></strong></span> <span class='ocrx_word' id='word_1_37' title='bbox 360 1546 597 1628; x_wconf 79' lang='grc' dir='ltr'><strong><em>περιστείλασα</em></strong></span> <span class='ocrx_word' id='word_1_38' title='bbox 623 1547 741 1613; x_wconf 85' lang='grc' dir='ltr'><strong><em>τούτου</em></strong></span> <span class='ocrx_word' id='word_1_39' title='bbox 764 1546 804 1612; x_wconf 87' lang='grc' dir='ltr'><strong><em>τὸ</em></strong></span> <span class='ocrx_word' id='word_1_40' title='bbox 827 1550 922 1631; x_wconf 80' lang='grc' dir='ltr'><strong><em>σῶμα</em></strong></span> <span class='ocrx_word' id='word_1_41' title='bbox 943 1551 1009 1614; x_wconf 84' lang='grc' dir='ltr'><strong><em>τῶν</em></strong></span> <span class='ocrx_word' id='word_1_42' title='bbox 1028 1550 1177 1635; x_wconf 80' lang='grc' dir='ltr'><strong><em>χρημύ-5</em></strong></span> 
     </span>
    </p>

    <p class='ocr_par' dir='ltr' id='par_1_4' title="bbox 111 1636 1222 2292">
     <span class='ocr_line' id='line_1_7' title="bbox 111 1636 1151 1731; baseline 0.008 -27"><span class='ocrx_word' id='word_1_43' title='bbox 111 1654 205 1706; x_wconf 80' lang='grc' dir='ltr'><strong><em>Βτων</em></strong></span> <span class='ocrx_word' id='word_1_44' title='bbox 228 1636 329 1706; x_wconf 84' lang='grc' dir='ltr'><strong><em>αύτού</em></strong></span> <span class='ocrx_word' id='word_1_45' title='bbox 353 1640 386 1707; x_wconf 80' lang='grc' dir='ltr'><strong><em>έν</em></strong></span> <span class='ocrx_word' id='word_1_46' title='bbox 407 1644 541 1722; x_wconf 75' lang='grc' dir='ltr'><strong><em>καθέξει</em></strong></span> <span class='ocrx_word' id='word_1_47' title='bbox 562 1649 738 1730; x_wconf 83' lang='grc' dir='ltr'><strong><em>γεγένηται,</em></strong></span> <span class='ocrx_word' id='word_1_48' title='bbox 761 1646 814 1710; x_wconf 80' lang='grc' dir='ltr'><strong><em>καὶ</em></strong></span> <span class='ocrx_word' id='word_1_49' title='bbox 836 1642 881 1731; x_wconf 85' lang='grc' dir='ltr'><strong><em>μή</em></strong></span> <span class='ocrx_word' id='word_1_50' title='bbox 901 1645 1019 1726; x_wconf 74' lang='grc' dir='ltr'><strong><em>ἔχουσα</em></strong></span> <span class='ocrx_word' id='word_1_51' title='bbox 1034 1648 1151 1728; x_wconf 87' lang='grc' dir='ltr'><strong><em>παῖδα,</em></strong></span> 
     </span>
     <span class='ocr_line' id='line_1_8' title="bbox 137 1739 1152 1831; baseline 0.005 -28"><span class='ocrx_word' id='word_1_52' title='bbox 137 1740 222 1825; x_wconf 88' lang='grc' dir='ltr'><strong><em>μηδέ</em></strong></span> <span class='ocrx_word' id='word_1_53' title='bbox 249 1763 324 1804; x_wconf 89' lang='grc' dir='ltr'><strong><em>τινα</em></strong></span> <span class='ocrx_word' id='word_1_54' title='bbox 351 1742 417 1804; x_wconf 82' lang='grc' dir='ltr'><strong><em>τῶν</em></strong></span> <span class='ocrx_word' id='word_1_55' title='bbox 446 1741 686 1826; x_wconf 85' lang='grc' dir='ltr'><strong><em>διαφερόντων,</em></strong></span> <span class='ocrx_word' id='word_1_56' title='bbox 716 1739 823 1826; x_wconf 67' lang='grc' dir='ltr'><strong><em>ἔμεινε</em></strong></span> <span class='ocrx_word' id='word_1_57' title='bbox 843 1742 958 1828; x_wconf 75' lang='grc' dir='ltr'><strong><em>πολληῖ</em></strong></span> <span class='ocrx_word' id='word_1_58' title='bbox 978 1745 1026 1827; x_wconf 77' lang='grc' dir='ltr'><strong><em>τῷ</em></strong></span> <span class='ocrx_word' id='word_1_59' title='bbox 1046 1743 1152 1831; x_wconf 82' lang='grc' dir='ltr'><strong><em>χρόνῳ</em></strong></span> 
     </span>
     <span class='ocr_line' id='line_1_9' title="bbox 138 1832 1153 1926; baseline 0.006 -26"><span class='ocrx_word' id='word_1_60' title='bbox 138 1832 254 1914; x_wconf 71' lang='grc' dir='ltr'><strong><em>οὕτως.</em></strong></span> <span class='ocrx_word' id='word_1_61' title='bbox 283 1832 419 1919; x_wconf 81' lang='grc' dir='ltr'><strong><em>Ιύστερον</em></strong></span> <span class='ocrx_word' id='word_1_62' title='bbox 441 1838 477 1903; x_wconf 83' lang='grc' dir='ltr'><strong><em>δὲ</em></strong></span> <span class='ocrx_word' id='word_1_63' title='bbox 498 1838 723 1924; x_wconf 79' lang='grc' dir='ltr'><strong><em>προσελάβετο</em></strong></span> <span class='ocrx_word' id='word_1_64' title='bbox 744 1838 989 1926; x_wconf 85' lang='grc' dir='ltr'><strong><em>πριαμένητὸν</em></strong></span> <span class='ocrx_word' id='word_1_65' title='bbox 1008 1839 1153 1926; x_wconf 82' lang='grc' dir='ltr'><strong><em>Κούβρι-</em></strong></span> 
     </span>
     <span class='ocr_line' id='line_1_10' title="bbox 137 1931 1153 2023; baseline 0.006 -25"><span class='ocrx_word' id='word_1_66' title='bbox 137 1957 205 2011; x_wconf 89' lang='grc' dir='ltr'><strong><em>κον,</em></strong></span> <span class='ocrx_word' id='word_1_67' title='bbox 228 1931 287 1998; x_wconf 86' lang='grc' dir='ltr'><strong><em>τὸν</em></strong></span> <span class='ocrx_word' id='word_1_68' title='bbox 308 1935 361 1998; x_wconf 84' lang='grc' dir='ltr'><strong><em>καὶ</em></strong></span> <span class='ocrx_word' id='word_1_69' title='bbox 377 1931 508 2020; x_wconf 82' lang='grc' dir='ltr'><strong><em>Μάνην,</em></strong></span> <span class='ocrx_word' id='word_1_70' title='bbox 532 1935 629 2023; x_wconf 78' lang='grc' dir='ltr'><strong><em>ἑαυτῇ</em></strong></span> <span class='ocrx_word' id='word_1_71' title='bbox 651 1936 738 2020; x_wconf 88' lang='grc' dir='ltr'><strong><em>πρὸς</em></strong></span> <span class='ocrx_word' id='word_1_72' title='bbox 752 1932 943 2022; x_wconf 76' lang='grc' dir='ltr'><strong><em>ὑπηρεσίαν.</em></strong></span> <span class='ocrx_word' id='word_1_73' title='bbox 975 1934 1028 2002; x_wconf 82' lang='grc' dir='ltr'><strong><em>καί</em></strong></span> <span class='ocrx_word' id='word_1_74' title='bbox 1043 1940 1153 2005; x_wconf 88' lang='grc' dir='ltr'><strong><em>τελευ-</em></strong></span> 
     </span>
     <span class='ocr_line' id='line_1_11' title="bbox 137 2026 1222 2120; baseline 0.004 -26"><span class='ocrx_word' id='word_1_75' title='bbox 137 2033 231 2096; x_wconf 80' lang='grc' dir='ltr'><strong><em>τῶσα</em></strong></span> <span class='ocrx_word' id='word_1_76' title='bbox 258 2029 432 2096; x_wconf 84' lang='grc' dir='ltr'><strong><em>κατέλιπεν</em></strong></span> <span class='ocrx_word' id='word_1_77' title='bbox 461 2026 549 2118; x_wconf 78' lang='grc' dir='ltr'><strong><em>αύτῷ</em></strong></span> <span class='ocrx_word' id='word_1_78' title='bbox 576 2032 618 2098; x_wconf 84' lang='grc' dir='ltr'><strong><em>τὰ</em></strong></span> <span class='ocrx_word' id='word_1_79' title='bbox 644 2037 702 2120; x_wconf 87' lang='grc' dir='ltr'><strong><em>τής</em></strong></span> <span class='ocrx_word' id='word_1_80' title='bbox 729 2037 826 2119; x_wconf 89' lang='grc' dir='ltr'><strong><em>κακής</em></strong></span> <span class='ocrx_word' id='word_1_81' title='bbox 847 2034 1077 2119; x_wconf 77' lang='grc' dir='ltr'><strong><em>κληρονομίας,</em></strong></span> <span class='ocrx_word' id='word_1_82' title='bbox 1108 2030 1152 2114; x_wconf 81' lang='grc' dir='ltr'><strong><em>ὥς</em></strong></span> <span class='ocrx_word' id='word_1_83' title='bbox 1163 2049 1191 2098; x_wconf 82' lang='lat'><strong><em>10</em></strong></span> <span class='ocrx_word' id='word_1_84' title='bbox 1215 2043 1222 2060; x_wconf 82' lang='grc'>’</span> 
     </span>
     <span class='ocr_line' id='line_1_12' title="bbox 138 2121 1151 2218; baseline 0.005 -24"><span class='ocrx_word' id='word_1_85' title='bbox 138 2128 190 2194; x_wconf 78' lang='grc' dir='ltr'><strong><em>ἰόν</em></strong></span> <span class='ocrx_word' id='word_1_86' title='bbox 217 2121 289 2193; x_wconf 74' lang='grc' dir='ltr'><strong><em>ἀπὸ</em></strong></span> <span class='ocrx_word' id='word_1_87' title='bbox 317 2122 461 2207; x_wconf 76' lang='grc' dir='ltr'><strong><em>ἀσπίδος</em></strong></span> <span class='ocrx_word' id='word_1_88' title='bbox 486 2130 753 2218; x_wconf 76' lang='grc' dir='ltr'><strong><em>καταλειφθέντα</em></strong></span> <span class='ocrx_word' id='word_1_89' title='bbox 780 2131 827 2210; x_wconf 88' lang='grc' dir='ltr'><strong><em>είς</em></strong></span> <span class='ocrx_word' id='word_1_90' title='bbox 855 2132 987 2196; x_wconf 85' lang='grc' dir='ltr'><strong><em>πολλῶν</em></strong></span> <span class='ocrx_word' id='word_1_91' title='bbox 1017 2131 1151 2218; x_wconf 88' lang='grc' dir='ltr'><strong><em>φθορὰν</em></strong></span> 
     </span>
     <span class='ocr_line' id='line_1_13' title="bbox 137 2222 396 2292; baseline -0.008 0"><span class='ocrx_word' id='word_1_92' title='bbox 137 2228 193 2292; x_wconf 82' lang='grc' dir='ltr'><strong><em>καλ</em></strong></span> <span class='ocrx_word' id='word_1_93' title='bbox 215 2222 396 2292; x_wconf 81' lang='grc' dir='ltr'><strong><em>ἀπώλειαν.</em></strong></span> 
     </span>
    </p>

    <p class='ocr_par' dir='ltr' id='par_1_5' title="bbox 109 2312 1189 2802">
     <span class='ocr_line' id='line_1_14' title="bbox 224 2312 1153 2408; baseline 0.003 -19"><span class='ocrx_word' id='word_1_94' title='bbox 224 2330 254 2389; x_wconf 83' lang='grc'><strong><em>4.</em></strong></span> <span class='ocrx_word' id='word_1_95' title='bbox 285 2321 395 2389; x_wconf 85' lang='grc' dir='ltr'><strong><em>Πόλιν</em></strong></span> <span class='ocrx_word' id='word_1_96' title='bbox 413 2312 470 2390; x_wconf 75' lang='grc' dir='ltr'><strong><em>οὖν</em></strong></span> <span class='ocrx_word' id='word_1_97' title='bbox 485 2323 668 2408; x_wconf 81' lang='grc' dir='ltr'><strong><em>Κούβρικος</em></strong></span> <span class='ocrx_word' id='word_1_98' title='bbox 683 2318 702 2387; x_wconf 81' lang='grc' dir='ltr'>ὁ</span> <span class='ocrx_word' id='word_1_99' title='bbox 718 2321 835 2390; x_wconf 74' lang='grc' dir='ltr'><strong><em>ἑαυτὸν</em></strong></span> <span class='ocrx_word' id='word_1_100' title='bbox 849 2322 1061 2408; x_wconf 77' lang='grc' dir='ltr'><strong><em>ἐπονομάσας</em></strong></span> <span class='ocrx_word' id='word_1_101' title='bbox 1072 2327 1153 2391; x_wconf 87' lang='grc' dir='ltr'><strong><em>Μά-</em></strong></span> 
     </span>
     <span class='ocr_line' id='line_1_15' title="bbox 137 2414 1153 2506; baseline 0.003 -20"><span class='ocrx_word' id='word_1_102' title='bbox 137 2446 196 2506; x_wconf 91' lang='grc' dir='ltr'><strong><em>νην</em></strong></span> <span class='ocrx_word' id='word_1_103' title='bbox 226 2419 260 2484; x_wconf 83' lang='grc' dir='ltr'><strong><em>έν</em></strong></span> <span class='ocrx_word' id='word_1_104' title='bbox 288 2415 401 2498; x_wconf 82' lang='grc' dir='ltr'><strong><em>αύτοῒς</em></strong></span> <span class='ocrx_word' id='word_1_105' title='bbox 433 2420 523 2506; x_wconf 85' lang='grc' dir='ltr'><strong><em>διήγε</em></strong></span> <span class='ocrx_word' id='word_1_106' title='bbox 549 2429 603 2486; x_wconf 83' lang='grc' dir='ltr'><strong><em>καὶ</em></strong></span> <span class='ocrx_word' id='word_1_107' title='bbox 627 2420 660 2486; x_wconf 78' lang='grc' dir='ltr'><strong><em>ἐν</em></strong></span> <span class='ocrx_word' id='word_1_108' title='bbox 682 2414 795 2499; x_wconf 81' lang='grc' dir='ltr'><strong><em>αὐτοῖς</em></strong></span> <span class='ocrx_word' id='word_1_109' title='bbox 817 2420 987 2505; x_wconf 88' lang='grc' dir='ltr'><strong><em>διελέγετο.</em></strong></span> <span class='ocrx_word' id='word_1_110' title='bbox 1031 2425 1085 2488; x_wconf 80' lang='grc' dir='ltr'><strong><em>καὶ</em></strong></span> <span class='ocrx_word' id='word_1_111' title='bbox 1107 2417 1153 2502; x_wconf 65' lang='grc' dir='ltr'><strong><em>οἷς</em></strong></span> 
     </span>
     <span class='ocr_line' id='line_1_16' title="bbox 109 2509 1189 2604; baseline -0.002 -22"><span class='ocrx_word' id='word_1_112' title='bbox 109 2511 254 2594; x_wconf 69' lang='grc' dir='ltr'><strong><em>Βούδεὶς</em></strong></span> <span class='ocrx_word' id='word_1_113' title='bbox 280 2510 365 2604; x_wconf 80' lang='grc' dir='ltr'><strong><em>αύτῷ</em></strong></span> <span class='ocrx_word' id='word_1_114' title='bbox 388 2517 545 2584; x_wconf 75' lang='grc' dir='ltr'><strong><em>ἐπείθετο</em></strong></span> <span class='ocrx_word' id='word_1_115' title='bbox 551 2567 560 2597; x_wconf 93' lang='grc'><strong><em>,</em></strong></span> <span class='ocrx_word' id='word_1_116' title='bbox 590 2511 673 2584; x_wconf 73' lang='grc' dir='ltr'><strong><em>ἀλλὰ</em></strong></span> <span class='ocrx_word' id='word_1_117' title='bbox 695 2509 867 2596; x_wconf 85' lang='grc' dir='ltr'><strong><em>δικσύοντες</em></strong></span> <span class='ocrx_word' id='word_1_118' title='bbox 881 2524 1078 2602; x_wconf 66' lang='grc' dir='ltr'><strong><em>’Μανιχαίου</em></strong></span> <span class='ocrx_word' id='word_1_119' title='bbox 1101 2521 1152 2586; x_wconf 89' lang='grc' dir='ltr'><strong><em>δι-</em></strong></span> <span class='ocrx_word' id='word_1_120' title='bbox 1161 2532 1189 2582; x_wconf 79' lang='lat'><strong><em>15</em></strong></span> 
     </span>
     <span class='ocr_line' id='line_1_17' title="bbox 138 2613 1153 2701; baseline 0.004 -23"><span class='ocrx_word' id='word_1_121' title='bbox 138 2614 319 2679; x_wconf 87' lang='grc' dir='ltr'><strong><em>δασκαλίαν</em></strong></span> <span class='ocrx_word' id='word_1_122' title='bbox 347 2613 550 2701; x_wconf 81' lang='grc' dir='ltr'><strong><em>ἐδυσφόρουν</em></strong></span> <span class='ocrx_word' id='word_1_123' title='bbox 574 2616 634 2698; x_wconf 82' lang='grc' dir='ltr'><strong><em>μὲν</em></strong></span> <span class='ocrx_word' id='word_1_124' title='bbox 665 2617 718 2681; x_wconf 79' lang='grc' dir='ltr'><strong><em>καὶ</em></strong></span> <span class='ocrx_word' id='word_1_125' title='bbox 747 2614 1007 2694; x_wconf 80' lang='grc' dir='ltr'><strong><em>έξενολεκτοῖντο</em></strong></span> <span class='ocrx_word' id='word_1_126' title='bbox 1030 2617 1153 2697; x_wconf 83' lang='grc' dir='ltr'><strong><em>πάντες</em></strong></span> 
     </span>
     <span class='ocr_line' id='line_1_18' title="bbox 137 2707 1149 2802; baseline 0.003 -25"><span class='ocrx_word' id='word_1_127' title='bbox 137 2711 195 2777; x_wconf 78' lang='grc' dir='ltr'><strong><em>ἐπὶ</em></strong></span> <span class='ocrx_word' id='word_1_128' title='bbox 218 2714 259 2798; x_wconf 77' lang='grc' dir='ltr'><strong><em>τῇ</em></strong></span> <span class='ocrx_word' id='word_1_129' title='bbox 280 2719 474 2798; x_wconf 80' lang='grc' dir='ltr'><strong><em>καινοτομίᾳ</em></strong></span> <span class='ocrx_word' id='word_1_130' title='bbox 491 2715 543 2778; x_wconf 81' lang='grc' dir='ltr'><strong><em>καὶ</em></strong></span> <span class='ocrx_word' id='word_1_131' title='bbox 560 2711 649 2799; x_wconf 79' lang='grc' dir='ltr'><strong><em>δεινή</em></strong></span> <span class='ocrx_word' id='word_1_132' title='bbox 663 2719 855 2799; x_wconf 75' lang='grc' dir='ltr'><strong><em>μυθοποιίᾳ</em></strong></span> <span class='ocrx_word' id='word_1_133' title='bbox 869 2715 922 2780; x_wconf 82' lang='grc' dir='ltr'><strong><em>καὶ</em></strong></span> <span class='ocrx_word' id='word_1_134' title='bbox 938 2716 1015 2801; x_wconf 83' lang='grc' dir='ltr'><strong><em>κενή·</em></strong></span> <span class='ocrx_word' id='word_1_135' title='bbox 1028 2707 1149 2802; x_wconf 81' lang='grc' dir='ltr'><strong><em>ἆπάτῃ,</em></strong></span> 
     </span>
    </p>

    <p class='ocr_par' dir='ltr' id='par_1_6' title="bbox 110 2803 1190 4364">
     <span class='ocr_line' id='line_1_19' title="bbox 138 2803 1152 2897; baseline 0.006 -24"><span class='ocrx_word' id='word_1_136' title='bbox 138 2805 156 2873; x_wconf 86' lang='grc' dir='ltr'><strong><em>ό</em></strong></span> <span class='ocrx_word' id='word_1_137' title='bbox 190 2810 227 2874; x_wconf 82' lang='grc' dir='ltr'><strong><em>δὲ</em></strong></span> <span class='ocrx_word' id='word_1_138' title='bbox 262 2803 347 2893; x_wconf 82' lang='grc' dir='ltr'><strong><em>ὁρῶν</em></strong></span> <span class='ocrx_word' id='word_1_139' title='bbox 380 2808 422 2876; x_wconf 85' lang='grc' dir='ltr'><strong><em>τὰ</em></strong></span> <span class='ocrx_word' id='word_1_140' title='bbox 453 2810 525 2875; x_wconf 82' lang='grc' dir='ltr'><strong><em>ἰ’δια</em></strong></span> <span class='ocrx_word' id='word_1_141' title='bbox 552 2812 609 2895; x_wconf 81' lang='grc' dir='ltr'><strong><em>τής</em></strong></span> <span class='ocrx_word' id='word_1_142' title='bbox 637 2817 875 2894; x_wconf 84' lang='grc' dir='ltr'><strong><em>κακομηχανίας</em></strong></span> <span class='ocrx_word' id='word_1_143' title='bbox 904 2805 1152 2897; x_wconf 81' lang='grc' dir='ltr'><strong><em>ύνατρεπόμενα</em></strong></span> 
     </span>
     <span class='ocr_line' id='line_1_20' title="bbox 137 2905 1151 2996; baseline 0.003 -24"><span class='ocrx_word' id='word_1_144' title='bbox 137 2910 205 2972; x_wconf 80' lang='grc' dir='ltr'><strong><em>τῶν</em></strong></span> <span class='ocrx_word' id='word_1_145' title='bbox 217 2906 323 2993; x_wconf 87' lang='grc' dir='ltr'><strong><em>λόγων</em></strong></span> <span class='ocrx_word' id='word_1_146' title='bbox 335 2905 530 2993; x_wconf 77' lang='grc' dir='ltr'><strong><em>συνθήματα</em></strong></span> <span class='ocrx_word' id='word_1_147' title='bbox 551 2905 609 2993; x_wconf 81' lang='grc' dir='ltr'><strong><em>τήν</em></strong></span> <span class='ocrx_word' id='word_1_148' title='bbox 631 2906 780 2973; x_wconf 86' lang='grc' dir='ltr'><strong><em>διάνοιαν</em></strong></span> <span class='ocrx_word' id='word_1_149' title='bbox 801 2912 998 2996; x_wconf 79' lang='grc' dir='ltr'><strong><em>κεπφωθείς</em></strong></span> <span class='ocrx_word' id='word_1_150' title='bbox 1020 2909 1151 2976; x_wconf 74' lang='grc' dir='ltr'><strong><em>ἐπενόει</em></strong></span> 
     </span>
     <span class='ocr_line' id='line_1_21' title="bbox 138 2993 1190 3092; baseline -0.004 -20"><span class='ocrx_word' id='word_1_151' title='bbox 138 3006 246 3090; x_wconf 78' lang='grc' dir='ltr'><strong><em>ἑαυτῷ</em></strong></span> <span class='ocrx_word' id='word_1_152' title='bbox 269 3003 440 3092; x_wconf 89' lang='grc' dir='ltr'><strong><em>πρόφασίν</em></strong></span> <span class='ocrx_word' id='word_1_153' title='bbox 460 3029 544 3081; x_wconf 93' lang='grc' dir='ltr'><strong><em>τινα,</em></strong></span> <span class='ocrx_word' id='word_1_154' title='bbox 569 2998 609 3068; x_wconf 76' lang='grc' dir='ltr'><strong><em>δι’</em></strong></span> <span class='ocrx_word' id='word_1_155' title='bbox 626 2993 664 3090; x_wconf 88' lang='grc' dir='ltr'><strong><em>ής</em></strong></span> <span class='ocrx_word' id='word_1_156' title='bbox 684 3003 724 3070; x_wconf 89' lang='grc' dir='ltr'><strong><em>τὸ</em></strong></span> <span class='ocrx_word' id='word_1_157' title='bbox 739 3006 826 3072; x_wconf 75' lang='grc' dir='ltr'><strong><em>ἰ’διον</em></strong></span> <span class='ocrx_word' id='word_1_158' title='bbox 841 3008 1070 3092; x_wconf 84' lang='grc' dir='ltr'><strong><em>πλασματικής</em></strong></span> <span class='ocrx_word' id='word_1_159' title='bbox 1084 3009 1190 3073; x_wconf 66' lang='lat' dir='ltr'><strong><em>dea-20</em></strong></span> 
     </span>
     <span class='ocr_line' id='line_1_22' title="bbox 137 3099 1152 3191; baseline 0.002 -23"><span class='ocrx_word' id='word_1_160' title='bbox 137 3101 347 3189; x_wconf 89' lang='grc' dir='ltr'><strong><em>νοπσιήσεως</em></strong></span> <span class='ocrx_word' id='word_1_161' title='bbox 366 3100 485 3189; x_wconf 79' lang='grc' dir='ltr'><strong><em>ταύτης</em></strong></span> <span class='ocrx_word' id='word_1_162' title='bbox 506 3099 687 3187; x_wconf 74' lang='grc' dir='ltr'><strong><em>συστήσειν.</em></strong></span> <span class='ocrx_word' id='word_1_163' title='bbox 727 3105 781 3168; x_wconf 84' lang='grc' dir='ltr'><strong><em>καλ</em></strong></span> <span class='ocrx_word' id='word_1_164' title='bbox 805 3102 914 3190; x_wconf 85' lang='grc' dir='ltr'><strong><em>φήμης</em></strong></span> <span class='ocrx_word' id='word_1_165' title='bbox 936 3105 1152 3191; x_wconf 88' lang='grc' dir='ltr'><strong><em>διαδοθείσης</em></strong></span> 
     </span>
     <span class='ocr_line' id='line_1_23' title="bbox 137 3194 1152 3289; baseline 0.002 -23"><span class='ocrx_word' id='word_1_166' title='bbox 137 3195 183 3279; x_wconf 78' lang='grc' dir='ltr'><strong><em>ιός</em></strong></span> <span class='ocrx_word' id='word_1_167' title='bbox 212 3194 231 3265; x_wconf 84' lang='grc' dir='ltr'><strong><em>δ</em></strong></span> <span class='ocrx_word' id='word_1_168' title='bbox 265 3197 336 3277; x_wconf 79' lang='grc' dir='ltr'><strong><em>υίὸς</em></strong></span> <span class='ocrx_word' id='word_1_169' title='bbox 362 3201 421 3264; x_wconf 80' lang='grc' dir='ltr'><strong><em>τοῦ</em></strong></span> <span class='ocrx_word' id='word_1_170' title='bbox 448 3201 514 3264; x_wconf 82' lang='grc' dir='ltr'><strong><em>τῶν</em></strong></span> <span class='ocrx_word' id='word_1_171' title='bbox 540 3201 680 3280; x_wconf 83' lang='grc' dir='ltr'><strong><em>Περσῶν</em></strong></span> <span class='ocrx_word' id='word_1_172' title='bbox 707 3200 871 3283; x_wconf 88' lang='grc' dir='ltr'><strong><em>βασιλέως</em></strong></span> <span class='ocrx_word' id='word_1_173' title='bbox 898 3195 1059 3289; x_wconf 81' lang='grc' dir='ltr'><strong><em>ἆλγήματί</em></strong></span> <span class='ocrx_word' id='word_1_174' title='bbox 1085 3227 1152 3268; x_wconf 89' lang='grc' dir='ltr'><strong><em>τινι</em></strong></span> 
     </span>
     <span class='ocr_line' id='line_1_24' title="bbox 136 3295 1153 3385; baseline 0.002 -22"><span class='ocrx_word' id='word_1_175' title='bbox 136 3302 374 3382; x_wconf 83' lang='grc' dir='ltr'><strong><em>περιπέπτωκε</em></strong></span> <span class='ocrx_word' id='word_1_176' title='bbox 400 3298 454 3363; x_wconf 81' lang='grc' dir='ltr'><strong><em>καί</em></strong></span> <span class='ocrx_word' id='word_1_177' title='bbox 482 3301 646 3363; x_wconf 83' lang='grc' dir='ltr'><strong><em>κατέκειτο</em></strong></span> <span class='ocrx_word' id='word_1_178' title='bbox 672 3295 706 3362; x_wconf 77' lang='grc' dir='ltr'><strong><em>ἓν</em></strong></span> <span class='ocrx_word' id='word_1_179' title='bbox 727 3301 767 3385; x_wconf 85' lang='grc' dir='ltr'><strong><em>τῇ</em></strong></span> <span class='ocrx_word' id='word_1_180' title='bbox 788 3298 1005 3384; x_wconf 70' lang='grc' dir='ltr'><strong><em>βασιλευούσῃ</em></strong></span> <span class='ocrx_word' id='word_1_181' title='bbox 1028 3303 1153 3381; x_wconf 81' lang='grc' dir='ltr'><strong><em>Περσί-</em></strong></span> 
     </span>
     <span class='ocr_line' id='line_1_25' title="bbox 140 3389 1150 3484; baseline -0.002 -22"><span class='ocrx_word' id='word_1_182' title='bbox 140 3397 197 3474; x_wconf 93' lang='grc' dir='ltr'><strong><em>δος</em></strong></span> <span class='ocrx_word' id='word_1_183' title='bbox 208 3389 403 3462; x_wconf 82' lang='grc' dir='ltr'><strong><em>πόλει-οὗ</em></strong></span> <span class='ocrx_word' id='word_1_184' title='bbox 420 3393 480 3480; x_wconf 80' lang='grc' dir='ltr'><strong><em>γὰρ</em></strong></span> <span class='ocrx_word' id='word_1_185' title='bbox 496 3393 600 3462; x_wconf 83' lang='grc' dir='ltr'><strong><em>έκεῒσε</em></strong></span> <span class='ocrx_word' id='word_1_186' title='bbox 615 3390 633 3459; x_wconf 87' lang='grc' dir='ltr'>ὁ</span> <span class='ocrx_word' id='word_1_187' title='bbox 648 3394 769 3483; x_wconf 86' lang='grc' dir='ltr'><strong><em>Μάνης</em></strong></span> <span class='ocrx_word' id='word_1_188' title='bbox 784 3395 952 3481; x_wconf 88' lang='grc' dir='ltr'><strong><em>διέτριβεν,</em></strong></span> <span class='ocrx_word' id='word_1_189' title='bbox 970 3390 1053 3462; x_wconf 79' lang='grc' dir='ltr'><strong><em>ἀλλὰ</em></strong></span> <span class='ocrx_word' id='word_1_190' title='bbox 1069 3393 1150 3484; x_wconf 79' lang='grc' dir='ltr'><strong><em>ἄλλη</em></strong></span> 
     </span>
     <span class='ocr_line' id='line_1_26' title="bbox 138 3485 1189 3579; baseline -0.003 -19"><span class='ocrx_word' id='word_1_191' title='bbox 138 3517 206 3560; x_wconf 90' lang='grc' dir='ltr'><strong><em>που</em></strong></span> <span class='ocrx_word' id='word_1_192' title='bbox 235 3489 306 3559; x_wconf 76' lang='grc' dir='ltr'><strong><em>ἀπὸ</em></strong></span> <span class='ocrx_word' id='word_1_193' title='bbox 333 3492 512 3576; x_wconf 84' lang='grc' dir='ltr'><strong><em>πόρρωθεν</em></strong></span> <span class='ocrx_word' id='word_1_194' title='bbox 533 3495 590 3579; x_wconf 78' lang='grc' dir='ltr'><strong><em>τῆς</em></strong></span> <span class='ocrx_word' id='word_1_195' title='bbox 612 3485 683 3558; x_wconf 70' lang='grc' dir='ltr'><strong><em>τού</em></strong></span> <span class='ocrx_word' id='word_1_196' title='bbox 691 3494 868 3577; x_wconf 84' lang='grc' dir='ltr'><strong><em>βασιλέως,</em></strong></span> <span class='ocrx_word' id='word_1_197' title='bbox 897 3490 964 3559; x_wconf 79' lang='grc' dir='ltr'><strong><em>ὑπὸ</em></strong></span> <span class='ocrx_word' id='word_1_198' title='bbox 986 3497 1042 3579; x_wconf 88' lang='grc' dir='ltr'><strong><em>τής</em></strong></span> <span class='ocrx_word' id='word_1_199' title='bbox 1065 3493 1189 3573; x_wconf 69' lang='grc' dir='ltr'><strong><em>ίδίαςέσ</em></strong></span> 
     </span>
     <span class='ocr_line' id='line_1_27' title="bbox 110 3581 1151 3680; baseline 0.003 -25"><span class='ocrx_word' id='word_1_200' title='bbox 110 3597 255 3669; x_wconf 80' lang='grc' dir='ltr'><strong><em>οκακίας</em></strong></span> <span class='ocrx_word' id='word_1_201' title='bbox 282 3589 497 3677; x_wconf 86' lang='grc' dir='ltr'><strong><em>τυφλώττων,</em></strong></span> <span class='ocrx_word' id='word_1_202' title='bbox 525 3595 579 3657; x_wconf 82' lang='grc' dir='ltr'><strong><em>καί</em></strong></span> <span class='ocrx_word' id='word_1_203' title='bbox 607 3594 746 3672; x_wconf 88' lang='grc' dir='ltr'><strong><em>νομίσας</em></strong></span> <span class='ocrx_word' id='word_1_204' title='bbox 771 3588 816 3676; x_wconf 92' lang='grc' dir='ltr'><strong><em>μή</em></strong></span> <span class='ocrx_word' id='word_1_205' title='bbox 844 3617 899 3657; x_wconf 92' lang='grc' dir='ltr'><strong><em>πω</em></strong></span> <span class='ocrx_word' id='word_1_206' title='bbox 927 3586 982 3680; x_wconf 77' lang='grc' dir='ltr'><strong><em>ἀφ’</em></strong></span> <span class='ocrx_word' id='word_1_207' title='bbox 1008 3581 1053 3658; x_wconf 85' lang='grc' dir='ltr'><strong><em>ὧν</em></strong></span> <span class='ocrx_word' id='word_1_208' title='bbox 1073 3581 1151 3679; x_wconf 77' lang='grc' dir='ltr'><strong><em>ηὗρε</em></strong></span> 
     </span>
     <span class='ocr_line' id='line_1_28' title="bbox 137 3685 1149 3775; baseline 0.002 -22"><span class='ocrx_word' id='word_1_209' title='bbox 137 3691 281 3775; x_wconf 85' lang='grc' dir='ltr'><strong><em>βιβλίων</em></strong></span> <span class='ocrx_word' id='word_1_210' title='bbox 315 3691 373 3754; x_wconf 83' lang='grc' dir='ltr'><strong><em>τοῦ</em></strong></span> <span class='ocrx_word' id='word_1_211' title='bbox 410 3687 527 3754; x_wconf 71' lang='grc' dir='ltr'><strong><em>ἑαυτοῦ</em></strong></span> <span class='ocrx_word' id='word_1_212' title='bbox 565 3685 729 3753; x_wconf 88' lang='grc' dir='ltr'><strong><em>δεσπότου</em></strong></span> <span class='ocrx_word' id='word_1_213' title='bbox 765 3694 965 3772; x_wconf 88' lang='grc' dir='ltr'><strong><em>Τερβίνθου,</em></strong></span> <span class='ocrx_word' id='word_1_214' title='bbox 1001 3693 1059 3755; x_wconf 85' lang='grc' dir='ltr'><strong><em>τού</em></strong></span> <span class='ocrx_word' id='word_1_215' title='bbox 1094 3690 1149 3755; x_wconf 83' lang='grc' dir='ltr'><strong><em>καλ</em></strong></span> 
     </span>
     <span class='ocr_line' id='line_1_29' title="bbox 137 3783 1151 3868; baseline -0.001 -14"><span class='ocrx_word' id='word_1_216' title='bbox 137 3787 289 3865; x_wconf 84' lang='grc' dir='ltr'><strong><em>Βουδδᾶ,</em></strong></span> <span class='ocrx_word' id='word_1_217' title='bbox 319 3783 472 3868; x_wconf 86' lang='grc' dir='ltr'><strong><em>διαδόχου</em></strong></span> <span class='ocrx_word' id='word_1_218' title='bbox 504 3787 540 3851; x_wconf 82' lang='grc' dir='ltr'><strong><em>δέ</em></strong></span> <span class='ocrx_word' id='word_1_219' title='bbox 565 3788 624 3851; x_wconf 84' lang='grc' dir='ltr'><strong><em>τοῦ</em></strong></span> <span class='ocrx_word' id='word_1_220' title='bbox 652 3789 854 3866; x_wconf 80' lang='grc' dir='ltr'><strong><em>Σκυθιανοῦ,</em></strong></span> <span class='ocrx_word' id='word_1_221' title='bbox 885 3788 1051 3854; x_wconf 86' lang='grc' dir='ltr'><strong><em>δύνασθαί</em></strong></span> <span class='ocrx_word' id='word_1_222' title='bbox 1076 3812 1151 3853; x_wconf 90' lang='grc' dir='ltr'><strong><em>τινα</em></strong></span> 
     </span>
     <span class='ocr_line' id='line_1_30' title="bbox 138 3879 1150 3971; baseline -0.003 -18"><span class='ocrx_word' id='word_1_223' title='bbox 138 3886 265 3970; x_wconf 81' lang='grc' dir='ltr'><strong><em>ἰάματα</em></strong></span> <span class='ocrx_word' id='word_1_224' title='bbox 286 3882 456 3971; x_wconf 70' lang='grc' dir='ltr'><strong><em>ἕνερμήσαι</em></strong></span> <span class='ocrx_word' id='word_1_225' title='bbox 477 3882 524 3963; x_wconf 80' lang='grc' dir='ltr'><strong><em>εἰς</em></strong></span> <span class='ocrx_word' id='word_1_226' title='bbox 544 3881 602 3948; x_wconf 84' lang='grc' dir='ltr'><strong><em>τὸν</em></strong></span> <span class='ocrx_word' id='word_1_227' title='bbox 623 3885 680 3948; x_wconf 85' lang='grc' dir='ltr'><strong><em>τοῦ</em></strong></span> <span class='ocrx_word' id='word_1_228' title='bbox 701 3883 864 3966; x_wconf 87' lang='grc' dir='ltr'><strong><em>βασιλέως</em></strong></span> <span class='ocrx_word' id='word_1_229' title='bbox 885 3879 1150 3967; x_wconf 80' lang='grc' dir='ltr'><strong><em>υίδν-διπαίρει</em></strong></span> 
     </span>
     <span class='ocr_line' id='line_1_31' title="bbox 136 3976 1187 4068; baseline -0.01 -17"><span class='ocrx_word' id='word_1_230' title='bbox 136 3983 172 4051; x_wconf 68' lang='grc' dir='ltr'><strong><em>ἐκ</em></strong></span> <span class='ocrx_word' id='word_1_231' title='bbox 190 3985 254 4049; x_wconf 82' lang='grc' dir='ltr'><strong><em>τού</em></strong></span> <span class='ocrx_word' id='word_1_232' title='bbox 277 3981 363 4048; x_wconf 85' lang='grc' dir='ltr'><strong><em>ίδίου</em></strong></span> <span class='ocrx_word' id='word_1_233' title='bbox 384 3981 492 4047; x_wconf 89' lang='grc' dir='ltr'><strong><em>τόπου</em></strong></span> <span class='ocrx_word' id='word_1_234' title='bbox 512 3985 566 4048; x_wconf 84' lang='grc' dir='ltr'><strong><em>καλ</em></strong></span> <span class='ocrx_word' id='word_1_235' title='bbox 589 3976 689 4067; x_wconf 79' lang='grc' dir='ltr'><strong><em>ὁρμᾷ,</em></strong></span> <span class='ocrx_word' id='word_1_236' title='bbox 712 3986 768 4047; x_wconf 76' lang='grc' dir='ltr'><strong><em>καὶ</em></strong></span> <span class='ocrx_word' id='word_1_237' title='bbox 787 3982 953 4068; x_wconf 89' lang='grc' dir='ltr'><strong><em>τολμήσας</em></strong></span> <span class='ocrx_word' id='word_1_238' title='bbox 972 3979 1087 4065; x_wconf 87' lang='grc' dir='ltr'><strong><em>μηνύει</em></strong></span> <span class='ocrx_word' id='word_1_239' title='bbox 1107 3978 1187 4047; x_wconf 68' lang='grc' dir='ltr'><strong><em>τόσα</em></strong></span> 
     </span>
     <span class='ocr_line' id='line_1_32' title="bbox 136 4073 1150 4168; baseline -0.006 -18"><span class='ocrx_word' id='word_1_240' title='bbox 136 4083 216 4168; x_wconf 71' lang='grc' dir='ltr'><strong><em>περὶ</em></strong></span> <span class='ocrx_word' id='word_1_241' title='bbox 238 4078 368 4158; x_wconf 76' lang='grc' dir='ltr'><strong><em>ἑαυτοῦ,</em></strong></span> <span class='ocrx_word' id='word_1_242' title='bbox 391 4075 532 4168; x_wconf 78' lang='grc' dir='ltr'><strong><em>ὠφελεῖν</em></strong></span> <span class='ocrx_word' id='word_1_243' title='bbox 548 4077 834 4164; x_wconf 79' lang='grc' dir='ltr'><strong><em>ἐπαγγελλόμενος.</em></strong></span> <span class='ocrx_word' id='word_1_244' title='bbox 863 4073 931 4146; x_wconf 76' lang='grc' dir='ltr'><strong><em>ἀλλ’</em></strong></span> <span class='ocrx_word' id='word_1_245' title='bbox 949 4073 987 4144; x_wconf 83' lang='grc' dir='ltr'><strong><em>οὐ</em></strong></span> <span class='ocrx_word' id='word_1_246' title='bbox 1002 4077 1150 4160; x_wconf 81' lang='grc' dir='ltr'><strong><em>προεχώ-</em></strong></span> 
     </span>
     <span class='ocr_line' id='line_1_33' title="bbox 137 4174 1148 4267; baseline -0.006 -19"><span class='ocrx_word' id='word_1_247' title='bbox 137 4203 216 4267; x_wconf 85' lang='grc' dir='ltr'><strong><em>ρησε</em></strong></span> <span class='ocrx_word' id='word_1_248' title='bbox 243 4179 293 4264; x_wconf 77' lang='grc' dir='ltr'><strong><em>τῷ</em></strong></span> <span class='ocrx_word' id='word_1_249' title='bbox 313 4177 408 4266; x_wconf 88' lang='grc' dir='ltr'><strong><em>γόητι</em></strong></span> <span class='ocrx_word' id='word_1_250' title='bbox 427 4174 447 4264; x_wconf 83' lang='grc' dir='ltr'><strong><em>ή</em></strong></span> <span class='ocrx_word' id='word_1_251' title='bbox 468 4179 527 4264; x_wconf 84' lang='grc' dir='ltr'><strong><em>τής</em></strong></span> <span class='ocrx_word' id='word_1_252' title='bbox 548 4175 683 4256; x_wconf 76' lang='grc' dir='ltr'><strong><em>ἐλπίδος</em></strong></span> <span class='ocrx_word' id='word_1_253' title='bbox 705 4182 880 4266; x_wconf 87' lang='grc' dir='ltr'><strong><em>φαντασία.</em></strong></span> <span class='ocrx_word' id='word_1_254' title='bbox 924 4174 1148 4262; x_wconf 84' lang='grc' dir='ltr'><strong><em>ήμβροτεγὰρ</em></strong></span> 
     </span>
     <span class='ocr_line' id='line_1_34' title="bbox 138 4272 1150 4364; baseline -0.005 -17"><span class='ocrx_word' id='word_1_255' title='bbox 138 4272 207 4347; x_wconf 82' lang='grc' dir='ltr'><strong><em>ἇπὸ</em></strong></span> <span class='ocrx_word' id='word_1_256' title='bbox 221 4279 283 4364; x_wconf 85' lang='grc' dir='ltr'><strong><em>τής</em></strong></span> <span class='ocrx_word' id='word_1_257' title='bbox 292 4275 489 4363; x_wconf 83' lang='grc' dir='ltr'><strong><em>καραδοκίας</em></strong></span> <span class='ocrx_word' id='word_1_258' title='bbox 498 4272 574 4344; x_wconf 76' lang='grc' dir='ltr'><strong><em>τινὰ</em></strong></span> <span class='ocrx_word' id='word_1_259' title='bbox 586 4275 924 4363; x_wconf 76' lang='grc' dir='ltr'><strong><em>είδηφαρμακευτικῆς</em></strong></span> <span class='ocrx_word' id='word_1_260' title='bbox 933 4278 1150 4361; x_wconf 82' lang='grc' dir='ltr'><strong><em>προσενέγκας</em></strong></span> 
     </span>
    </p>
   </div>
   <div class='ocr_carea' id='block_1_4' title="bbox 0 0 1438 5084">
    <p class='ocr_par' dir='ltr' id='par_1_7' title="bbox 0 0 1438 5084">
     <span class='ocr_line' id='line_1_35' title="bbox 0 0 1438 5084; baseline 0 0"><span class='ocrx_word' id='word_1_261' title='bbox 0 0 1438 5084; x_wconf 95' lang='lat' dir='ltr'><strong><em> </em></strong></span> 
     </span>
    </p>
   </div>
  </div>
 </body>
</html>
