2867 5084
612 898 702 950 tubex
721 900 832 952 ututsstu

207 1186 265 1247 Magi
286 1186 406 1236 Christum
425 1185 525 1235 adorant
547 1186 592 1236 154
602 1201 623 1235 c.

205 1254 355 1315 Magistratus
373 1254 436 1317 apud
447 1254 548 1303 ludaeos
567 1255 619 1303 iure
628 1255 791 1303 successionis
809 1255 891 1304 liberis
910 1264 965 1319 pust
984 1264 1084 1308 mortem
1103 1267 1229 1321 parentum

239 1322 388 1383 deferuntur,
407 1330 431 1370 ct
448 1322 526 1371 adhuc
545 1323 710 1385 impuberibus
730 1329 881 1373 reservantur
902 1323 948 1373 130
957 1324 980 1374 d.

205 1391 323 1452 Magusaei
342 1390 406 1453 apud
426 1391 519 1452 l’ersaa,
538 1398 561 1438 et
580 1404 662 1439 eurum
681 1390 765 1452 religio
782 1405 811 1439 ac
829 1405 898 1440 sacra
919 1392 1014 1443 ruath.

205 1458 291 1507 Malum
310 1457 373 1507 unde
393 1466 509 1519 exortum,
536 1466 560 1506 et
578 1472 625 1521 qua
643 1459 736 1508 ratione
754 1459 878 1508 inductum
896 1459 959 1509 ild.
1000 1459 1086 1510 Malum
1111 1461 1167 1511 nulli
1192 1463 1227 1512 rei

239 1527 272 1576 ita
290 1526 444 1575 coniunctum
463 1533 507 1587 ert,
526 1527 584 1588 quin
600 1527 656 1574 boni
671 1525 742 1575 simul
752 1527 844 1590 aliquid
854 1528 939 1577 habeat
957 1527 1035 1578 uase.
1070 1528 1156 1578 Malum
1169 1529 1227 1593 quid

237 1595 277 1655 sit,
297 1595 393 1656 rpuando
411 1595 522 1655 extiterit,
542 1594 680 1657 ecquando
698 1594 730 1642 sit
749 1594 881 1644 desiturum
900 1595 980 1646 otas.
992 1596 1015 1645 b.

204 1663 337 1711 Mammona
357 1669 397 1711 aut
414 1671 503 1724 center,
522 1662 644 1724 quomedo
664 1662 728 1711 huus
746 1663 880 1725 appelletur
898 1663 979 1714 6836.

204 1730 318 1779 Mandrae
334 1730 480 1779 monasteria
498 1729 668 1779 Monachorum
691 1730 783 1781 torua.

203 1799 284 1847 Manes
303 1805 455 1860 comparatur
473 1797 574 1860 Apollini
593 1798 646 1857 rati,
670 1806 694 1846 et
712 1813 759 1860 qua
778 1799 870 1847 ratione
888 1798 966 1848 ussa.
1009 1800 1085 1856 Quam
1111 1799 1171 1849 male
1197 1799 1226 1848 de

237 1866 356 1915 saliendis
375 1873 497 1915 tantuma
517 1865 610 1915 decimu
629 1867 713 1929 quinto
723 1866 810 1915 'liberii
831 1867 940 1916 Caesaris
959 1868 1062 1916 senserit
1081 1867 1111 1916 ib.
1126 1869 1148 1916 6.
1178 1868 1227 1917 Ma·

237 1948 281 1983 nes
299 1934 359 1982 lateo
378 1949 405 1983 sc
424 1933 571 1983 Paracletum
592 1947 645 1982 csse
665 1933 769 1982 iactabat
786 1933 837 1982 635
847 1950 868 1983 c.

202 2003 395 2052 Manichaeorum
415 2002 547 2052 execranda
567 2002 677 2063 impietas
695 2001 774 2051 6393.
804 2001 935 2050 Manichaei
955 2016 1032 2062 nugae
1050 2003 1113 2050 circa
1132 2002 1225 2051 baiulus

236 2071 318 2119 mundi
338 2071 403 2119 ibb.
416 2086 436 2119 c.
481 2069 645 2118 Manichacum
665 2068 739 2129 magis
758 2069 866 2118 fabulosa
885 2069 914 2118 de
933 2071 983 2119 heu
1002 2084 1073 2133 quani
1094 2070 1225 2119 llcsiodurd

237 2146 380 2201 ceterosque
399 2146 483 2200 poetas
503 2138 609 2186 Graecos
634 2137 730 2185 tinuisse
749 2137 827 2185 tibba.
875 2138 1005 2185 Manichaei
1026 2139 1049 2185 iu
1069 2138 1143 2186 licum
1162 2137 1225 2185 lilas-

236 2207 331 2270 pbemia
350 2206 429 2255 ausa.
465 2206 598 2266 Principem
618 2205 810 2253 Manichaeorum
829 2204 874 2252 sibi
894 2205 1003 2252 subditos
1022 2205 1134 2253 devorare
1152 2218 1224 2267 quiam

236 2275 268 2323 sit
285 2274 415 2322 absurdum
434 2281 488 2335 apta
507 2272 662 2321 similitudine
677 2273 792 2335 probatur
809 2269 887 2321 ohta.
898 2272 921 2319 b.
957 2272 1148 2320 Manichaeorum
1168 2274 1224 2320 bac-

236 2341 299 2390 resis
317 2342 380 2402 xlv,
400 2342 484 2388 ordine
503 2341 557 2389 ext
576 2341 624 2390 ott
636 2340 658 2389 b.
672 2356 692 2388 c.
738 2339 810 2387 lidcrn
830 2338 887 2386 dicti
907 2341 1044 2400 bcuarritae,
1069 2347 1092 2387 ct
1111 2339 1173 2388 uude
1191 2341 1224 2390 ib.

236 2409 280 2460 Ubi
299 2416 323 2457 et
347 2423 427 2470 aquo
451 2408 606 2458 disseminata
630 2408 689 2456 hacc
714 2407 821 2455 haeresis
846 2407 877 2454 ib.
913 2407 1024 2465 'Quando
1049 2408 1172 2468 coeperint
1191 2409 1223 2456 ib.

237 2477 311 2527 Manis
330 2477 428 2525 historia
448 2477 479 2525 ib.
493 2492 514 2525 c.
527 2476 550 2524 d.
587 2477 640 2524 Puit
658 2484 681 2523 et
699 2475 842 2538 Scythianus
853 2475 985 2524 Manichaei
1003 2475 1119 2535 dogmatis
1137 2476 1224 2524 autlrur
1247 2482 1254 2487 '

236 2545 353 2596 staca.
389 2543 446 2594 Eius
465 2544 564 2593 historia
583 2543 661 2592 orsa.
697 2541 810 2591 Eiusdem
831 2542 883 2590 libri
902 2551 1006 2606 quatuor
1025 2543 1103 2592 bch.
1139 2544 1224 2591 lliero-

236 2613 349 2676 solymam
369 2615 429 2660 venit
448 2626 502 2659 cum
522 2612 642 2674 llpostotis
661 2611 800 2660 conducendi
820 2610 894 2670 gratia
913 2609 991 2658 620³.
1027 2610 1139 2658 Eiusdem
1158 2625 1223 2659 murs

237 2696 263 2729 cn
282 2681 349 2743 lapsu
369 2695 381 2730 e
400 2679 504 2743 quodam
523 2679 618 2729 sublimi
638 2686 700 2728 tectu
721 2678 752 2726 ib.
767 2694 788 2726 c.
823 2678 950 2727 Perbitbus
968 2678 1020 2726 cius
1038 2678 1172 2740 discipulus
1190 2679 1223 2728 ib.

235 2749 324 2798 Mutato
343 2749 439 2797 nornine
459 2747 565 2796 lluddam
584 2762 610 2796 sc
626 2747 704 2796 rucari
724 2746 796 2796 voluit
814 2747 847 2795 ib.
876 2748 901 2795 ln
914 2746 1034 2795 Persidem
1051 2746 1141 2813 aufugit
1160 2746 1224 2797 ib.d.

237 2817 298 2866 Casu
318 2816 406 2865 interiit
426 2824 451 2864 ut
470 2818 521 2867 eius
540 2825 681 2865 antecessor
698 2815 777 2864 uara.
805 2814 832 2863 Ei
851 2814 968 2864 successit
987 2814 1068 2863 Manes
1086 2813 1164 2863 dictus
1176 2814 1224 2863 Cu-

235 2885 316 2933 bricus
335 2885 366 2932 ib.
396 2883 453 2931 Eius
472 2886 571 2934 historia
589 2898 643 2933 cum
662 2889 743 2943 ageret
761 2883 825 2946 apud
838 2883 922 2931 Persas
940 2881 1007 2932 ib.d.
1035 2880 1092 2932 Eius
1111 2882 1222 2946 discipuli

236 2952 348 3002 aaran.
384 2951 445 3010 Fuga
465 2966 478 3000 c
496 2967 593 3000 carcerc
612 2951 680 3000 ib.d.
717 2951 822 3013 Epistola
841 2951 869 2999 ad
889 2950 1023 2999 Marcellum
1043 2951 1126 3001 6236.
1163 2952 1223 3000 Mar-

236 3019 288 3067 celli
308 3018 342 3064 ad
356 3017 463 3065 eiusdem
474 3017 602 3080 Epistulam
616 3019 742 3081 responsio
761 3018 841 3067 6246.
867 3019 997 3067 Manichaei
1012 3019 1097 3079 dogma
1111 3017 1222 3067 distincte

237 3085 377 3147 explicatum
397 3083 474 3133 uase.
511 3085 645 3148 Disputatio
665 3084 772 3133 brchclai
792 3100 845 3133 cum
865 3085 905 3133 illu
924 3094 948 3133 et
966 3086 1017 3133 eius
1035 3085 1089 3144 luga
1108 3084 1156 3133 627
1168 3099 1189 3133 a.
1199 3086 1222 3134 b.

234 3155 383 3216 Tryphonem
409 3160 521 3213 prouocat
537 3153 618 3202 ulau.
665 3153 753 3200 lterum
777 3160 911 3213 prostratus
935 3151 964 3198 ab
983 3151 1099 3200 archelao
1124 3151 1222 3200 ib.c.d.

236 3226 253 3271 Α
275 3222 336 3281 ltugc
355 3221 479 3269 Persarum
499 3221 522 3269 in
542 3220 662 3269 Persidem
681 3226 805 3268 revocatur
822 3219 886 3267 ibri.
929 3218 989 3265 Cute
1007 3216 1098 3266 calamo
1116 3218 1223 3267 detracta

235 3291 297 3338 uirus
317 3288 450 3338 excoriatur
468 3287 526 3338 629.
563 3288 630 3338 Cutis
649 3289 701 3336 eius
721 3294 811 3336 serrata
830 3286 861 3334 ib.
897 3285 1027 3334 Manichaei
1046 3286 1157 3348 discipuli
1177 3287 1222 3336 buc

236 3358 341 3420 illucque
360 3356 462 3419 dispersi
483 3357 513 3404 ib.
524 3358 546 3404 b.
578 3355 708 3404 Manichaei
728 3355 839 3404 refutatio
858 3354 889 3402 ib.
901 3354 954 3402 bc.
982 3353 1044 3402 Libri
1063 3354 1171 3404 eiusdem
1190 3355 1222 3403 ib.

237 3427 283 3483 Ocri
302 3433 384 3473 contra
403 3425 566 3473 Manichaeum
584 3423 732 3486 scripserunt
751 3422 829 3472 osse.
863 3421 993 3470 Manichaei
1012 3430 1173 3472 commentum
1192 3422 1222 3471 dc

237 3494 301 3542 Luna
321 3492 436 3541 rclcltitur
455 3493 504 3542 664
516 3494 538 3540 6.
575 3493 633 3540 ttem
652 3491 681 3540 de
700 3491 783 3539 electis
803 3490 996 3539 Manichaeorum
1020 3505 1087 3539 error
1106 3491 1223 3539 relutatur

236 3563 313 3611 6656.
325 3562 346 3610 b.
382 3562 439 3609 ttcm
458 3562 487 3609 dc
507 3560 588 3608 tldauri
607 3559 730 3608 creatione
748 3559 826 3608 ahsa
857 3559 981 3607 Praeterea
1000 3558 1030 3607 de
1049 3559 1104 3607 liubi
1124 3567 1147 3607 et
1165 3558 1221 3607 muli

236 3629 414 3678 conflictatione
431 3628 490 3678 otu.
505 3629 562 3678 b‘ll.
578 3636 600 3675 ct
614 3627 672 3677 672.
698 3627 845 3675 Testirnunia
862 3626 950 3689 quibas
968 3627 1051 3675 nititur
1069 3626 1222 3675 Manichacus

237 3697 314 3747 orac.
351 3697 437 3745 Cuntrn
456 3712 510 3745 eum
529 3696 586 3759 quid
605 3696 636 3743 sit
653 3695 725 3743 arbor
744 3694 847 3743 malain
866 3693 990 3755 Erangelio
1008 3693 1066 3743 titt.
1094 3692 1164 3751 erud
1184 3693 1221 3741 lu·

236 3766 289 3814 daei
314 3778 361 3813 non
387 3772 452 3813 erant
477 3765 518 3813 lllri
537 3762 624 3812 diaboli
652 3770 734 3810 contra
760 3762 863 3810 eundem
883 3762 1046 3811 Manicbneum
1070 3760 1221 3810 bilbcd.

236 3833 367 3882 Manichaei
386 3834 458 3895 impia
477 3833 585 3893 dogmata
604 3846 631 3880 ea
649 3831 764 3894 Turbonis
790 3831 842 3879 cius
866 3829 977 3892 discipuli
1001 3828 1117 3877 relatione
1135 3829 1185 3878 6⁴2
1198 3829 1221 3877 6.

236 3901 293 3951 643.
307 3911 330 3949 et
343 3901 402 3950 644.
421 3915 498 3963 usque
516 3898 614 3949 adblss.
655 3900 690 3948 Du
708 3901 802 3948 animae
821 3896 982 3946 translusiune
1000 3899 1024 3944 in
1042 3897 1149 3959 quinque
1168 3910 1222 3947 cur·

235 3985 293 4032 pura
312 3969 361 4017 644
372 3968 394 4017 d.
425 3968 517 4026 tinibus
537 3966 673 4016 numinibus
693 3967 796 4016 animam
815 3966 923 4026 designet
941 3965 974 4014 ib.
992 3971 1014 4011 et
1034 3964 1112 4013 biba.
1140 3964 1221 4025 Nugae

236 4038 299 4086 itlius
319 4036 348 4084 clu
367 4051 493 4098 corporum
513 4035 912 4099 transmigrationepostmortem
932 4033 964 4082 it,
995 4032 1069 4080 [telis
1081 4031 1122 4095 qui
1135 4044 1221 4095 panem

236 4105 364 4154 comedunt
383 4105 440 4166 quid
460 4105 555 4167 sentiat,
575 4112 596 4153 ct
611 4104 699 4166 ortibus
707 4104 785 4153 verbis
799 4117 884 4165 panem
898 4101 1034 4164 alloquatur
1052 4101 1129 4150 dlbc.
1157 4100 1222 4158 Oua-

236 4173 282 4222 lem
300 4174 430 4222 constituat
449 4174 585 4236 paradisum
604 4172 682 4222 aloa.
727 4173 773 4230 Qui
792 4172 840 4220 sint
858 4171 1049 4221 Manichaeorum
1067 4168 1137 4218 electi
1156 4170 1188 4218 ib.
1199 4185 1221 4218 c.
