2867 5084
538 909 630 961 rhoea
649 909 758 963 venue.
1097 895 1159 961 93‘l

170 1076 225 1111 eura
244 1062 332 1125 triplici
349 1049 396 1110 riui
420 1061 551 1110 mutatione
576 1061 642 1110 ihb.
684 1063 775 1112 lrenaei
799 1063 913 1112 adversus
937 1063 1067 1112 ldarcosios
1092 1063 1160 1113 locus

170 1130 233 1179 ihc.
245 1129 268 1181 d.
305 1130 475 1179 llarcosiorurn
494 1129 643 1178 Eucharistia
662 1131 691 1177 ab
709 1129 794 1179 lrenao
815 1131 935 1193 descripta
954 1130 1051 1180 ib.e.d.
1081 1131 1160 1180 lanae

170 1197 297 1246 illusiones
321 1211 376 1258 erga
400 1197 517 1246 loenrinas
542 1197 720 1247 mehe-d.
770 1199 941 1248 Mercuriorum
967 1212 1044 1260 nugae
1074 1198 1160 1250 236d.

171 1265 316 1328 Principium
335 1272 360 1313 et
377 1268 502 1313 authorem
521 1266 627 1314 omnium
653 1274 737 1313 cocant
760 1268 857 1314 nomine
882 1275 985 1329 quatuor
1009 1267 1084 1316 literis
1102 1281 1160 1318 con·

169 1334 236 1394 doto,
254 1347 317 1396 quac
335 1341 448 1382 crescunt
466 1345 544 1394 usque
562 1333 593 1381 ad
608 1333 761 1381 tricenarium
781 1333 859 1383 tota.
870 1333 922 1383 b.c.
965 1334 1059 1396 Corpus
1083 1331 1179 1386 totun'

170 1401 297 1451 elementis
316 1401 436 1450 literarum
456 1408 604 1462 componunt
621 1399 702 1450 238b.
713 1416 734 1449 c.
747 1401 769 1450 d.
803 1403 871 1450 lesus
890 1402 937 1449 sive
952 1390 1055 1459 Ἰησοῦς
1072 1417 1160 1462 nornen

135 1494 141 1513 ι
170 1469 316 1532 qnalsapud
329 1482 372 1517 eos
391 1467 472 1517 2³9h.
497 1469 598 1517 Senario
617 1481 716 1516 numero
731 1483 793 1531 quae
804 1468 1062 1532 mysteriaadscrihant
1081 1470 1160 1522 tlte.

169 1537 231 1585 ltera
250 1536 387 1599 septenario
405 1535 483 1585 2llc.
518 1536 600 1585 Tetras
619 1535 713 1584 illorum
733 1536 811 1599 qualis
829 1536 942 1586 utne
978 1537 1087 1592 ldareosii
1107 1540 1161 1600 qui-

170 1603 216 1652 luts
234 1619 263 1653 ca
281 1605 414 1666 scripturae
434 1602 493 1652 locis
511 1605 614 1666 probent
631 1617 786 1652 numerorum
805 1604 917 1667 mysteria
936 1604 1042 1665 tetradis,
1071 1606 1159 1666 ogdoa-

171 1672 217 1732 dis,
236 1671 342 1733 decadis,
360 1671 490 1721 dodecndis
509 1680 532 1720 et
551 1672 672 1721 tricenarii
691 1671 887 1722 stennotnt.
903 1671 960 1722 252.
998 1673 1087 1721 Passim
1105 1673 1160 1722 lihri

171 1754 255 1789 eorum
273 1740 402 1804 apocryphi
426 1747 449 1787 et
469 1740 571 1788 conllcta
595 1738 624 1787 de
644 1741 739 1788 Christo
765 1741 864 1789 historin
882 1740 996 1789 essct.
1031 1741 1160 1789 llarcosio-

171 1822 225 1856 rum
243 1807 376 1870 redemptio
395 1807 476 1856 25ld.
506 1806 633 1864 Quomodo
652 1807 759 1855 initiatos
771 1815 913 1859 consecrent
933 1808 1072 1858 anonae.
1100 1810 1160 1858 ldar-

171 1890 215 1924 cus
240 1877 395 1938 quamohrem
414 1875 565 1936 Evangelium
590 1883 645 1937 post
669 1877 813 1925 llatthaeum
837 1876 960 1938 scripserit
983 1875 1062 1926 thes.
1098 1877 1160 1927 Petri

170 1944 330 2003 consciuit,
357 1951 380 1991 et
405 1957 468 1991 unus
487 1958 500 1991 e
519 1945 668 2005 septuaginta
695 1944 790 1992 duobus
815 1944 940 2006 discipulis
960 1945 1046 1994 Christi
1066 1946 1097 1994 ih.
1134 1944 1160 1994 ln

171 2014 301 2075 Aegyptum
320 2012 362 2061 all
382 2012 451 2061 Petro
470 2012 559 2060 missus
578 2012 610 2060 ih.
639 2010 705 2060 Unde
725 2013 817 2062 initium
837 2013 953 2074 Evangelii
972 2013 1160 2075 competitus.

134 2081 230 2131 ldarcus
255 2080 341 2143 philtra
365 2078 506 2128 tntiliccihus
531 2079 640 2142 praebuit
664 2079 747 2129 ²350.
762 2080 785 2129 d.
836 2081 907 2130 llarci
933 2082 1040 2131 haeresis
1058 2095 1071 2130 a
1089 2089 1160 2144 poeta

171 2148 244 2197 veteri
263 2148 374 2197 damnata
392 2147 473 2206 atah.
492 2146 571 2196 tlte.
607 2147 692 2196 llisera
717 2156 755 2198 est
773 2151 870 2197 omnino
895 2162 958 2212 quac
982 2164 1024 2212 per
1048 2148 1118 2210 alpha
1137 2156 1161 2198 ct

171 2217 227 2265 beta
244 2216 389 2265 divinitatem
408 2214 481 2263 stulte
499 2215 569 2263 violat
588 2213 635 2264 247
648 2215 670 2264 tl.

135 2284 201 2333 llare
218 2292 340 2334 munuum
359 2282 422 2333 ideas
441 2297 495 2332 cum
514 2282 573 2331 valle
590 2283 741 2345 salsuginosa
759 2284 823 2333 illo.

134 2352 211 2402 llario
228 2351 369 2401 honoranda
386 2351 493 2414 quidem,
518 2351 560 2399 scd
584 2365 631 2399 nou
651 2351 773 2400 adoranda
795 2350 858 2400 1065
868 2365 889 2399 a.
929 2351 1024 2399 Manum
1043 2358 1159 2413 perpetuo

171 2421 283 2481 virginem
303 2421 377 2469 luisse
400 2419 496 2468 totto.
524 2419 610 2467 Mariae
629 2419 748 2480 virginitas
767 2428 790 2468 et
809 2433 876 2467 error
894 2419 1044 2480 quorundam
1058 2419 1161 2467 haereti-

172 2502 255 2537 corum
275 2489 339 2536 circn
356 2486 428 2536 illam.
471 2487 543 2536 llario
561 2501 590 2533 an
610 2496 703 2535 mortua
722 2488 767 2546 sit,
793 2500 869 2535 necne
893 2487 1011 2548 scriptura
1035 2500 1083 2533 non
1111 2499 1161 2534 me·

172 2557 241 2606 minit
263 2555 354 2606 tttsc.
387 2555 483 2604 lluhitat
502 2554 649 2616 Epiphanius
667 2569 696 2602 an
715 2562 809 2603 mortua
828 2555 858 2603 sit
876 2553 941 2602 ilud.
969 2555 1055 2603 lleatae
1074 2553 1161 2602 Mariae

173 2624 313 2687 Encovnium
336 2624 429 2672 thaha.
458 2624 544 2672 llarine
562 2636 591 2669 ac
608 2621 668 2675 Evae
687 2621 784 2682 elegans
801 2622 927 2670 antithesis
946 2622 978 2671 th.
992 2637 1012 2670 c.
1043 2621 1089 2670 Eva
1106 2629 1161 2685 post

173 2698 298 2755 peecatum
322 2692 368 2740 hoe
392 2704 479 2739 nomen
504 2690 594 2738 hahuit.
636 2690 708 2738 llario
732 2704 803 2738 soror
826 2697 907 2737 nostra
931 2689 975 2737 luit
997 2690 1106 2738 videlicet
1131 2691 1160 2737 ah

172 2760 263 2809 tldamo
282 2766 334 2807 orta
355 2758 448 2807 toust.
485 2759 571 2807 hieriae
591 2758 717 2818 integritas
738 2772 800 2820 quae
825 2757 889 2806 nullo
914 2771 1018 2820 unquam
1043 2758 1098 2806 vitio
1116 2758 1161 2807 luit

172 2829 295 2891 inquinata
314 2825 394 2876 35ηο
421 2827 491 2874 llario
510 2825 600 2876 nullum
611 2825 806 2875 Ecclesiasticunv
825 2840 913 2875 uranus
931 2840 958 2874 ac
977 2841 1008 2875 ne
1026 2825 1161 2888 lvaptizandi

172 2896 270 2960 quidem
288 2895 364 2955 attigit
386 2893 448 2944 1059
457 2894 479 2942 d.
507 2894 602 2943 llariam
619 2894 716 2956 quidam
737 2895 876 2942 esselleum
891 2894 1046 2943 crediderunt
1068 2895 1159 2944 lodic.

137 2964 211 3014 ldaris
228 2964 294 3013 rubri
313 2971 396 3026 portus
415 2962 470 3010 varii
488 2975 515 3011 nc
535 2961 622 3024 quihus
640 2963 779 3011 nominihus
798 2962 903 3012 distincti
922 2962 1002 3012 illssb.

137 3032 239 3082 llarium
257 3046 311 3081 curn
330 3030 442 3080 laeminis
460 3030 598 3078 coniunctio
618 3030 665 3078 sive
680 3031 832 3091 coniugium:
854 3030 1161 3093 Parcassivellptltuscum

173 3099 280 3159 Ennoea,
303 3098 410 3164 t‘nigena
428 3098 476 3148 sire
494 3098 544 3146 llus
562 3113 616 3145 oum
635 3099 740 3158 veritate,
770 3113 850 3147 sermo
869 3112 923 3146 cum
944 3100 996 3158 rita,
1016 3099 1087 3146 homo
1106 3112 1160 3145 cum

172 3167 281 3217 Ecclesia
299 3166 431 3216 secundum
452 3165 599 3214 Valentinum
619 3180 646 3214 er
666 3167 764 3214 lrenueo
787 3167 834 3215 lis
846 3165 901 3214 ed.

137 3236 222 3285 llarini
241 3235 307 3284 cauis
326 3235 396 3283 sihilo
414 3235 517 3297 viperam
546 3233 665 3282 evocantis
691 3247 745 3282 cum
766 3233 900 3282 Ptolemaeo
928 3231 1049 3280 haeretico
1067 3230 1160 3279 Floram

173 3304 305 3353 seducente
324 3304 471 3365 comparatio
490 3301 539 3350 228
549 3316 570 3350 a.
581 3302 604 3350 h.

138 3373 244 3420 llartltus
265 3377 287 3420 ct
306 3371 426 3420 llartlaana
445 3383 542 3418 sorores
561 3384 587 3417 ex
606 3369 680 3431 stirpe
692 3367 755 3416 Elvai
774 3368 895 3431 principes
915 3366 983 3413 istius
997 3373 1078 3414 sectae
1096 3365 1159 3414 tth.

139 3440 265 3503 llartprum
285 3438 370 3501 duplex
389 3438 478 3487 chorus
497 3439 544 3485 sive
562 3450 638 3498 genus
656 3436 735 3487 nlla.

138 3507 334 3556 llassalionorum
354 3521 421 3555 error
438 3505 555 3553 refutatur
573 3505 635 3553 circo
654 3503 780 3552 mediorum
800 3516 869 3551 usum
883 3502 1044 3564 promiscuum
1066 3500 1160 3550 tutte.

175 3575 369 3624 llassalianorum
397 3575 512 3634 lucrosis,
537 3574 624 3635 quihus
649 3573 767 3622 accedunt
785 3571 919 3633 llortpriani
939 3585 951 3618 c
970 3569 1097 3618 Gentilium
1117 3584 1161 3618 nu·

173 3657 248 3703 mero,
268 3656 378 3691 necnon
397 3649 421 3690 et
438 3641 595 3704 Euphemitae
614 3648 637 3689 et
655 3641 786 3698 Sataniani,
810 3653 872 3701 quae
891 3646 926 3688 est
947 3637 1053 3686 haeresis
1072 3636 1159 3686 Llllllll

173 3712 223 3760 sive
241 3711 316 3760 Lllllll
337 3710 434 3759 thoth.
461 3708 550 3758 Eorum
569 3709 653 3769 dogma
672 3709 736 3757 ihc.
765 3707 832 3757 Unde
851 3706 907 3754 dicti
926 3706 957 3754 ih.
985 3704 1086 3762 Quando
1105 3718 1160 3766 pro·

174 3780 269 3828 dierunt
287 3779 319 3827 ib.
348 3777 436 3827 Eorum
450 3777 600 3826 l'roseuclroe
621 3776 685 3825 1068
693 3792 712 3824 a.
727 3777 749 3824 lv.
776 3776 810 3824 lle
822 3773 890 3822 coelo
901 3781 985 3832 tactae,
1004 3780 1026 3820 et
1041 3772 1080 3820 ubi
1099 3773 1159 3820 ihc.

174 3847 319 3910 lupicianus
338 3845 493 3895 dlassallsnos
517 3852 583 3892 vexat
601 3844 633 3893 ih.
649 3844 672 3892 d.
717 3844 774 3892 lnde
793 3842 1002 3904 rseutomsrtpes
1027 3840 1161 3889 haeretico·

173 3929 226 3964 rum
245 3915 276 3963 ib.
314 3913 360 3971 Oui
379 3921 402 3963 et
420 3914 556 3976 martyriooi
576 3912 633 3961 dicti
652 3912 684 3959 ib.

140 3982 235 4032 llatcria
255 3982 364 4044 pluribus
383 3982 460 4030 modis
479 3982 581 4030 sumitur
599 3979 657 4028 265.

138 4050 250 4100 llateriac
268 4048 390 4111 multiplea
409 4050 526 4110 acceptio,
546 4047 611 4110 quod
629 4045 744 4108 exemplis
763 4045 788 4093 lit
806 4043 957 4093 manifestum
976 4042 1026 4094 635
1035 4042 1058 4091 b.

139 4119 272 4168 llatthaeus
283 4132 326 4166 cur
335 4116 484 4177 Evangelium
497 4130 511 4165 o
522 4115 607 4164 Christi
617 4116 772 4176 generatione
787 4114 908 4174 inceptum
918 4112 1043 4174 scripserit
1052 4111 1100 4162 tlt
1108 4126 1128 4161 c.
1136 4112 1159 4162 d.

173 4187 305 4236 Matthaeus
324 4186 415 4248 primus
434 4182 699 4244 omniumErangelium
719 4181 816 4244 scripsit
832 4179 912 4230 tenu.
944 4179 992 4229 Cur
1004 4179 1056 4243 ipse
1069 4181 1160 4243 primus
1248 4212 1254 4223 ·
