2867 5084
385 940 530 995 amm.
548 943 942 997 Αυτωιιιοιεκεικιιιτιι.
1112 935 1173 1001 501

161 1086 354 1175 άπιύλεσεν,·
391 1093 424 1160 ἒν
447 1101 559 1172 ποίοις
582 1096 618 1161 δὲ
641 1094 752 1180 λόγοις
778 1091 797 1182 ἦ
820 1096 1018 1180 κακοβουλία
1039 1097 1078 1163 τὸ
1098 1098 1177 1186 χρη·

160 1214 260 1275 σιμον
294 1188 351 1257 οῦκ
384 1191 537 1276 ἒτάραξε,·
577 1195 643 1259 τῶν
672 1194 708 1258 δὲ
738 1193 1026 1275 πρεπωδεστάτων
1059 1198 1112 1262 καὶ
1142 1195 1181 1264 ἐν

159 1289 360 1355 καταστάσει
382 1291 512 1375 λογικῆς
535 1289 674 1375 φύσεως,
699 1278 736 1376 ἧς
757 1289 796 1354 τὸ
811 1296 942 1374 πρέπον
963 1281 1002 1376 ἦν
1017 1292 1059 1358 τὰ
1074 1293 1178 1376 σεμνὰ

158 1388 287 1469 μᾶλλον
304 1388 515 1453 διανοεῖσθαι
529 1389 584 1452 καὶ
601 1386 734 1464 τούτοις
748 1393 971 1471 προστιθέναι
985 1390 1175 1472 βιάζεσθαι,

93 1501 151 1553 10³5
163 1484 193 1550 εἰ
215 1487 268 1548 καὶ
292 1484 358 1549 ἔδει
381 1483 473 1567 παρὰ
495 1485 605 1570 φύσιν,
629 1486 681 1549 καί
704 1484 744 1566 μὶ
770 1487 896 1567 μᾶλλον
911 1485 953 1551 τά
969 1481 1114 1572 άληθινὰ
1130 1489 1205 1566 είςο

160 1581 204 1647 τὰ
227 1579 354 1664 άσεμνα
375 1587 601 1664 παρατρέπειν
623 1582 838 1666 βιαζομένους
860 1582 918 1648 ἐπὶ
940 1582 979 1647 τό
998 1595 1118 1668 χεῖρον.

247 1685 276 1745 3.
306 1678 444 1744 Λοιπὸν
466 1680 538 1764 γὰρ,
562 1677 677 1765 ἐπειδὴ
701 1678 812 1745 πάντα
838 1675 931 1768 ἡμῶν
959 1680 1178 1767 πεπλήρωται

159 1778 201 1860 τῇ
222 1780 325 1861 γενεᾷ,
348 1775 389 1841 τά
409 1801 445 1842 τε
466 1776 647 1862 βλάσφημα
669 1779 722 1841 καὶ
745 1775 786 1842 τὰ
808 1777 899 1856 έκτὸς
921 1773 1014 1862 ἁγίου
1030 1778 1178 1862 πνεύμα-

160 1896 228 1952 τος,
251 1870 301 1960 ἐφ’
327 1874 420 1956 ἕτερα
442 1873 544 1939 πάλιν
566 1873 663 1940 καινά
676 1880 865 1957 τρέπονται.
901 1876 933 1940 οὶ
955 1876 1097 1960 μὲνγὰρ
1118 1876 1177 1942 τὸν

160 1976 290 2054 πατέρα
312 1973 548 2054 βλασφημοῦσι
569 1970 627 2038 τὸν
648 1974 714 2037 τιῦν
739 1969 824 2040 ὅλων
845 1973 928 2040 θεὸν
949 1977 1003 2039 καλ
1020 1976 1178 2061 δημιουρ·
1187 1988 1218 2038 10

158 2066 235 2152 γὸν,
268 2068 300 2133 οἱ
324 2062 411 2155 ἀμφὶ
439 2067 497 2154 την
518 2071 639 2152 γνῶσιν
668 2069 853 2154 λεγόμενοι,
891 2072 923 2136 οἱ
952 2067 984 2136 δ’
1009 2061 1050 2138 αύ
1073 2071 1176 2138 πάλιν

159 2171 360 2248 Μαρκίωνος
391 2169 444 2232 καί
476 2160 679 2249 Ἀρχοντικοί
712 2168 923 2251 καλούμενοι,
960 2172 1013 2234 καί
1046 2169 1178 2246 τούτοις

159 2263 195 2329 οἱ
217 2263 436 2347 συνεπόμενοι
457 2269 660 2345 Μανιχαῖοι,
695 2264 728 2328 οἱ
755 2264 812 2349 τὴν
842 2260 1022 2348 ὀνομασίαν
1051 2264 1179 2331 δικαιό-

158 2387 244 2426 τατα
267 2361 438 2449 εἰληφότες
461 2361 494 2427 ἐκ
518 2362 646 2439 δικαίας
673 2361 764 2440 τινὸς
793 2362 982 2446 οἰκονομίας
1010 2365 1103 2441 θεοῦ,
1137 2360 1177 2427 τὸ

130 2461 325 2544 Βμανιιῦδες
354 2456 474 2541 ὄνομα·
509 2448 602 2525 οὗτοι
630 2458 753 2537 πάντες
783 2459 866 2543 μετὰ
896 2459 1058 2526 πλειόνων
1088 2459 1216 2544 αἶρέ-15

159 2579 256 2632 σεων,
280 2561 434 2622 Καϊανιῦν
451 2581 546 2643 φημι,
570 2560 757 2643 Σηθιανιῦν,
774 2559 1090 2639 Μελχισεδεκιανιῦν,
1111 2563 1177 2622 Κο-

157 2655 357 2736 λορβασίων,
381 2657 628 2737 Ιίερδωνιανιῦν,
651 2657 703 2720 καὶ
728 2658 793 2720 τῶν
816 2653 933 2732 ἄλλων,
966 2657 1177 2740 βλασφημεῖν

158 2750 210 2828 εἰς
237 2749 294 2815 τόν
322 2753 387 2815 τιῦν
417 2748 502 2816 ὅλων
531 2757 674 2835 πατέρα,
710 2752 743 2818 ἐν
772 2756 818 2838 τῷ
849 2756 965 2817 τοῦτον
999 2746 1177 2835 ἀρνεῖσθαι

158 2843 247 2917 εἶναι
268 2847 350 2914 θεὸν
372 2848 429 2913 τὸν
454 2849 486 2914 ἐν
510 2848 599 2934 νόμῳ
627 2854 680 2915 καί
711 2848 744 2914 ἓν
767 2848 957 2935 προφήταις
979 2848 1175 2935 λαλήσαντα,

159 2947 297 3024 δικαίως
318 2971 353 3012 τε
376 2947 659 3030 προσκυνούμενον
682 2942 747 3011 άπὸ
763 2945 896 3013 πάντων
912 2947 1108 3030 κτισμάτων,
1132 2944 1216 3027 ὡςεο

157 3051 293 3127 κτίστην
326 3042 381 3108 καὶ
409 3045 620 3130 δημιουργὸν,
653 3034 745 3109 οῦτοι
772 3043 856 3127 μετὰ
882 3046 940 3108 τοῦ
970 3043 1178 3129 σεβάσματος

158 3137 309 3224 άναιρεῖν
332 3145 514 3225 πειρῶνται
536 3145 588 3207 καὶ
611 3141 669 3228 τὴν
692 3142 898 3219 δεσποτείαν,
921 3140 978 3205 τὸν
998 3144 1057 3225 μὲν
1074 3139 1178 3220 δντως

158 3238 243 3307 ὄντα
265 3233 469 3321 άρνούμενοι,
505 3239 615 3322 ἕτερον
644 3240 679 3304 δέ
707 3238 765 3303 τόν
792 3238 835 3323 μὴ
861 3235 940 3304 ὄντα
962 3241 1001 3325 τῇ
1023 3237 1177 3321 μυθώδει

126 3331 271 3412 ςαάτιῦν
292 3333 435 3423 ῦπονοίρ
458 3336 706 3423 φανταζόμενοι,
731 3336 786 3401 ἵνα
809 3337 842 3402 ἐκ
862 3339 920 3400 τοῦ
937 3332 1031 3413 ὄντος
1046 3342 1177 3402 πέσωσι

157 3437 216 3502 καὶ
241 3432 276 3499 ὃν
299 3430 480 3499 ῦπονοοῦοι
507 3434 550 3520 μὴ
580 3430 728 3516 εύρωσιν.
778 3430 863 3499 ούτω
892 3431 952 3517 γὰρ
981 3429 1000 3519 ἡ
1031 3435 1216 3520 ληρωδίαιυ

156 3535 216 3599 καὶ
240 3527 258 3618 ἡ
281 3535 339 3596 τοῦ
363 3533 519 3614 διαβόλου
543 3529 654 3613 σπορὰ
675 3534 740 3595 τῶν
764 3530 868 3615 λόγων
895 3531 1050 3616 τοιαύτην
1073 3532 1177 3598 εἴωθε

156 3629 304 3716 ταραχὴν
327 3629 478 3710 ἐμποιεῖν
500 3635 552 3694 καὶ
576 3629 736 3705 θόλωσιν,
761 3630 817 3694 διά
838 3629 1003 3713 λογισμῶν
1024 3629 1177 3716 βλασφη-

155 3753 234 3814 μων
257 3727 470 3810 ἐπεγείρουσα
491 3728 637 3803 τὴντῶν
659 3733 874 3807 κεκτισμίνων
890 3721 1080 3809 ἀνθρώπων
1104 3726 1178 3792 διά-

156 3848 272 3901 νσιαν,
307 3829 382 3906 περί
411 3827 470 3888 τοῦ
499 3818 606 3888 αύτιῦν
640 3824 803 3890 δεσπότου
834 3823 1075 3905 στρατεύεσθαι
1103 3833 1177 3899 ταῖς

154 3933 277 4000 κακαῖς
298 3917 473 3999 ύπονσίαις
500 3924 555 3986 καὶ
577 3921 861 4007 έπαρνησιθεΐαις.
899 3916 984 3985 άλλά
1010 3945 1046 4003 γε
1073 3920 1215 3994 πάλινω

154 4023 198 4091 ἐκ
219 4019 336 4085 τούτου
360 4018 572 4102 ἐκτραπέντες
593 4021 680 4097 τινὲς
709 4013 759 4105 ἐφ’
784 4020 878 4100 ἕτερα
898 4017 1042 4100 βαδίζειν
1065 4017 1176 4082 τετολ-

154 4117 296 4206 μήκασι,
319 4115 376 4183 τὸν
397 4115 498 4201 μόνον
521 4110 730 4202 άγοράσαντα
747 4110 865 4191 αὐτοὺς
880 4112 1043 4198 δεσπότην
1058 4107 1177 4195 άρνού-

150 4239 266 4306 μενοι,
291 4213 348 4280 τὸν
375 4216 533 4301 μονογενῆ
562 4216 670 4281 παίδα
689 4209 811 4301 Ἰησοῦν
833 4207 990 4294 Χριστὸν,
1019 4208 1076 4274 τὸν
1105 4209 1177 4276 υἱὸν
