<?xml version="1.0" encoding="UTF-8"?>
<!DOCTYPE html PUBLIC "-//W3C//DTD XHTML 1.0 Transitional//EN"
    "http://www.w3.org/TR/xhtml1/DTD/xhtml1-transitional.dtd">
<html xmlns="http://www.w3.org/1999/xhtml" xml:lang="en" lang="en">
 <head>
  <title>
</title>
<meta http-equiv="Content-Type" content="text/html;charset=utf-8" />
  <meta name='ocr-system' content='tesseract 3.04.00' />
  <meta name='ocr-capabilities' content='ocr_page ocr_carea ocr_par ocr_line ocrx_word'/>
</head>
<body>
  <div class='ocr_page' id='page_1' title='image "./opera01dindgoog_0250.png"; bbox 0 0 2867 5084; ppageno 0'>
   <div class='ocr_carea' id='block_1_1' title="bbox 290 966 1084 1031">
    <p class='ocr_par' dir='ltr' id='par_1_1' title="bbox 290 966 1084 1031">
     <span class='ocr_line' id='line_1_1' title="bbox 290 966 1084 1031; baseline -0.003 -2"><span class='ocrx_word' id='word_1_1' title='bbox 290 966 353 1031; x_wconf 78' lang='lat'><em>228</em></span> <span class='ocrx_word' id='word_1_2' title='bbox 515 979 720 1028; x_wconf 77' lang='grc' dir='ltr'><em>τοιοιινιον</em></span> <span class='ocrx_word' id='word_1_3' title='bbox 736 978 831 1028; x_wconf 71' lang='grc' dir='ltr'><em>τιτι</em></span> <span class='ocrx_word' id='word_1_4' title='bbox 850 978 1037 1028; x_wconf 75' lang='grc' dir='ltr'><em>ιινττααν</em></span> <span class='ocrx_word' id='word_1_5' title='bbox 1054 978 1084 1026; x_wconf 80' lang='grc' dir='ltr'><em>ο.</em></span> 
     </span>
    </p>
   </div>
   <div class='ocr_carea' id='block_1_2' title="bbox 161 1123 1347 4239">
    <p class='ocr_par' dir='ltr' id='par_1_2' title="bbox 161 1123 1347 4239">
     <span class='ocr_line' id='line_1_2' title="bbox 288 1123 1313 1216; baseline -0.003 -18"><span class='ocrx_word' id='word_1_6' title='bbox 288 1133 391 1211; x_wconf 80' lang='grc' dir='ltr'><strong><em>τέλος,</em></strong></span> <span class='ocrx_word' id='word_1_7' title='bbox 411 1125 622 1213; x_wconf 77' lang='grc' dir='ltr'><em>ὁμολογεῖται</em></span> <span class='ocrx_word' id='word_1_8' title='bbox 637 1125 689 1193; x_wconf 85' lang='grc' dir='ltr'><em>ότι</em></span> <span class='ocrx_word' id='word_1_9' title='bbox 706 1125 869 1209; x_wconf 81' lang='grc' dir='ltr'><em>ίίκτιστος,</em></span> <span class='ocrx_word' id='word_1_10' title='bbox 892 1130 945 1195; x_wconf 81' lang='grc' dir='ltr'><em>καί</em></span> <span class='ocrx_word' id='word_1_11' title='bbox 963 1123 1196 1216; x_wconf 76' lang='grc' dir='ltr'><em>όναμφίβολόν</em></span> <span class='ocrx_word' id='word_1_12' title='bbox 1212 1128 1313 1210; x_wconf 78' lang='grc' dir='ltr'><em>ἔστιν,</em></span> 
     </span>
     <span class='ocr_line' id='line_1_3' title="bbox 247 1219 1314 1312; baseline -0.002 -17"><span class='ocrx_word' id='word_1_13' title='bbox 247 1262 250 1267; x_wconf 93' lang='grc'>·</span> <span class='ocrx_word' id='word_1_14' title='bbox 290 1223 437 1312; x_wconf 76' lang='grc' dir='ltr'>οὐδαμοῦ</span> <span class='ocrx_word' id='word_1_15' title='bbox 461 1228 496 1292; x_wconf 80' lang='grc' dir='ltr'><em>δὲ</em></span> <span class='ocrx_word' id='word_1_16' title='bbox 519 1226 598 1309; x_wconf 82' lang='grc' dir='ltr'><em>περὶ</em></span> <span class='ocrx_word' id='word_1_17' title='bbox 620 1219 721 1291; x_wconf 78' lang='grc' dir='ltr'><em>αὐτοῦ</em></span> <span class='ocrx_word' id='word_1_18' title='bbox 743 1229 842 1292; x_wconf 81' lang='grc' dir='ltr'><em>τοῦτο</em></span> <span class='ocrx_word' id='word_1_19' title='bbox 864 1232 1057 1311; x_wconf 87' lang='grc' dir='ltr'><em>γέγραπται.</em></span> <span class='ocrx_word' id='word_1_20' title='bbox 1089 1220 1263 1311; x_wconf 76' lang='grc' dir='ltr'><strong><em>εὐσεβείας</em></strong></span> <span class='ocrx_word' id='word_1_21' title='bbox 1280 1228 1314 1293; x_wconf 87' lang='grc' dir='ltr'><em>δὲ</em></span> 
     </span>
     <span class='ocr_line' id='line_1_4' title="bbox 271 1317 1314 1411; baseline -0.001 -20"><span class='ocrx_word' id='word_1_22' title='bbox 271 1325 383 1410; x_wconf 81' lang='grc' dir='ltr'><em>’χάριν</em></span> <span class='ocrx_word' id='word_1_23' title='bbox 406 1319 659 1410; x_wconf 74' lang='grc' dir='ltr'><em>ἀναγκαζόμεθα</em></span> <span class='ocrx_word' id='word_1_24' title='bbox 681 1327 786 1389; x_wconf 84' lang='grc' dir='ltr'><em>ταῦτα</em></span> <span class='ocrx_word' id='word_1_25' title='bbox 805 1320 947 1409; x_wconf 74' lang='grc' dir='ltr'><em>εὐσεβῶς</em></span> <span class='ocrx_word' id='word_1_26' title='bbox 962 1322 1041 1408; x_wconf 86' lang='grc' dir='ltr'><em>περί</em></span> <span class='ocrx_word' id='word_1_27' title='bbox 1057 1317 1159 1389; x_wconf 86' lang='grc' dir='ltr'><em>αότοῦ</em></span> <span class='ocrx_word' id='word_1_28' title='bbox 1177 1334 1314 1411; x_wconf 77' lang='grc' dir='ltr'><strong><em>φρονεῖν</em></strong></span> 
     </span>
     <span class='ocr_line' id='line_1_5' title="bbox 288 1411 1337 1508; baseline 0.001 -19"><span class='ocrx_word' id='word_1_29' title='bbox 288 1448 325 1489; x_wconf 90' lang='grc' dir='ltr'><em>τε</em></span> <span class='ocrx_word' id='word_1_30' title='bbox 346 1424 400 1489; x_wconf 90' lang='grc' dir='ltr'><em>καὶ</em></span> <span class='ocrx_word' id='word_1_31' title='bbox 423 1423 536 1508; x_wconf 87' lang='grc' dir='ltr'><em>λέγειν,</em></span> <span class='ocrx_word' id='word_1_32' title='bbox 561 1419 620 1487; x_wconf 84' lang='grc' dir='ltr'><em>κδίν</em></span> <span class='ocrx_word' id='word_1_33' title='bbox 643 1447 679 1487; x_wconf 87' lang='grc' dir='ltr'><em>τε</em></span> <span class='ocrx_word' id='word_1_34' title='bbox 700 1420 744 1506; x_wconf 77' lang='grc' dir='ltr'><em>μὴ</em></span> <span class='ocrx_word' id='word_1_35' title='bbox 760 1411 780 1506; x_wconf 80' lang='grc' dir='ltr'><em>ᾗ</em></span> <span class='ocrx_word' id='word_1_36' title='bbox 795 1427 1026 1506; x_wconf 85' lang='grc' dir='ltr'><em>γεγραμμένον.</em></span> <span class='ocrx_word' id='word_1_37' title='bbox 1058 1416 1166 1500; x_wconf 71' lang='grc' dir='ltr'><em>οὕτως</em></span> <span class='ocrx_word' id='word_1_38' title='bbox 1180 1418 1219 1487; x_wconf 88' lang='grc' dir='ltr'><em>τό</em></span> <span class='ocrx_word' id='word_1_39' title='bbox 1237 1421 1337 1507; x_wconf 59' lang='lat' dir='ltr'><em>moin</em></span> 
     </span>
     <span class='ocr_line' id='line_1_6' title="bbox 264 1508 1314 1635; baseline 0.003 -50"><span class='ocrx_word' id='word_1_40' title='bbox 264 1524 347 1586; x_wconf 72' lang='grc' dir='ltr'><em>οεοῦ</em></span> <span class='ocrx_word' id='word_1_41' title='bbox 370 1516 550 1603; x_wconf 87' lang='grc' dir='ltr'><em>δμοοοσίου</em></span> <span class='ocrx_word' id='word_1_42' title='bbox 574 1513 827 1604; x_wconf 65' lang='grc' dir='ltr'><em>ἀναγκαζόμεθα</em></span> <span class='ocrx_word' id='word_1_43' title='bbox 850 1520 969 1604; x_wconf 82' lang='grc' dir='ltr'><em>λέγειν,</em></span> <span class='ocrx_word' id='word_1_44' title='bbox 1003 1517 1032 1584; x_wconf 83' lang='grc' dir='ltr'><em>εἰ</em></span> <span class='ocrx_word' id='word_1_45' title='bbox 1055 1517 1176 1606; x_wconf 79' lang='grc' dir='ltr'><em>καὶμὴ</em></span> <span class='ocrx_word' id='word_1_46' title='bbox 1196 1508 1240 1635; x_wconf 63' lang='grc' dir='ltr'><em>ην</em></span> <span class='ocrx_word' id='word_1_47' title='bbox 1262 1543 1314 1605; x_wconf 86' lang='grc' dir='ltr'><em>γε·</em></span> 
     </span>
     <span class='ocr_line' id='line_1_7' title="bbox 287 1615 1312 1704; baseline -0.002 -19"><span class='ocrx_word' id='word_1_48' title='bbox 287 1625 473 1704; x_wconf 85' lang='grc' dir='ltr'><em>γραμμένον</em></span> <span class='ocrx_word' id='word_1_49' title='bbox 495 1616 578 1683; x_wconf 88' lang='grc' dir='ltr'><em>κατδι</em></span> <span class='ocrx_word' id='word_1_50' title='bbox 601 1616 658 1702; x_wconf 82' lang='grc' dir='ltr'><em>την</em></span> <span class='ocrx_word' id='word_1_51' title='bbox 676 1616 764 1681; x_wconf 88' lang='grc' dir='ltr'><em>ίδίαν</em></span> <span class='ocrx_word' id='word_1_52' title='bbox 779 1617 943 1701; x_wconf 82' lang='grc' dir='ltr'><em>γλῶσσαν,</em></span> <span class='ocrx_word' id='word_1_53' title='bbox 965 1615 1050 1700; x_wconf 86' lang='grc' dir='ltr'><em>μετὰ</em></span> <span class='ocrx_word' id='word_1_54' title='bbox 1065 1619 1233 1702; x_wconf 82' lang='grc' dir='ltr'><em>στενοπῆς</em></span> <span class='ocrx_word' id='word_1_55' title='bbox 1248 1620 1312 1683; x_wconf 83' lang='grc' dir='ltr'><em>τῶν</em></span> 
     </span>
     <span class='ocr_line' id='line_1_8' title="bbox 253 1708 1311 1837; baseline 0.002 -59.068"><span class='ocrx_word' id='word_1_56' title='bbox 253 1715 402 1837; x_wconf 82' lang='grc' dir='ltr'><em>λόγων,</em></span> <span class='ocrx_word' id='word_1_57' title='bbox 428 1715 457 1780; x_wconf 89' lang='grc' dir='ltr'><em>εί</em></span> <span class='ocrx_word' id='word_1_58' title='bbox 478 1712 533 1779; x_wconf 83' lang='grc' dir='ltr'><em>καί</em></span> <span class='ocrx_word' id='word_1_59' title='bbox 556 1713 680 1792; x_wconf 84' lang='grc' dir='ltr'><em>δόξειεν</em></span> <span class='ocrx_word' id='word_1_60' title='bbox 703 1716 802 1778; x_wconf 83' lang='grc' dir='ltr'><em>τοῦτο</em></span> <span class='ocrx_word' id='word_1_61' title='bbox 825 1708 1017 1798; x_wconf 80' lang='grc' dir='ltr'><em>ελναιόπὲρ</em></span> <span class='ocrx_word' id='word_1_62' title='bbox 1040 1709 1202 1799; x_wconf 75' lang='grc' dir='ltr'><em>ἡμᾶςκαὶ</em></span> <span class='ocrx_word' id='word_1_63' title='bbox 1229 1710 1311 1800; x_wconf 73' lang='grc' dir='ltr'><em>ὑπὲρ</em></span> 
     </span>
     <span class='ocr_line' id='line_1_9' title="bbox 253 1794 1312 1926; baseline 0.001 -51.032"><span class='ocrx_word' id='word_1_64' title='bbox 253 1794 345 1926; x_wconf 54' lang='grc' dir='ltr'><em>ιτην</em></span> <span class='ocrx_word' id='word_1_65' title='bbox 367 1809 459 1895; x_wconf 83' lang='grc' dir='ltr'><em>ἡμῶν</em></span> <span class='ocrx_word' id='word_1_66' title='bbox 483 1809 583 1896; x_wconf 84' lang='grc' dir='ltr'><em>φίσιν</em></span> <span class='ocrx_word' id='word_1_67' title='bbox 606 1809 644 1874; x_wconf 88' lang='grc' dir='ltr'><em>τὸ</em></span> <span class='ocrx_word' id='word_1_68' title='bbox 667 1808 746 1893; x_wconf 90' lang='grc' dir='ltr'><em>περί</em></span> <span class='ocrx_word' id='word_1_69' title='bbox 770 1814 852 1876; x_wconf 66' lang='grc' dir='ltr'><em>θεοῦ</em></span> <span class='ocrx_word' id='word_1_70' title='bbox 876 1811 1102 1894; x_wconf 74' lang='grc' dir='ltr'><em>διαλέγεσθαι.</em></span> <span class='ocrx_word' id='word_1_71' title='bbox 1130 1805 1243 1876; x_wconf 85' lang='lat'><em>666&#39;-‘&#39;</em></span> <span class='ocrx_word' id='word_1_72' title='bbox 1210 1836 1312 1896; x_wconf 90' lang='grc' dir='ltr'><em>σμως</em></span> 
     </span>
     <span class='ocr_line' id='line_1_10' title="bbox 288 1901 1347 1994; baseline 0.004 -23"><span class='ocrx_word' id='word_1_73' title='bbox 288 1901 387 1984; x_wconf 79' lang='grc' dir='ltr'><em>οὗτος</em></span> <span class='ocrx_word' id='word_1_74' title='bbox 410 1902 427 1970; x_wconf 87' lang='lat'><em>6</em></span> <span class='ocrx_word' id='word_1_75' title='bbox 450 1908 560 1990; x_wconf 86' lang='grc' dir='ltr'><em>κόριος</em></span> <span class='ocrx_word' id='word_1_76' title='bbox 583 1906 882 1994; x_wconf 78' lang='grc' dir='ltr'><em>σνγγνωμονήσειεν</em></span> <span class='ocrx_word' id='word_1_77' title='bbox 906 1904 992 1993; x_wconf 75' lang='grc' dir='ltr'><em>ἦιιῒν,</em></span> <span class='ocrx_word' id='word_1_78' title='bbox 1015 1909 1234 1991; x_wconf 83' lang='grc' dir='ltr'><em>βουλομένοις</em></span> <span class='ocrx_word' id='word_1_79' title='bbox 1251 1903 1347 1992; x_wconf 66' lang='lat'><em>0616</em></span> 
     </span>
     <span class='ocr_line' id='line_1_11' title="bbox 251 1999 1311 2092; baseline -0.002 -19"><span class='ocrx_word' id='word_1_80' title='bbox 251 1999 371 2086; x_wconf 81' lang='grc' dir='ltr'><em>Ιθόπέρ</em></span> <span class='ocrx_word' id='word_1_81' title='bbox 394 2001 555 2089; x_wconf 77' lang='grc' dir='ltr'><strong><em>θεότητος</em></strong></span> <span class='ocrx_word' id='word_1_82' title='bbox 579 1999 837 2088; x_wconf 73' lang='grc' dir='ltr'><em>ἀπολογεῖσθαι,</em></span> <span class='ocrx_word' id='word_1_83' title='bbox 861 2008 919 2091; x_wconf 81' lang='grc' dir='ltr'><em>τῆς</em></span> <span class='ocrx_word' id='word_1_84' title='bbox 942 1999 1113 2084; x_wconf 83' lang='grc' dir='ltr'><em>δινενδεοῦς</em></span> <span class='ocrx_word' id='word_1_85' title='bbox 1136 2003 1242 2092; x_wconf 83' lang='grc' dir='ltr'><em>οίίσης</em></span> <span class='ocrx_word' id='word_1_86' title='bbox 1256 2009 1311 2092; x_wconf 78' lang='grc' dir='ltr'><em>τῆς</em></span> 
     </span>
     <span class='ocr_line' id='line_1_12' title="bbox 286 2096 1312 2189; baseline 0.005 -23"><span class='ocrx_word' id='word_1_87' title='bbox 286 2096 379 2187; x_wconf 80' lang='grc' dir='ltr'><em>ἡμῶν</em></span> <span class='ocrx_word' id='word_1_88' title='bbox 402 2100 600 2178; x_wconf 82' lang='grc' dir='ltr'><em>συστάσεως.</em></span> <span class='ocrx_word' id='word_1_89' title='bbox 633 2096 716 2167; x_wconf 78' lang='grc' dir='ltr'><em>ἀλλὰ</em></span> <span class='ocrx_word' id='word_1_90' title='bbox 740 2102 791 2168; x_wconf 91' lang='grc' dir='ltr'><em>δεῖ</em></span> <span class='ocrx_word' id='word_1_91' title='bbox 813 2097 956 2186; x_wconf 72' lang='grc' dir='ltr'><em>είοεβῶς</em></span> <span class='ocrx_word' id='word_1_92' title='bbox 978 2104 1151 2188; x_wconf 77' lang='grc' dir='ltr'><em>λέγεινκαὶ</em></span> <span class='ocrx_word' id='word_1_93' title='bbox 1169 2098 1312 2189; x_wconf 74' lang='grc' dir='ltr'><em>εόσεβῶς</em></span> 
     </span>
     <span class='ocr_line' id='line_1_13' title="bbox 241 2192 774 2287; baseline -0.004 -22"><span class='ocrx_word' id='word_1_94' title='bbox 241 2281 244 2287; x_wconf 80' lang='lat'><strong>.</strong></span> <span class='ocrx_word' id='word_1_95' title='bbox 287 2209 385 2278; x_wconf 80' lang='grc' dir='ltr'><em>νοεῖν,</em></span> <span class='ocrx_word' id='word_1_96' title='bbox 409 2198 464 2264; x_wconf 79' lang='grc' dir='ltr'><em>ἵνα</em></span> <span class='ocrx_word' id='word_1_97' title='bbox 486 2197 530 2284; x_wconf 82' lang='grc' dir='ltr'><em>μη</em></span> <span class='ocrx_word' id='word_1_98' title='bbox 555 2192 774 2281; x_wconf 72' lang='grc' dir='ltr'><em>ἀπολώμεθα.</em></span> 
     </span>
     <span class='ocr_line' id='line_1_14' title="bbox 373 2291 1311 2384; baseline 0.005 -22"><span class='ocrx_word' id='word_1_99' title='bbox 373 2301 422 2362; x_wconf 84' lang='grc'><em>73.</em></span> <span class='ocrx_word' id='word_1_100' title='bbox 459 2303 578 2362; x_wconf 88' lang='grc' dir='ltr'><em>Ἰὀίνυν</em></span> <span class='ocrx_word' id='word_1_101' title='bbox 607 2291 815 2383; x_wconf 73' lang='grc' dir='ltr'><em>όιτοκρίδητε</em></span> <span class='ocrx_word' id='word_1_102' title='bbox 843 2296 921 2384; x_wconf 78' lang='grc' dir='ltr'><em>ἡμῖν</em></span> <span class='ocrx_word' id='word_1_103' title='bbox 951 2298 984 2363; x_wconf 84' lang='grc' dir='ltr'><em>οί</em></span> <span class='ocrx_word' id='word_1_104' title='bbox 1011 2300 1070 2364; x_wconf 83' lang='grc' dir='ltr'><em>τοῦ</em></span> <span class='ocrx_word' id='word_1_105' title='bbox 1090 2293 1226 2384; x_wconf 84' lang='grc' dir='ltr'><em>Ἀρείου</em></span> <span class='ocrx_word' id='word_1_106' title='bbox 1248 2325 1311 2384; x_wconf 87' lang='grc' dir='ltr'><em>μσ-</em></span> 
     </span>
     <span class='ocr_line' id='line_1_15' title="bbox 286 2387 1309 2484; baseline 0.008 -27"><span class='ocrx_word' id='word_1_107' title='bbox 286 2395 399 2479; x_wconf 65' lang='lat'><em>3616,-</em></span> <span class='ocrx_word' id='word_1_108' title='bbox 424 2387 597 2478; x_wconf 77' lang='grc' dir='ltr'><em>ἀγέννητον</em></span> <span class='ocrx_word' id='word_1_109' title='bbox 620 2396 755 2479; x_wconf 85' lang='grc' dir='ltr'><em>λέγομεν</em></span> <span class='ocrx_word' id='word_1_110' title='bbox 778 2394 901 2472; x_wconf 81' lang='grc' dir='ltr'><em>πάντες</em></span> <span class='ocrx_word' id='word_1_111' title='bbox 924 2390 1006 2478; x_wconf 83' lang='grc' dir='ltr'><em>όμοό</em></span> <span class='ocrx_word' id='word_1_112' title='bbox 1029 2394 1085 2461; x_wconf 89' lang='grc' dir='ltr'><em>τὸν</em></span> <span class='ocrx_word' id='word_1_113' title='bbox 1109 2405 1242 2484; x_wconf 80' lang='grc' dir='ltr'><em>πατέρα</em></span> <span class='ocrx_word' id='word_1_114' title='bbox 1257 2400 1309 2464; x_wconf 77' lang='grc' dir='ltr'><em>καί</em></span> 
     </span>
     <span class='ocr_line' id='line_1_16' title="bbox 248 2487 1310 2578; baseline 0.003 -19"><span class='ocrx_word' id='word_1_115' title='bbox 248 2488 448 2569; x_wconf 72' lang='grc' dir='ltr'><em>ίοόίκτιστον,</em></span> <span class='ocrx_word' id='word_1_116' title='bbox 472 2494 525 2556; x_wconf 85' lang='grc' dir='ltr'><em>καί</em></span> <span class='ocrx_word' id='word_1_117' title='bbox 550 2491 727 2578; x_wconf 70' lang='grc' dir='ltr'><em>θαυμαστὴ</em></span> <span class='ocrx_word' id='word_1_118' title='bbox 751 2487 769 2577; x_wconf 89' lang='lat'><em>6</em></span> <span class='ocrx_word' id='word_1_119' title='bbox 794 2492 880 2571; x_wconf 80' lang='grc' dir='ltr'><strong><em>λέξις</em></strong></span> <span class='ocrx_word' id='word_1_120' title='bbox 904 2492 1066 2578; x_wconf 89' lang='grc' dir='ltr'><em>δηλονότι.</em></span> <span class='ocrx_word' id='word_1_121' title='bbox 1107 2499 1177 2560; x_wconf 86' lang='grc' dir='ltr'><em>ποῦ</em></span> <span class='ocrx_word' id='word_1_122' title='bbox 1200 2503 1310 2562; x_wconf 79' lang='grc' dir='ltr'><em>τοίνυν</em></span> 
     </span>
     <span class='ocr_line' id='line_1_17' title="bbox 284 2588 1309 2676; baseline 0.005 -22"><span class='ocrx_word' id='word_1_123' title='bbox 284 2595 469 2674; x_wconf 84' lang='grc' dir='ltr'><em>γέγραπται</em></span> <span class='ocrx_word' id='word_1_124' title='bbox 490 2592 606 2670; x_wconf 86' lang='grc' dir='ltr'><em>τοῦτο,·</em></span> <span class='ocrx_word' id='word_1_125' title='bbox 633 2590 761 2668; x_wconf 75' lang='grc' dir='ltr'><em>δείξατε</em></span> <span class='ocrx_word' id='word_1_126' title='bbox 782 2588 840 2654; x_wconf 89' lang='grc' dir='ltr'><em>τὸν</em></span> <span class='ocrx_word' id='word_1_127' title='bbox 863 2588 978 2656; x_wconf 90' lang='grc' dir='ltr'><em>τόπον.</em></span> <span class='ocrx_word' id='word_1_128' title='bbox 1025 2588 1101 2656; x_wconf 82' lang='grc' dir='ltr'><em>οίίτε</em></span> <span class='ocrx_word' id='word_1_129' title='bbox 1121 2589 1186 2676; x_wconf 83' lang='grc' dir='ltr'><em>γὰρ</em></span> <span class='ocrx_word' id='word_1_130' title='bbox 1209 2592 1309 2676; x_wconf 87' lang='grc' dir='ltr'><em>νόμος</em></span> 
     </span>
     <span class='ocr_line' id='line_1_18' title="bbox 204 2681 1308 2772; baseline 0.006 -22"><span class='ocrx_word' id='word_1_131' title='bbox 204 2747 206 2750; x_wconf 19' lang='lat'><em>⁴</em></span> <span class='ocrx_word' id='word_1_132' title='bbox 286 2685 411 2771; x_wconf 73' lang='grc' dir='ltr'><em>εἴρηκεν</em></span> <span class='ocrx_word' id='word_1_133' title='bbox 435 2681 511 2750; x_wconf 84' lang='grc' dir='ltr'><em>οότε</em></span> <span class='ocrx_word' id='word_1_134' title='bbox 534 2689 706 2772; x_wconf 78' lang='grc' dir='ltr'><em>προφῆται</em></span> <span class='ocrx_word' id='word_1_135' title='bbox 725 2683 801 2753; x_wconf 79' lang='grc' dir='ltr'><em>οὕτε</em></span> <span class='ocrx_word' id='word_1_136' title='bbox 817 2681 1003 2772; x_wconf 75' lang='grc' dir='ltr'><em>εὐαγγέλιον</em></span> <span class='ocrx_word' id='word_1_137' title='bbox 1020 2686 1095 2754; x_wconf 78' lang='grc' dir='ltr'><em>οίίτε</em></span> <span class='ocrx_word' id='word_1_138' title='bbox 1111 2683 1308 2757; x_wconf 75' lang='grc' dir='ltr'><em>ἀπόστολοι</em></span> 
     </span>
     <span class='ocr_line' id='line_1_19' title="bbox 161 2776 1330 2902; baseline 0.005 -59"><span class='ocrx_word' id='word_1_139' title='bbox 161 2838 181 2847; x_wconf 87' lang='grc'><em>,,</em></span> <span class='ocrx_word' id='word_1_140' title='bbox 286 2781 316 2848; x_wconf 86' lang='grc' dir='ltr'><em>εί</em></span> <span class='ocrx_word' id='word_1_141' title='bbox 342 2788 454 2847; x_wconf 85' lang='grc' dir='ltr'><em>τοίνυν</em></span> <span class='ocrx_word' id='word_1_142' title='bbox 484 2776 625 2865; x_wconf 73' lang='grc' dir='ltr'><em>εὐσεβῶς</em></span> <span class='ocrx_word' id='word_1_143' title='bbox 652 2785 786 2902; x_wconf 77' lang='grc' dir='ltr'><em>λέγομεν</em></span> <span class='ocrx_word' id='word_1_144' title='bbox 810 2785 958 2863; x_wconf 80' lang='grc' dir='ltr'><em>λέξιν</em></span> <span class='ocrx_word' id='word_1_145' title='bbox 919 2812 963 2872; x_wconf 87' lang='grc' dir='ltr'><em>μη</em></span> <span class='ocrx_word' id='word_1_146' title='bbox 985 2793 1227 2873; x_wconf 75' lang='grc' dir='ltr'><em>γεγραμμένην,</em></span> <span class='ocrx_word' id='word_1_147' title='bbox 1257 2790 1330 2855; x_wconf 70' lang='grc' dir='ltr'><em>κοίη</em></span> 
     </span>
     <span class='ocr_line' id='line_1_20' title="bbox 286 2873 1308 2998; baseline 0.006 -53"><span class='ocrx_word' id='word_1_148' title='bbox 286 2877 376 2945; x_wconf 72' lang='grc' dir='ltr'><em>ἐστὶν</em></span> <span class='ocrx_word' id='word_1_149' title='bbox 405 2873 616 2964; x_wconf 51' lang='grc' dir='ltr'><em>όποδεκτίη(</em></span> <span class='ocrx_word' id='word_1_150' title='bbox 594 2882 684 2996; x_wconf 74' lang='grc' dir='ltr'><em>νπὲρ</em></span> <span class='ocrx_word' id='word_1_151' title='bbox 715 2880 811 2998; x_wconf 80' lang='grc' dir='ltr'><em>δόξης</em></span> <span class='ocrx_word' id='word_1_152' title='bbox 841 2885 923 2948; x_wconf 75' lang='grc' dir='ltr'><em>θεοῦ</em></span> <span class='ocrx_word' id='word_1_153' title='bbox 953 2883 1125 2969; x_wconf 80' lang='grc' dir='ltr'><em>λεγομένη,</em></span> <span class='ocrx_word' id='word_1_154' title='bbox 1157 2880 1252 2964; x_wconf 70' lang='lat' dir='ltr'><em>vlg‘</em></span> <span class='ocrx_word' id='word_1_155' title='bbox 1232 2896 1308 2972; x_wconf 81' lang='grc' dir='ltr'><em>ημῖν</em></span> 
     </span>
     <span class='ocr_line' id='line_1_21' title="bbox 246 2967 1306 3092; baseline 0.008 -51.314"><span class='ocrx_word' id='word_1_156' title='bbox 246 2973 550 3092; x_wconf 72' lang='grc' dir='ltr'><em>νοέγκαλέσειεν,’</em></span> <span class='ocrx_word' id='word_1_157' title='bbox 521 3003 548 3042; x_wconf 87' lang='grc' dir='ltr'><em>ει</em></span> <span class='ocrx_word' id='word_1_158' title='bbox 562 2977 606 3063; x_wconf 80' lang='grc' dir='ltr'><em>μη</em></span> <span class='ocrx_word' id='word_1_159' title='bbox 623 2978 677 3042; x_wconf 87' lang='grc' dir='ltr'><em>καί</em></span> <span class='ocrx_word' id='word_1_160' title='bbox 691 2977 736 3062; x_wconf 80' lang='grc' dir='ltr'><em>μίγ</em></span> <span class='ocrx_word' id='word_1_161' title='bbox 749 2967 788 3063; x_wconf 73' lang='grc' dir='ltr'><em>ἦν</em></span> <span class='ocrx_word' id='word_1_162' title='bbox 810 2978 849 3042; x_wconf 88' lang='grc' dir='ltr'><em>τό</em></span> <span class='ocrx_word' id='word_1_163' title='bbox 873 2974 1051 3062; x_wconf 77' lang='grc' dir='ltr'><em>όμοοίοιον</em></span> <span class='ocrx_word' id='word_1_164' title='bbox 1073 2990 1306 3067; x_wconf 84' lang='grc' dir='ltr'><em>γεγραμμένον,</em></span> 
     </span>
     <span class='ocr_line' id='line_1_22' title="bbox 284 3065 1306 3163; baseline 0.007 -24"><span class='ocrx_word' id='word_1_165' title='bbox 284 3068 447 3156; x_wconf 76' lang='grc' dir='ltr'><em>εὑρόντων</em></span> <span class='ocrx_word' id='word_1_166' title='bbox 480 3069 571 3159; x_wconf 76' lang='grc' dir='ltr'><em>ἡμῶν</em></span> <span class='ocrx_word' id='word_1_167' title='bbox 606 3074 717 3159; x_wconf 87' lang='grc' dir='ltr'><em>λόγον,</em></span> <span class='ocrx_word' id='word_1_168' title='bbox 753 3068 793 3140; x_wconf 78' lang='grc' dir='ltr'><em>δι’</em></span> <span class='ocrx_word' id='word_1_169' title='bbox 826 3065 865 3140; x_wconf 87' lang='lat'><em>06</em></span> <span class='ocrx_word' id='word_1_170' title='bbox 897 3075 995 3161; x_wconf 91' lang='grc' dir='ltr'><em>λόγου</em></span> <span class='ocrx_word' id='word_1_171' title='bbox 1025 3078 1243 3163; x_wconf 77' lang='grc' dir='ltr'><em>δυνησόμεθα</em></span> <span class='ocrx_word' id='word_1_172' title='bbox 1271 3077 1306 3148; x_wconf 83' lang='grc' dir='ltr'><em>τό</em></span> 
     </span>
     <span class='ocr_line' id='line_1_23' title="bbox 284 3164 1307 3264; baseline 0.008 -28"><span class='ocrx_word' id='word_1_173' title='bbox 284 3164 433 3259; x_wconf 78' lang='grc' dir='ltr'><em>ἆσηιαλὲς</em></span> <span class='ocrx_word' id='word_1_174' title='bbox 449 3165 706 3258; x_wconf 80' lang='grc' dir='ltr'><em>δμολογῆσαι”</em></span> <span class='ocrx_word' id='word_1_175' title='bbox 667 3197 726 3258; x_wconf 86' lang='grc' dir='ltr'><em>της</em></span> <span class='ocrx_word' id='word_1_176' title='bbox 740 3167 833 3257; x_wconf 79' lang='grc' dir='ltr'><em>ἡμῶν</em></span> <span class='ocrx_word' id='word_1_177' title='bbox 849 3181 974 3259; x_wconf 84' lang='grc' dir='ltr'><em>σωτηρί</em></span> <span class='ocrx_word' id='word_1_178' title='bbox 975 3200 1030 3255; x_wconf 90' lang='grc' dir='ltr'><em>ας,·</em></span> <span class='ocrx_word' id='word_1_179' title='bbox 1054 3169 1173 3240; x_wconf 77' lang='grc' dir='ltr'><em>ἀλλ”</em></span> <span class='ocrx_word' id='word_1_180' title='bbox 1142 3181 1208 3244; x_wconf 80' lang='grc' dir='ltr'><em>εισὶ</em></span> <span class='ocrx_word' id='word_1_181' title='bbox 1224 3202 1307 3264; x_wconf 78' lang='grc' dir='ltr'><em>μαρ·</em></span> 
     </span>
     <span class='ocr_line' id='line_1_24' title="bbox 213 3264 1308 3360; baseline 0.009 -28"><span class='ocrx_word' id='word_1_182' title='bbox 213 3344 216 3351; x_wconf 33' lang='grc' dir='ltr'>Ι</span> <span class='ocrx_word' id='word_1_183' title='bbox 283 3277 395 3353; x_wconf 82' lang='grc' dir='ltr'><em>τυρίον</em></span> <span class='ocrx_word' id='word_1_184' title='bbox 422 3269 504 3352; x_wconf 82' lang='grc' dir='ltr'><em>μετὰ</em></span> <span class='ocrx_word' id='word_1_185' title='bbox 527 3272 578 3334; x_wconf 83' lang='grc' dir='ltr'><em>καί</em></span> <span class='ocrx_word' id='word_1_186' title='bbox 603 3272 661 3334; x_wconf 80' lang='grc' dir='ltr'><em>τοῦ</em></span> <span class='ocrx_word' id='word_1_187' title='bbox 685 3264 840 3353; x_wconf 72' lang='grc' dir='ltr'><em>εὐσεβοῦς</em></span> <span class='ocrx_word' id='word_1_188' title='bbox 863 3271 1039 3355; x_wconf 83' lang='grc' dir='ltr'><em>λογισμοῦ,</em></span> <span class='ocrx_word' id='word_1_189' title='bbox 1069 3271 1108 3338; x_wconf 79' lang='grc' dir='ltr'><em>οἵ</em></span> <span class='ocrx_word' id='word_1_190' title='bbox 1127 3298 1164 3340; x_wconf 88' lang='grc' dir='ltr'><em>τε</em></span> <span class='ocrx_word' id='word_1_191' title='bbox 1189 3300 1308 3360; x_wconf 86' lang='grc' dir='ltr'><em>προτε-</em></span> 
     </span>
     <span class='ocr_line' id='line_1_25' title="bbox 283 3365 1306 3452; baseline 0.011 -24"><span class='ocrx_word' id='word_1_192' title='bbox 283 3372 441 3450; x_wconf 84' lang='grc' dir='ltr'><em>ταγμένοι</em></span> <span class='ocrx_word' id='word_1_193' title='bbox 462 3369 515 3430; x_wconf 84' lang='grc' dir='ltr'><em>κοί</em></span> <span class='ocrx_word' id='word_1_194' title='bbox 540 3365 638 3432; x_wconf 82' lang='grc' dir='ltr'><em>ἄλλαι</em></span> <span class='ocrx_word' id='word_1_195' title='bbox 661 3369 805 3446; x_wconf 85' lang='grc' dir='ltr'><em>πλείους.</em></span> <span class='ocrx_word' id='word_1_196' title='bbox 838 3368 1086 3452; x_wconf 88' lang='grc' dir='ltr'><em>παρελεύσομαι</em></span> <span class='ocrx_word' id='word_1_197' title='bbox 1105 3370 1141 3436; x_wconf 84' lang='grc' dir='ltr'><em>δὲ</em></span> <span class='ocrx_word' id='word_1_198' title='bbox 1157 3371 1215 3438; x_wconf 84' lang='grc' dir='ltr'><em>καί</em></span> <span class='ocrx_word' id='word_1_199' title='bbox 1229 3371 1306 3439; x_wconf 86' lang='grc' dir='ltr'><em>τσό-</em></span> 
     </span>
     <span class='ocr_line' id='line_1_26' title="bbox 243 3460 1308 3551; baseline 0.012 -27"><span class='ocrx_word' id='word_1_200' title='bbox 243 3479 341 3544; x_wconf 64' lang='grc' dir='ltr'><em>νῦτην</em></span> <span class='ocrx_word' id='word_1_201' title='bbox 363 3460 421 3545; x_wconf 82' lang='grc' dir='ltr'><em>τὴν</em></span> <span class='ocrx_word' id='word_1_202' title='bbox 445 3462 541 3540; x_wconf 76' lang='grc' dir='ltr'><em>λέξιν,</em></span> <span class='ocrx_word' id='word_1_203' title='bbox 564 3465 617 3527; x_wconf 83' lang='grc' dir='ltr'><em>καί</em></span> <span class='ocrx_word' id='word_1_204' title='bbox 634 3463 692 3541; x_wconf 86' lang='grc' dir='ltr'><em>τὰς</em></span> <span class='ocrx_word' id='word_1_205' title='bbox 709 3462 810 3542; x_wconf 84' lang='grc' dir='ltr'><em>ίίλλας</em></span> <span class='ocrx_word' id='word_1_206' title='bbox 827 3460 934 3532; x_wconf 75' lang='grc' dir='ltr'><em>αότοῖν</em></span> <span class='ocrx_word' id='word_1_207' title='bbox 950 3469 1008 3530; x_wconf 81' lang='grc' dir='ltr'><em>τοῦ</em></span> <span class='ocrx_word' id='word_1_208' title='bbox 1026 3467 1211 3551; x_wconf 85' lang='grc' dir='ltr'><em>δελεασμοό</em></span> <span class='ocrx_word' id='word_1_209' title='bbox 1226 3469 1308 3537; x_wconf 81' lang='grc' dir='ltr'><em>κατὰ</em></span> 
     </span>
     <span class='ocr_line' id='line_1_27' title="bbox 282 3553 1306 3650; baseline 0.011 -27"><span class='ocrx_word' id='word_1_210' title='bbox 282 3560 348 3623; x_wconf 85' lang='grc' dir='ltr'><em>τῶν</em></span> <span class='ocrx_word' id='word_1_211' title='bbox 372 3553 514 3639; x_wconf 79' lang='grc' dir='ltr'><em>ἀκραίων</em></span> <span class='ocrx_word' id='word_1_212' title='bbox 539 3561 714 3643; x_wconf 85' lang='grc' dir='ltr'><em>λεγομένας</em></span> <span class='ocrx_word' id='word_1_213' title='bbox 737 3562 770 3627; x_wconf 87' lang='grc' dir='ltr'><em>ίν</em></span> <span class='ocrx_word' id='word_1_214' title='bbox 793 3565 864 3647; x_wconf 71' lang='grc' dir='ltr'><em>θεῷ</em></span> <span class='ocrx_word' id='word_1_215' title='bbox 889 3556 1040 3641; x_wconf 85' lang='grc' dir='ltr'><em>όιναξανῶ</em></span> <span class='ocrx_word' id='word_1_216' title='bbox 1063 3562 1177 3650; x_wconf 80' lang='grc' dir='ltr'><em>ῥήσεις</em></span> <span class='ocrx_word' id='word_1_217' title='bbox 1199 3569 1306 3634; x_wconf 82' lang='grc' dir='ltr'><em>τεκαὶ</em></span> 
     </span>
     <span class='ocr_line' id='line_1_28' title="bbox 283 3651 1331 3731; baseline 0.007 -10"><span class='ocrx_word' id='word_1_218' title='bbox 283 3651 443 3731; x_wconf 82' lang='grc' dir='ltr'><em>ίπινοίας.</em></span> <span class='ocrx_word' id='word_1_219' title='bbox 1315 3675 1331 3728; x_wconf 75' lang='lat' dir='ltr'>c</span> 
     </span>
     <span class='ocr_line' id='line_1_29' title="bbox 370 3750 1308 3841; baseline 0.013 -24"><span class='ocrx_word' id='word_1_220' title='bbox 370 3760 418 3817; x_wconf 77' lang='lat'><em>74.</em></span> <span class='ocrx_word' id='word_1_221' title='bbox 450 3757 600 3837; x_wconf 79' lang='grc' dir='ltr'><em>Λέγουσι</em></span> <span class='ocrx_word' id='word_1_222' title='bbox 628 3753 688 3837; x_wconf 82' lang='grc' dir='ltr'><em>γὰρ</em></span> <span class='ocrx_word' id='word_1_223' title='bbox 712 3757 815 3822; x_wconf 87' lang='grc' dir='ltr'><em>πόλιν</em></span> <span class='ocrx_word' id='word_1_224' title='bbox 839 3757 871 3822; x_wconf 81' lang='grc' dir='ltr'><em>οἱ</em></span> <span class='ocrx_word' id='word_1_225' title='bbox 894 3751 986 3823; x_wconf 81' lang='grc' dir='ltr'><em>αὐτοὶ</em></span> <span class='ocrx_word' id='word_1_226' title='bbox 1009 3757 1094 3841; x_wconf 83' lang='grc' dir='ltr'><em>μετὰ</em></span> <span class='ocrx_word' id='word_1_227' title='bbox 1115 3763 1239 3827; x_wconf 84' lang='grc' dir='ltr'><em>πασῶν</em></span> <span class='ocrx_word' id='word_1_228' title='bbox 1263 3750 1308 3829; x_wconf 79' lang='grc' dir='ltr'><em>ὧν</em></span> 
     </span>
     <span class='ocr_line' id='line_1_30' title="bbox 281 3843 1309 3938; baseline 0.012 -22"><span class='ocrx_word' id='word_1_229' title='bbox 281 3845 352 3916; x_wconf 85' lang='grc' dir='ltr'><em>ἆπό</em></span> <span class='ocrx_word' id='word_1_230' title='bbox 374 3851 433 3914; x_wconf 83' lang='grc' dir='ltr'><em>τοῦ</em></span> <span class='ocrx_word' id='word_1_231' title='bbox 458 3843 648 3915; x_wconf 76' lang='grc' dir='ltr'><em>ἀποστόλου</em></span> <span class='ocrx_word' id='word_1_232' title='bbox 670 3855 724 3918; x_wconf 84' lang='grc' dir='ltr'><em>καί</em></span> <span class='ocrx_word' id='word_1_233' title='bbox 746 3857 812 3920; x_wconf 83' lang='grc' dir='ltr'><em>τῶν</em></span> <span class='ocrx_word' id='word_1_234' title='bbox 836 3850 1030 3938; x_wconf 79' lang='grc' dir='ltr'><em>εὐαγγελίων</em></span> <span class='ocrx_word' id='word_1_235' title='bbox 1052 3854 1136 3921; x_wconf 85' lang='grc' dir='ltr'><em>κατὰ</em></span> <span class='ocrx_word' id='word_1_236' title='bbox 1153 3856 1214 3924; x_wconf 89' lang='grc' dir='ltr'><em>τὸν</em></span> <span class='ocrx_word' id='word_1_237' title='bbox 1230 3862 1309 3927; x_wconf 79' lang='grc' dir='ltr'><em>νοῦν</em></span> 
     </span>
     <span class='ocr_line' id='line_1_31' title="bbox 243 3942 1308 4035; baseline 0.009 -20"><span class='ocrx_word' id='word_1_238' title='bbox 243 3942 389 4016; x_wconf 69' lang='grc' dir='ltr'><em>οοαότῶν</em></span> <span class='ocrx_word' id='word_1_239' title='bbox 424 3953 700 4034; x_wconf 73' lang='grc' dir='ltr'><em>παραφθείρουσι</em></span> <span class='ocrx_word' id='word_1_240' title='bbox 728 3955 835 4028; x_wconf 86' lang='grc' dir='ltr'><em>κακῶς</em></span> <span class='ocrx_word' id='word_1_241' title='bbox 865 3947 1085 4030; x_wconf 79' lang='grc' dir='ltr'><em>ὑπονοοῦντες</em></span> <span class='ocrx_word' id='word_1_242' title='bbox 1107 3954 1229 4035; x_wconf 82' lang='grc' dir='ltr'><em>λέξεις,</em></span> <span class='ocrx_word' id='word_1_243' title='bbox 1253 3959 1308 4025; x_wconf 79' lang='grc' dir='ltr'><em>καί</em></span> 
     </span>
     <span class='ocr_line' id='line_1_32' title="bbox 280 4042 1311 4133; baseline 0.011 -24"><span class='ocrx_word' id='word_1_244' title='bbox 280 4044 401 4130; x_wconf 82' lang='grc' dir='ltr'><em>ταύτην</em></span> <span class='ocrx_word' id='word_1_245' title='bbox 424 4042 471 4121; x_wconf 89' lang='grc' dir='ltr'><em>είς</em></span> <span class='ocrx_word' id='word_1_246' title='bbox 493 4051 594 4127; x_wconf 86' lang='grc' dir='ltr'><em>μέσον</em></span> <span class='ocrx_word' id='word_1_247' title='bbox 618 4042 815 4133; x_wconf 79' lang='grc' dir='ltr'><em>φέροντες’</em></span> <span class='ocrx_word' id='word_1_248' title='bbox 797 4047 867 4113; x_wconf 87' lang='grc' dir='ltr'><em>απὸ</em></span> <span class='ocrx_word' id='word_1_249' title='bbox 889 4051 947 4112; x_wconf 80' lang='grc' dir='ltr'><em>τοῦ</em></span> <span class='ocrx_word' id='word_1_250' title='bbox 968 4043 1224 4131; x_wconf 53' lang='grc' dir='ltr'><em>ἀποστόλου(</em></span> <span class='ocrx_word' id='word_1_251' title='bbox 1198 4079 1245 4132; x_wconf 90' lang='grc' dir='ltr'><em>ως</em></span> <span class='ocrx_word' id='word_1_252' title='bbox 1262 4056 1311 4123; x_wconf 82' lang='grc' dir='ltr'><em>εί-</em></span> 
     </span>
     <span class='ocr_line' id='line_1_33' title="bbox 281 4138 1311 4239; baseline 0.016 -35"><span class='ocrx_word' id='word_1_253' title='bbox 281 4165 378 4225; x_wconf 90' lang='grc' dir='ltr'><em>ρηται</em></span> <span class='ocrx_word' id='word_1_254' title='bbox 407 4138 440 4205; x_wconf 85' lang='grc' dir='ltr'><em>έν</em></span> <span class='ocrx_word' id='word_1_255' title='bbox 468 4167 507 4227; x_wconf 92' lang='grc' dir='ltr'><em>τη</em></span> <span class='ocrx_word' id='word_1_256' title='bbox 537 4142 622 4227; x_wconf 85' lang='grc' dir='ltr'><em>πρὸς</em></span> <span class='ocrx_word' id='word_1_257' title='bbox 646 4149 850 4228; x_wconf 74' lang='grc' dir='ltr'><em>Κορινθίοις</em></span> <span class='ocrx_word' id='word_1_258' title='bbox 880 4143 1056 4233; x_wconf 75' lang='grc' dir='ltr'><em>ἐπιστολῇ,</em></span> <span class='ocrx_word' id='word_1_259' title='bbox 1087 4147 1120 4213; x_wconf 85' lang='grc' dir='ltr'><em>έν</em></span> <span class='ocrx_word' id='word_1_260' title='bbox 1147 4153 1198 4236; x_wconf 83' lang='grc' dir='ltr'><em>τῶ</em></span> <span class='ocrx_word' id='word_1_261' title='bbox 1228 4156 1311 4239; x_wconf 79' lang='grc' dir='ltr'><em>περὶ</em></span> 
     </span>
    </p>
   </div>
   <div class='ocr_carea' id='block_1_3' title="bbox 281 4232 1312 4333">
    <p class='ocr_par' dir='ltr' id='par_1_3' title="bbox 281 4232 1312 4333">
     <span class='ocr_line' id='line_1_34' title="bbox 281 4232 1312 4333; baseline 0.017 -33"><span class='ocrx_word' id='word_1_262' title='bbox 281 4238 400 4318; x_wconf 82' lang='grc' dir='ltr'><em>νεκρῶν</em></span> <span class='ocrx_word' id='word_1_263' title='bbox 424 4232 636 4318; x_wconf 78' lang='grc' dir='ltr'><em>ἀναστάσεως</em></span> <span class='ocrx_word' id='word_1_264' title='bbox 658 4235 887 4326; x_wconf 62' lang='grc' dir='ltr'><em>κεφαλαίῳ,ί</em></span> <span class='ocrx_word' id='word_1_265' title='bbox 863 4266 908 4318; x_wconf 89' lang='grc' dir='ltr'><em>ως</em></span> <span class='ocrx_word' id='word_1_266' title='bbox 929 4246 1054 4323; x_wconf 72' lang='grc' dir='ltr'><em>καθεξί</em></span> <span class='ocrx_word' id='word_1_267' title='bbox 1036 4268 1196 4333; x_wconf 78' lang='grc' dir='ltr'><em>ηςφησιν</em></span> <span class='ocrx_word' id='word_1_268' title='bbox 1214 4243 1312 4319; x_wconf 71' lang='lat' dir='ltr'><strong><em>“elva</em></strong></span> 
     </span>
    </p>
   </div>
   <div class='ocr_carea' id='block_1_4' title="bbox 0 0 1438 5084">
    <p class='ocr_par' dir='ltr' id='par_1_4' title="bbox 0 0 1438 5084">
     <span class='ocr_line' id='line_1_35' title="bbox 0 0 1438 5084; baseline 0 3"><span class='ocrx_word' id='word_1_269' title='bbox 0 0 1438 5084; x_wconf 95' lang='lat' dir='ltr'><em> </em></span> 
     </span>
    </p>
   </div>
  </div>
 </body>
</html>
