2867 5084
460 951 605 1005 twm.
623 954 1018 1006 ιστωιαοιιιντισιτιι.
1184 940 1245 1002 527

232 1101 426 1184 οἰκονομίαν
448 1107 501 1170 καὶ
526 1106 679 1188 ἐ’νσαρκον
704 1112 900 1190 παρουσίαν,
927 1100 1011 1173 ἀλλά
1033 1105 1250 1182 πιστεύοντας

185 1221 217 1270 57
230 1201 367 1279 τελείως
388 1202 446 1289 τῆν
469 1208 617 1286 Χριστοῦ
641 1204 906 1288 ἕνανθρωπησιν,
936 1205 1061 1269 τέλειον
1084 1202 1174 1280 θεὸν,
1198 1209 1251 1268 τέ·

230 1299 323 1365 λειον
346 1298 402 1363 τὸν
426 1294 524 1365 αὐτὸν
554 1297 746 1383 ἄνθρωπον,
775 1300 875 1384 χωρὶς
904 1296 1074 1382 ἁμαρτίας,
1107 1299 1251 1385 λαβόντα

230 1393 314 1461 αὐτὸ
336 1395 375 1461 τὸ
398 1400 495 1477 σῶμα
517 1392 586 1462 ἀπὸ
608 1405 761 1483 Μαρίας,
791 1398 846 1463 καὶ
869 1397 974 1485 ψυχην
1004 1394 1163 1479 λαβόντα,
1196 1400 1249 1463 καὶ

230 1496 309 1558 νοῦν
331 1496 383 1558 καὶ
407 1495 517 1559 πάντα
541 1497 573 1561 εί
592 1522 625 1561 τι
644 1497 733 1562 ἔστιν
749 1494 941 1581 ἅνθρωπος,
964 1497 1063 1577 χωρὶς
1078 1490 1274 1579 ἁμαρτίαςο

230 1585 270 1656 οδ
296 1591 353 1656 δύο
379 1588 466 1670 ὄντα,
491 1587 559 1658 ἀλλ’
585 1594 641 1659 ἕνα
663 1593 784 1676 κύριον,
817 1595 874 1660 ἕνα
897 1592 987 1672 θεὸν,
1022 1593 1077 1659 ἕνα
1099 1593 1247 1676 βασιλέα,

231 1688 291 1755 ἕνα
313 1683 473 1772 ἀρχιερέα,
497 1689 578 1756 θεὸν
600 1695 652 1756 καὶ
670 1690 863 1774 ἄνθρωπον,
888 1689 1138 1772 ἄνθρωπονκαὶ
1155 1688 1247 1768 θεδν,

230 1780 269 1852 οὗ
295 1789 362 1864 δύο,
388 1783 456 1852 ἀλλ’
482 1787 546 1865 ἕνα,
576 1796 804 1856 σονενωθίντα
833 1785 890 1855 οὐκ
914 1790 960 1867 είς
983 1789 1143 1874 σύγχυσιν,
1168 1782 1247 1853 ὀὐδ

231 1884 280 1961 είς
302 1878 516 1966 ἀναπαρξίαν,
550 1881 618 1951 ἀλλ’
644 1887 690 1965 εἷς
718 1887 860 1973 μεγάλην
887 1887 1022 1970 χάριτος
1050 1886 1247 1969 οἰκονομίαν.

230 1983 392 2064 ἔρρωσθε.
1261 2000 1290 2050 w

322 2083 377 2165 Τῷ
401 2081 436 2145 δὲ
459 2083 515 2167 τῆς
538 2080 715 2169 ἐπιστολῆς
738 2076 928 2168 ἀπεγράφην
956 2077 1171 2163 ἀρκεσθέντες
1192 2109 1250 2148 κα-

201 2179 299 2256 Βλιῦς
322 2177 429 2258 ἔχοντι
451 2177 536 2260 πρὸς
557 2179 614 2265 τῆν
637 2179 763 2244 τούτων
785 2174 957 2246 ἀντίθεσιν
975 2181 1037 2256 ἓως
1053 2168 1116 2245 ὦδε
1132 2179 1250 2258 ἱκανῶς

230 2277 315 2357 ἔχειν
341 2276 580 2358 δοκιμάζοντες,
612 2277 667 2341 καί
689 2277 808 2362 ταύτην
832 2277 865 2342 ἓν
888 2280 959 2361 θεῷ
984 2271 1248 2361 δπερβεβηκδτες,

231 2370 278 2452 ὡς
307 2373 446 2456 ἑρπετὸν
476 2369 544 2440 ἀπὸ
573 2370 659 2461 ὀπῆς
687 2377 879 2458 προκῦψαν,
915 2372 970 2439 διὰ
1004 2377 1138 2460 σονετῆς
1165 2377 1249 2440 θεοῦ

230 2473 446 2549 διδασκαλίας
468 2475 577 2538 τεκαὶ
602 2472 778 2554 δυνάμεως,
802 2475 860 2558 τῆς
881 2467 926 2548 ὡς
949 2469 1106 2552 στύρακος
1128 2472 1248 2536 πνεοά-
1261 2488 1289 2537 ιο

230 2592 292 2655 σης
315 2563 470 2650 εδοδμίαν
494 2569 526 2635 ἐν
549 2571 670 2654 κόσμῳ,
705 2564 755 2635 ἐπ)
782 2564 879 2655 ἀρετῇ
907 2571 962 2634 καὶ
989 2563 1090 2650 ἁγίων
1119 2570 1250 2633 παίδων

229 2670 289 2754 τῆς
312 2674 508 2749 παρθενίας,
534 2662 602 2733 ἀπὸ
624 2674 762 2752 Μαρίας
784 2663 964 2752 ἀρξαμένης
986 2668 1044 2751 τῆς
1066 2661 1169 2750 ἀγίας,
1195 2665 1251 2732 διὰ

228 2767 290 2832 τοῦ
314 2763 349 2842 ἐξ
371 2758 469 2851 αὐτῆς
492 2768 563 2850 φῶς
585 2769 631 2851 τῷ
654 2764 766 2849 κόσμῳ
794 2759 1033 2840 ἀνατείλαντος,
1067 2765 1250 2848 διελέγξον-

230 2888 294 2941 τες,
318 2865 371 2927 καὶ
395 2862 451 2927 τὸν
474 2861 571 2927 κακὸν
595 2863 644 2928 ίδν
668 2866 725 2949 τῆς
748 2861 954 2944 ἕρπετιάδοας
981 2867 1168 2947 μοχθηρίας
1191 2859 1249 2927 αδ-

230 2964 298 3027 τιῦν
322 2959 553 3039 ἐπιδείξαντες,
579 2959 632 3025 ἐπὶ
657 2960 716 3037 τὰς
739 2959 850 3043 ἑτέρας
865 2960 966 3025 πάλιν
982 2960 1178 3043 βαδίσωμεν,
1204 2960 1289 3039 emo

205 3059 404 3124 ετελείωσιν
425 3061 483 3144 τῆς
505 3057 614 3139 πάσης
638 3057 671 3124 ἐν
694 3061 764 3142 θεῷ
788 3063 1022 3141 πραγματείας.

230 3549 339 3623 Κατὰ
368 3548 693 3644 Κολλυριδιανων,
728 3556 805 3621 τῶν
840 3555 885 3642 τῆ
920 3545 1056 3641 Μαρία
1091 3574 1249 3644 προσφε·

349 3661 506 3756 ρόντων,
543 3661 616 3751 αθ,
645 3671 709 3759 τῆς
737 3661 777 3736 δὲ
804 3661 1031 3745 ἀκολουθίας
1058 3662 1130 3736 σθ’.

322 3841 347 3898 1.
382 3829 475 3917 Ἑξῆς
508 3835 543 3900 δὲ
575 3833 676 3919 ταύτῃ
711 3831 757 3909 είς
791 3832 901 3918 φῆμην
932 3837 1078 3917 πέφηνεν
1112 3832 1247 3915 αἵρεσις,

231 3928 312 4014 περὶ
334 3918 372 4018 ῆς
395 3929 455 4018 ἤδη
477 3926 709 4018 δττεμνῆσαμεν
734 3925 831 4013 ὀλίγῳ
855 3929 888 3995 ἓν
903 3933 942 4014 τῆ
959 3928 1025 4009 πρὸ
1041 3927 1168 4011 ταύτης,
1194 3927 1290 3994 dms

201 4030 291 4112 στῆς
320 4028 367 4106 είς
390 4023 550 4112 Ἀραβίαν
579 4034 759 4113 γραφείσης
788 4026 966 4112 ἐπιστολῆς
994 4029 1050 4113 τῆς
1083 4031 1160 4109 περί
1192 4029 1250 4112 τῆς

231 4131 373 4208 Μαρίας
395 4126 537 4211 ἐχούσης.
576 4135 629 4191 καὶ
653 4121 733 4211 αάτῆ
763 4125 798 4189 δὲ
825 4118 844 4211 ῆ
875 4123 1001 4207 αἵρεσις
1029 4121 1131 4187 πάλιν
1154 4122 1187 4188 ἓν
1209 4127 1248 4210 τῇ

227 4217 373 4308 Ἀραβίᾳ
395 4217 465 4290 ἀπὸ
485 4226 544 4310 τῆς
562 4223 691 4310 Θρηίκης
712 4224 766 4287 καὶ
788 4224 853 4287 τῶν
876 4217 945 4288 ἀνω
967 4222 1074 4304 μερῶν
1096 4222 1154 4308 τῆς
1168 4226 1249 4287 Σκο-
