2867 5084
243 950 309 1012 376
473 961 681 1011 επισιιιιου
696 961 793 1010 τιτι
810 959 997 1009 ιιντεκιιν
1013 962 1043 1009 r.

241 1115 298 1179 καὶ
327 1109 375 1192 εἷς
402 1111 512 1196 κύριος
534 1108 581 1178 δι’
614 1101 652 1177 οὗ
680 1111 722 1177 τὰ
744 1110 885 1177 πάντα.”
924 1113 970 1196 τῷ
992 1109 1053 1193 γὰρ
1077 1108 1189 1175 elam
1210 1101 1273 1174 τὸν

242 1210 315 1276 υἱὸν
337 1211 449 1294 κόριον
471 1206 510 1274 οὐ
533 1208 668 1286 πάντως
689 1204 854 1294 ἠρνήσατο
878 1205 896 1271 δ
914 1202 1106 1284 ἀπόστολος
1127 1206 1167 1272 τὸ
1184 1202 1267 1272 εἶναι

241 1309 301 1373 τὸν
323 1307 434 1390 κόριον
456 1310 509 1373 καί
532 1307 624 1373 θεόν.
673 1309 726 1371 καί
751 1309 797 1391 τῷ
821 1306 928 1371 εἰπεῖν
958 1300 1027 1382 “εἷς
1049 1303 1134 1382 θεὸς
1156 1299 1205 1370 δι’
1229 1293 1266 1369 οδ

242 1405 287 1470 τὰ
307 1404 435 1470 πάντα”
457 1400 515 1471 οὐκ
536 1400 700 1491 ἠρνήσατο
723 1403 761 1467 τὸ
786 1399 870 1469 εἶναι
891 1402 949 1468 τὸν
964 1401 1047 1468 θεὸν
1070 1404 1124 1467 καὶ
1144 1401 1262 1486 κόριον.

218 1499 328 1585 τόμοῦ
356 1500 417 1587 γάρ
445 1505 498 1568 κοιλ
527 1501 638 1586 κε’·ριος
667 1506 720 1567 καί
751 1499 833 1578 θεὸς
865 1506 917 1565 καί
948 1499 1031 1577 θεὸς
1062 1503 1115 1566 καὶ
1145 1500 1261 1584 κύριος,

243 1604 297 1666 καὶ
320 1596 415 1666 οὐδὲν
438 1603 559 1667 διοίσει
582 1603 659 1683 περὶ
682 1603 748 1664 τιῖιν
779 1598 826 1675 εἰς
847 1594 933 1684 ἡμᾶς
964 1598 996 1663 ἐν
1025 1591 1172 1683 ἀληθείᾳ
1201 1620 1263 1662 σω·

241 1698 413 1784 τηριωδῶς
444 1697 477 1762 ἐκ
505 1701 588 1763 θεοῦ
618 1696 674 1761 διὰ
696 1700 762 1760 τῶν
786 1691 984 1761 ἀποστόλων
1011 1702 1259 1781 κεκηρυγμίνων.

241 1796 447 1877 καταλείψας
469 1795 505 1860 δὲ
528 1789 545 1858 ὃ
569 1789 667 1871 αὐτὸς
686 1791 872 1876 Ἀνόμοιος,
899 1795 951 1858 καὶ
975 1793 1008 1857 οἱ
1030 1792 1066 1871 ἐξ
1087 1789 1189 1858 αὐτοῦ
1211 1804 1297 1877 γείιί

242 1890 375 1976 γονότες
396 1890 455 1976 τὴν
479 1887 556 1958 ὁδὸν
577 1896 636 1976 τῆς
659 1887 820 1974 ἀληθείας
842 1891 1041 1977 ἐτράπησαν,
1072 1894 1181 1970 κακῶς
1206 1890 1261 1967 τὰς

204 1988 234 2053 1'0
245 1992 327 2055 θεοῦ
361 1987 472 2074 ῥήσεις
505 1988 759 2074 ἐπινενοηκότες.
809 1992 861 2053 καί
892 1987 1011 2053 λοιπὸν
1041 1988 1088 2066 είς
1117 1990 1261 2072 διαλογι-

243 2085 347 2170 σμοὺς
361 2086 417 2151 καὶ
433 2087 480 2164 εἰς
496 2086 652 2171 διαλογάς
672 2088 789 2165 λέξεων
805 2092 1093 2170 παρεκτρέψαντες
1114 2086 1174 2150 τὸν
1190 2089 1260 2152 νοῖιι

242 2179 463 2271 ἀπεπήδησαν
486 2188 544 2271 τῆς
567 2181 729 2268 ἀληθείας
756 2190 809 2249 καί
841 2184 996 2262 ἐξέπεσον
1024 2187 1089 2249 τῶν
1119 2184 1260 2267 ἐπουρα-

242 2289 331 2349 νίων.
362 2285 458 2348 πᾶσα
478 2283 540 2368 γὰρ
564 2284 650 2361 λέξις
673 2282 793 2365 ἐλέγξει
816 2276 944 2360 αὐτοὺς,
975 2280 1031 2347 ἐὰν
1054 2281 1186 2347 θέλωσι
1207 2278 1261 2346 τόν

243 2380 368 2446 ἑαυτῶν
391 2383 467 2445 νοῦν
492 2382 607 2446 δοῦναι
631 2379 677 2458 εἷς
700 2378 874 2466 φωτισμὸν
896 2383 954 2444 τοῦ
971 2376 1169 2464 εὐαγγελίου.
1208 2373 1262 2444 οδ-

203 2493 233 2543 15
242 2479 347 2560 δαμοῦ
369 2477 429 2562 γὰρ
454 2472 472 2542 δ
494 2476 671 2562 μονογενής
694 2480 788 2561 λέγει,
813 2484 921 2541 καίτοι
941 2499 977 2558 γε
993 2476 1026 2541 ἐν
1042 2479 1137 2561 σαρκί
1155 2501 1263 2558 παρο-

240 2574 422 2660 γενόγιενος,
448 2570 500 2639 ὅτι
524 2570 542 2639 δ
565 2580 677 2651 κτίσας
699 2600 741 2657 με
763 2574 872 2659 πατὴρ
896 2568 1083 2639 ἀπέσταλκί
1103 2599 1156 2656 με,
1188 2569 1263 2640 οὐδὲ

241 2667 392 2755 ὃποιτήρ
416 2696 483 2735 που
506 2671 540 2737 ἐν
562 2675 608 2756 τῷ
633 2668 807 2757 εὐαγγελίῳ
838 2673 1000 2756 διελέχθη,
1032 2667 1109 2737 οὐδὲ
1140 2672 1174 2738 ἐν
1197 2697 1263 2737 πα-

240 2768 320 2854 λαιᾷ
343 2767 498 2853 διαθήκη,
523 2763 575 2833 ὅτι
598 2768 710 2833 ἐκτισα
725 2765 802 2850 ὑμῖν
817 2768 874 2833 τόν
890 2769 971 2846 υἱὸν,
996 2763 1064 2834 ἀλλ’
1091 2764 1130 2834 “δ
1153 2767 1261 2854 πατήρ

240 2890 282 2946 με
305 2859 508 2943 ἀπέστειλε,”
534 2869 585 2931 καί
611 2865 665 2931 “ἐκ
688 2871 746 2931 τοῦ
775 2866 903 2950 πατρὸς
926 2866 1067 2952 ἐξῆλθον
1088 2870 1143 2932 καὶ
1167 2864 1316 2952 ἥκω,”Ε

200 2960 295 3027 δοκοὶ
319 2956 358 3024 ’ίό
381 2955 426 3027 ὢν
450 2963 497 3041 εἰς
519 2963 575 3028 τὸν
597 2963 723 3030 κόλπον
750 2968 808 3029 τοῦ
832 2964 988 3047 πατρός,”
1025 2967 1078 3030 καὶ
1103 2959 1143 3042 ’βδ
1167 2963 1263 3048 λόγος

241 3049 279 3145 ἦν
303 3059 388 3142 πρὸς
409 3058 467 3124 τόν
490 3060 572 3127 θεὸν
600 3065 654 3126 καί
677 3061 759 3138 θεὸς
787 3063 825 3145 ἦν
855 3057 872 3124 ό
902 3059 1026 3145 λόγος.”
1068 3065 1121 3127 καί
1153 3060 1263 3128 πολλὰ

241 3157 312 3223 ἐστι
335 3160 411 3241 περὶ
435 3161 494 3244 τῆς
515 3154 606 3244 ἡμῶν
632 3167 796 3245 σωτηρίας
818 3162 1020 3243 κατανοῆσαι
1042 3161 1095 3224 καὶ
1118 3157 1164 3244 μὴ
1187 3181 1263 3223 συν·

239 3255 454 3339 αρπάζεσθαι
477 3252 546 3322 ἀπὸ
568 3260 625 3343 τῆς
653 3260 711 3319 τοῦ
741 3254 900 3339 διαβόλου
932 3255 1050 3320 τούτου
1072 3259 1262 3341 κυβευτικῆς

240 3353 461 3430 διδασκαλίας.
504 3350 604 3438 ὁγὰρ
628 3353 784 3436 διάβολος
805 3353 1005 3435 βουλόμενος
1033 3346 1202 3419 ἀπολέσαι
1223 3351 1261 3418 τὸ

198 3453 305 3516 2ίιτιῦν
334 3446 525 3534 ἀνθρώπιον
553 3458 661 3535 γένος,
697 3451 817 3538 φθόνῳ
847 3450 1061 3532 κατεχόμενος
1088 3449 1176 3533 πρὸς
1204 3449 1261 3537 τὴν

238 3549 298 3627 τοῦ
321 3541 505 3630 ἀνθρώπου
528 3548 636 3627 δόξαν,
660 3547 807 3634 μηχανὰς
830 3547 990 3633 ἐπενόησε
1005 3546 1199 3633 διαφόρους,
1223 3547 1261 3613 τὸ

237 3647 372 3728 πρῶτον
393 3648 453 3728 μὲν
477 3645 533 3712 διὰ
555 3649 612 3732 τῆς
634 3640 784 3730 ἀγνοίας,
817 3644 856 3710 τὸ
885 3645 1035 3728 δεύτερον
1063 3646 1100 3710 δὲ
1122 3644 1182 3712 διὰ
1203 3648 1262 3732 τῆς

237 3742 502 3825 εἰδωλολατρίας,
527 3740 645 3808 ἀλλοτε
668 3745 703 3809 δὲ
727 3742 783 3808 διὰ
804 3749 1035 3826 κακοτροπίας,
1059 3742 1131 3807 νυνὶ
1155 3744 1192 3810 δὲ
1216 3744 1262 3822 είς

238 3836 376 3924 ἐστερον
410 3841 467 3906 διὰ
494 3842 552 3927 τῆς
587 3839 715 3926 πλάνης
751 3843 804 3905 καὶ
836 3837 966 3923 ἀπάτης
993 3843 1059 3905 τῶν
1088 3840 1287 3923 deductum

197 3937 293 4021 ίῡῖνοι
314 3937 527 4019 πανταχόθεν
555 3943 767 4023 καταστρέψῃ
801 3936 859 4003 τὸν
888 3935 1072 4020 ἄνθρωπον
1100 3932 1173 4003 ἀπὸ
1196 3940 1262 4005 τῶν

239 4035 455 4117 ἐπουρανίων.

244 4160 246 4165 ·
327 4140 374 4199 10.
407 4133 505 4198 Πόσα
530 4121 586 4197 οὖν
610 4131 734 4212 ίσχέοει
759 4128 777 4196 ό
800 4156 876 4210 νους
897 4157 956 4215 της
977 4133 1069 4217 ημῶν
1086 4156 1265 4223 μετριοτη-

235 4252 294 4308 τος
316 4229 423 4296 εἰπεῖν
446 4229 531 4314 πρὸς
547 4230 593 4307 σὲ,
618 4218 840 4313 ὦἎνόμοιε,·
871 4229 980 4307 καλῶς
1000 4228 1063 4315 γὰρ
1081 4225 1269 4316 Ἀκόμοιος,
