2867 5084
172 920 183 943 ⁶
212 953 255 1017 84
441 963 643 1015 υσωενιον
659 963 755 1014 xm
772 964 958 1015 mmm
974 967 1003 1014 υ.

210 1116 270 1184 τὸν
301 1113 440 1203 άγόρτην
472 1118 524 1182 καί
559 1115 801 1201 καταγελάσαιτε
831 1120 889 1202 τῆς
922 1110 1023 1181 αὐτοῦ
1052 1115 1225 1202 ληρωόίας.

211 1213 464 1313 ξπανελεόσεται
493 1215 529 1278 55
557 1212 604 1291 εἰς
630 1212 691 1292 τὰς
717 1216 824 1292 κακῶς
845 1214 950 1300 ἑαυτῷ
974 1213 1227 1301 έπινενοημένας

210 1296 400 1431 προφάσεις
420 1314 473 1377 καί
497 1305 566 1377 άπὸ
588 1314 654 1377 τῶν
675 1316 781 1378 θείων
803 1315 939 1399 γραφῶν
962 1307 1149 1393 ὁμοιώσεις,
1171 1314 1226 1378 καί

211 1404 269 1492 οὐχ
299 1404 403 1487 οότως
426 1408 576 1492 έχοόσας,
607 1403 745 1475 άλλάί
713 1406 819 1488 ου’τως
840 1404 895 1476 ὖπ
920 1403 1021 1475 αὐτοῦ
1043 1411 1150 1487 κακῶς
1170 1432 1227 1474 νο-

168 1512 358 1609 Ιἰρουμένοις
400 1512 480 1628 φέρε
502 1508 559 1572 οὗν
581 1504 763 1589 έκθῶμεθα
788 1501 872 1574 αὐτὰ
893 1505 932 1593 55
955 1504 1038 1572 κατὰ
1060 1505 1201 1585 λέξιν,
1187 1504 1226 1586 άς

165 1599 462 1671 ὖποκλέπτων’
448 1629 482 1670 εκ
503 1607 569 1669 τῶν
591 1609 695 1671 θείων
717 1607 863 1719 γραφῶν,
888 1600 933 1683 ῶς
955 1604 1046 1691 ἔφην,
1069 1603 1153 1670 κατὰ
1167 1604 1225 1722 τόν

208 1706 285 1770 νοῦν
308 1696 408 1767 αὐτοῦ
432 1701 602 1787 διηγεῖται,
627 1701 656 1768 εί
677 1727 731 1767 και
725 1701 899 1784 μάλιστα
915 1701 1124 1779 πολλάκις
1089 1727 1150 1779 τας
1165 1696 1224 1767 αό-
1235 1714 1252 1763 c

94 1810 97 1815 '
207 1799 268 1877 τὰς
290 1793 608 1882 όιαλαμβάνοντες’
590 1797 754 1881 ακρότατα
777 1800 997 1884 διηλέγξαμεν.

294 1903 343 1962 61.
376 1899 516 1978 Πρῶτον
538 1897 596 1979 μὲν
620 1898 676 1961 οὐν
693 1892 746 1962 ὅτι
762 1891 864 1980 εόρῶν
880 1895 915 1962 έν
930 1907 1004 1974 ταῖς
1018 1902 1131 2011 θείαις
1145 1921 1227 1982 γρα-

163 2003 291 2112 λοφαίς
312 1996 391 2075 περὶ
412 1989 662 2078 παρακλητου
647 1993 818 2077 στόματος,
841 1988 933 2058 καλ’
915 1992 1077 2109 αγγοήσας
1092 1994 1151 2079 την
1165 1997 1226 2059 τοῦ

208 2086 303 2177 ἆγίου
318 2090 529 2177 παρακλητου
545 2091 691 2174 δύναμιν,
716 2087 864 2158 έαυτὸν“
847 2091 1068 2178 υπεισηνεγκε,
1085 2098 1228 2175 νομίσας

209 2183 293 2256 εἶναι
320 2190 428 2255 τοῦτο.
472 2189 525 2253 καὶ
554 2187 675 2276 φάσκει
701 2190 761 2272 μὲν
784 2182 872 2274 αὐτῷ
895 2186 936 2254 τά
959 2184 1025 2252 ὑπὸ
1047 2192 1106 2253 τοῦ
1130 2184 1227 2273 άγίου

207 2285 344 2352 Παύλου
368 2286 520 2372 εἰρημένα
542 2292 859 2372 παρακεχωρηκέναι,
884 2281 929 2363 ῶς
950 2288 1009 2351 τοῦ
1026 2281 1120 2371 άγίου
1137 2282 1224 2353 άπα-

207 2382 327 2450 στόλου
357 2383 524 2470 φήσαντος
552 2377 648 2451 “άπὸ
674 2389 794 2469 μέρους
820 2383 1036 2469 γινώσκομεν,
1070 2386 1124 2450 καὶ
1155 2379 1231 2451 άπὸ.

170 2494 197 2544 15
205 2486 325 2565 μέρους
346 2479 607 2567 προφητεύομεν.
653 2477 732 2546 όταν
756 2481 838 2567 ἔλθη
861 2480 900 2546 τό
922 2482 1063 2560 τέλειον,
1091 2480 1129 2546 τό
1153 2476 1227 2548 άπὸ

204 2578 325 2663 μέρους
352 2577 664 2664 καταργηθήσεται”.
709 2581 807 2642 τοῦτο
836 2579 872 2643 δέ
902 2576 979 2661 περὶ
1010 2578 1226 2666 παρακλητου

200 2669 267 2743 '055
293 2670 378 2752 ὅλως
400 2673 565 2740 ἐκτίθεται
589 2669 606 2738 5
630 2670 723 2758 άγιος
744 2669 940 2752 ἀπόστολος,
965 2670 1251 2756 ὁκαταξιωθελςυ

110 2822 115 2831 .
188 2768 306 2859 Ιαὐτοῦ
334 2773 392 2836 τοῦ
423 2768 516 2854 άγίου
545 2770 733 2854 πνεύματος
760 2770 843 2854 μετά
870 2775 936 2837 τῶν
968 2767 1092 2855 ὁμοίιον
1120 2769 1224 2841 αὐτοῦ

160 2918 163 2925 -
207 2863 415 2947 ἀποστόλων,
447 2864 531 2934 ἀλλὰ
551 2871 627 2953 περὶ
650 2871 716 2934 τῶν
739 2867 797 2934 δύο
819 2868 951 2951 κόσμων
967 2871 1120 2954 διηγεῖτο,
1145 2877 1226 2956 περὶ

167 2969 264 3032 εοτοῦ
287 2965 465 3045 ἐνεστῶτος
487 2967 539 3032 καί
562 2966 754 3047 μέλλοντος,
779 2963 823 3045 ῶς
846 2966 942 3052 ἔφην,
968 2979 1040 3045 τοῖς
1060 2970 1225 3052 βουλομέ·

205 3087 276 3143 νοις
297 3066 373 3147 περὶ
390 3065 511 3146 καιρῶν
527 3062 790 3147 καταλαμβάνειν
819 3059 871 3129 ότι
899 3067 1021 3150 (μηδὲν
1036 3061 1121 3148 ὑμᾶς
1137 3092 1223 3132 πτυ-

205 3167 289 3245 ρέτω
311 3159 345 3227 ἒν
367 3159 469 3246 λόγῳ,
499 3159 532 3226 ἒν
556 3159 731 3247 ἐπιστολῇ,
762 3156 806 3238 ῶς
829 3157 881 3226 ότι
903 3157 921 3248 5
944 3158 1049 3248 ἡμέρα
1072 3162 1224 3250 ἐνέστηκε

204 3263 263 3324 τοῦ
285 3264 407 3342 κυρίου.
453 3255 508 3324 ε’άν
530 3262 591 3342 γὰρ
613 3255 656 3342 μὴ
680 3252 907 3344 ἀποκαλυφθῇ
931 3253 948 3322 5
971 3257 1042 3338 υίὸς
1063 3263 1121 3348 τῆς
1143 3255 1224 3327 ἀνο-

204 3361 292 3438 μίας,
316 3350 540 3437 όάνθρωπος
560 3358 619 3440 τῆς
641 3352 786 3433 άόικίας’
809 3357 862 3421 καί
884 3355 927 3420 τά
949 3356 1032 3443 ἑξῆς.
1077 3362 1131 3424 καί
1154 3359 1223 3425 πά-

165 3454 257 3518 λελιν
279 3452 507 3519 συνελθόντων
529 3455 595 3517 τῶν
617 3454 780 3547 μαθητῶν
801 3451 888 3536 πρὸς
909 3453 966 3518 τὸν
981 3451 1151 3541 ’σωτῆρα’
1133 3455 1223 3541 ηρώ-

203 3574 270 3616 των
292 3542 391 3615 αότὸν
414 3552 490 3634 περὶ
513 3552 571 3633 τῆς
594 3542 741 3616 συντελεῖ
728 3556 789 3628 ί,ας
813 3551 866 3616 καὶ
889 3547 1050 3636 έλεγεν’
1012 3564 1150 3632 αυτοῖς’
1153 3548 1268 3637 ὀὖχοτί

202 3642 295 3730 ὑμῶν
310 3646 490 3730 ἐπιγνῶναι
502 3646 639 3730 χρόνους
653 3649 705 3712 καί
722 3647 864 3729 καιροὺς,
889 3645 945 3726 οὓς
960 3644 978 3713 5
994 3649 1104 3737 πατὴρ
1120 3651 1221 3718 ἔθετο

203 3742 299 3812 έν”
259 3770 299 3831 τη
323 3742 392 3830 ίόίᾳ
414 3743 524 3823 έξουσί
524 3770 555 3830 η,
511 3739 664 3810 ίάλλά
685 3743 839 3831 λήψεσθε
862 3744 999 3829 δύναμιν
1015 3747 1223 3829 ἐπελθόντος

202 3844 261 3908 τοῦ
284 3837 378 3927 άγίον
400 3839 587 3924 πνεύματος
609 3835 659 3927 ἐφ’
677 3837 787 3924 ὑμᾶς’.
818 3841 873 3909 καὶ
888 3843 991 3930 πάλιν
1007 3845 1112 3932 ἔλεγεν
1129 3842 1223 3913 “σίπὸ

163 3935 430 4024 ωἹερσσολόμων
451 3938 494 4026 μὴ
515 3939 708 4023 χωρίζεσθε,
733 3933 990 4023 ἀπεκδεχόμενοι
1007 3941 1065 4026 τὴν
1081 3942 1223 4030 ἐπαγγε-

203 4037 276 4104 λίαν
297 4039 356 4103 ’τοό
378 4036 575 4121 πνεύματος,
597 4034 637 4121 ἣν
659 4031 846 4125 ἠκοόσατε,”
868 4044 1019 4105 τουτέστι
1033 4040 1072 4106 τό
1087 4044 1222 4125 πνεῦμα

201 4132 241 4198 τό
262 4135 482 4221 παράκλητον,
507 4132 524 4198 5
548 4134 609 4220 ἔφη
634 4134 711 4200 “έάν
734 4133 796 4219 ε’γῶ
813 4129 965 4215 άπέλθω,
990 4136 1113 4216 έκεῖνος
1127 4137 1222 4206 ἐλεό-

201 4251 304 4309 σεται,
327 4231 381 4297 καὶ
404 4228 572 4318 ἀναγγελεῖ
595 4228 671 4314 ὑμῖν
691 4230 734 4299 τά
756 4232 893 4299 πάντα”.
922 4232 961 4298 τὸ
975 4234 1013 4300 όέ
1027 4228 1222 4321 “άναγγελεῖ
