2867 5084
239 976 301 1038 238
468 989 668 1037 εσιοιπιον
683 988 779 1036 τιτι
798 987 985 1037 mmmm
1002 959 1033 1036 ’3.

235 1142 303 1206 τῶν
326 1133 367 1205 δι’
392 1138 543 1216 ἐναντίας
564 1137 836 1215 κατακλάσαντες,
861 1136 919 1203 έπὶ
941 1137 980 1202 τὸ
1003 1136 1145 1220 ἑρπετὸν
1162 1141 1259 1204 τοῦτο

235 1236 275 1301 τὸ
297 1236 546 1320 πολυκέφαλον,
570 1231 671 1320 ύδρας
695 1233 848 1322 δίμορφον
870 1232 1078 1321 κατάστημα,
1103 1235 1259 1320 λαβόντες

238 1334 272 1400 έκ
295 1337 377 1401 θεοῦ
406 1333 465 1420 τὴν
488 1332 625 1417 δύναμιν
648 1331 703 1399 καὶ
725 1333 783 1419 τὴν
805 1332 900 1418 χάριν
923 1333 956 1398 οἱ
978 1329 1146 1412 άνέκανοι,
1177 1330 1259 1400 άίστε

237 1434 309 1516 θεῷ
340 1430 530 1513 ἰσχύσαντες
558 1431 617 1516 τὴν
646 1429 810 1497 ἐπινίκιον
832 1429 925 1517 ᾅδειν
947 1429 1061 1516 φωνὴν
1083 1431 1254 1515 λέγουσαν·

215 1541 257 1589 5“
265 1526 398 1616 ᾂσωμεν
426 1533 473 1614 τῷ
501 1537 617 1615 κυρίῳ·
647 1528 787 1607 ένδόξως
814 1526 875 1613 γὰρ
907 1527 1168 1607 δεδόξασται,”
1152 1551 1254 1594 ιππον

237 1626 291 1691 καὶ
314 1621 481 1712 ἀναβάτην
503 1627 639 1709 ἔρριψεν
662 1626 709 1702 είς
731 1626 936 1691 θάλασσαν”.
976 1625 1032 1690 καὶ
1056 1632 1253 1709 ουντρέιβαν
1240 1641 1272 1689 ο

237 1749 290 1800 τες
312 1723 370 1809 τὴν
392 1723 537 1808 κεφαλὴν
560 1725 618 1787 τού
642 1722 820 1806 δράκοντος
843 1722 956 1788 έπάνω
971 1746 1030 1788 τοο
1014 1719 1177 1801 ύδατος,
1200 1725 1253 1788 τού

237 1816 365 1904 ἡσύχως
380 1825 615 1902 πορευομένου,
634 1810 673 1885 ού
689 1816 747 1885 οὐκ
762 1815 980 1904 ἠθέλησαν
946 1846 1005 1907 την
1019 1820 1161 1907 μετοχὴν
1176 1822 1252 1903 ἔχειν

239 1917 271 1982 ολ
287 1923 356 1982 νέοι
369 1917 453 1999 μετὰ
465 1912 630 1982 Ἰουδαίων
646 1920 865 2002 κληρονομίαν
880 1924 1077 2003 κεκτημένοι,
1101 1917 1188 2000 πρὸς
1202 1916 1252 1994 οὓς

201 2008 495 2095 λυάποτεινόμενος
524 2010 541 2077 ὁ
570 2014 745 2100 προφήτης
774 2016 863 2098 ἔλεγε
892 2015 976 2081 “dui
1003 2013 1042 2079 τό
1070 2015 1116 2101 μὴ
1146 2017 1252 2081 θέλειν

237 2108 322 2194 ύμάς
350 2107 437 2194 ύδωρ
465 2114 524 2175 τοῦ
547 2111 689 2196 Σηλωάμ
719 2111 758 2177 τὸ
780 2112 1004 2195 πορευόμενον
1026 2108 1145 2199 ἡσυχῆ,
1176 2108 1252 2178 ἀλλὰ

235 2209 422 2292 βούλεσθαι
456 2212 538 2291 ἔχειν
570 2206 655 2292 ύμᾶς
687 2210 744 2274 τὸν
765 2205 929 2276 Ῥαασοιὺν
956 2210 1013 2274 τὸν
1041 2212 1183 2293 βασιλέα
1203 2208 1252 2276 καὶ

235 2306 293 2373 τὸν
319 2306 448 2392 Ταβεὴλ
470 2306 542 2372 υίὸν
558 2303 732 2389 Ῥομελίου,
758 2307 830 2372 ίδού
847 2307 963 2392 ἐπάγει
978 2306 1089 2390 κύριος
1105 2303 1157 2392 έφ)
1175 2304 1252 2391 ὑμᾶς

235 2405 274 2469 τὸ
303 2401 392 2489 ύδωρ
420 2408 478 2469 τοῦ
507 2408 662 2487 ποταμοῦ
691 2404 730 2469 τὸ
761 2405 908 2489 ἰσχυρόν,
938 2404 995 2470 τὸν
1023 2407 1166 2488 βασιλέα
1192 2409 1252 2470 τῶν

199 2498 435 2585 15Ἀσσυρίων”
464 2502 521 2567 καὶ
548 2501 590 2567 τά
619 2502 700 2588 ἑξῆς.
746 2497 841 2586 ἡμεῖς
864 2504 900 2568 δὲ
923 2501 1079 2587 λαβόντες
1101 2503 1136 2568 έν
1157 2510 1252 2588 κυρίῳ

235 2599 292 2684 τὴν
314 2599 478 2684 βοήθειαν
500 2599 555 2665 καὶ
577 2599 615 2663 τὸ
639 2594 708 2664 άπὸ
733 2594 896 2685 ἀληθινῆς
912 2599 1032 2682 σαρκὸς
1046 2598 1185 2683 πτύσμα
1199 2599 1275 2671 έπὶο

234 2700 292 2782 τῆς
313 2701 372 2782 γῆς
392 2697 594 2780 βεβλημένον
615 2695 669 2762 καὶ
685 2695 724 2761 τὸ
739 2696 823 2779 μετὰ
838 2696 1032 2779 πτύσματος
1047 2697 1186 2783 φύραιια
1199 2700 1253 2763 τοῦ

235 2795 343 2874 πηλού
372 2792 405 2858 ἐν
434 2804 505 2870 τοῖς
530 2789 707 2908 ὀφθαλμοί
709 2820 726 2872 ς
747 2791 840 2879 ημῶν
863 2797 1163 2910 κεχαραγιιένον,“
1149 2822 1203 2862 ινα
1224 2793 1256 2859 οἳ

236 2913 320 2955 ποτε
342 2889 375 2956 έν
399 2885 530 3054 άγνοίᾳὲ
539 2893 595 2957 νῦν
617 2917 676 2976 την
699 2888 863 2977 ἀληθειαν
888 2895 1024 2977 γνῶμεν,
1049 2886 1255 2969 άπελθόντες

197 2985 291 3052 λιικαὶ
314 2987 530 3071 νιψάμενοιέ
534 2991 618 3074 νεῷ
642 2991 801 3071 Σηλωάμ,
832 2992 878 3074 τῷ
903 2985 1159 3075 άπεσταλμένῳ,
1182 3014 1257 3055 τοο-

234 3089 344 3151 τέοτιν
367 3085 401 3152 έν
423 3089 463 3173 τῇ
486 3085 631 3171 ἒνσάρκφ
655 3093 835 3173 παρουσίᾳ,
859 3086 915 3152 καὶ
930 3086 964 3152 έν
979 3086 1118 3170 θεότητι
1134 3087 1258 3154 τελειό-

233 3208 347 3298 τητος,
384 3183 439 3249 καὶ
469 3184 589 3250 λοιπὸν
621 3183 802 3266 ἑωρακότες
837 3181 945 3249 ούκὲτι
979 3179 1180 3308 ἀρνούμεθα
1202 3184 1259 3250 τόν

234 3283 361 3364 κύριον,
390 3282 420 3349 εί
447 3282 502 3348 καὶ
525 3277 804 3366 ἀποσυναγώγους
828 3278 912 3368 ημᾶς
934 3305 1123 3367 ποιηοωσιν
1147 3283 1180 3348 οἱ
1202 3308 1260 3400 της

231 3372 362 3460 Ἀρείου
392 3387 535 3462 φατρίας
563 3379 619 3444 καὶ
643 3373 809 3444 Ἰουδαίων
844 3381 1003 3462 διάδοχοι
1050 3380 1169 3446 ἔθεντο
1198 3381 1260 3466 γὰρ

196 3474 289 3538 ο5καὶ
313 3464 419 3552 οὗτοι,
449 3477 605 3594 καθάπερ
629 3471 790 3555 κάκεῖνοι,
820 3479 930 3543 πάντα
952 3476 1010 3543 τὸν
1034 3473 1262 3562 ὁμολογοῦντα

234 3569 291 3636 τὸν
314 3571 425 3653 κύριον
449 3569 708 3658 άποουνάγωγον
733 3569 840 3639 αι’·τιον
858 3576 1065 3660 yev603a1,‘
1051 3601 1105 3640 ινα
1120 3575 1298 3654 δείξωσιλδ

233 3669 291 3734 τὸν
314 3664 549 3788 άναβλίφαυτα
572 3671 700 3755 ἔλεγχον
722 3673 878 3789 γεγονότα
900 3676 966 3737 τῶν
990 3667 1258 3755 άβλεπτούνμωτ

234 3768 263 3833 εἰ
284 3793 329 3852 μη
352 3767 413 3851 γάρ
436 3769 515 3854 ἦν,
497 3764 516 3831 ‚fi
541 3792 709 3855 συναγωγη
736 3767 844 3836 αύτιῦν
866 3771 973 3857 τυφλὴ
996 3766 1065 3855 όλη,
1090 3764 1148 3834 ούκ
1165 3765 1208 3836 άτ
1224 3760 1263 3836 ού

234 3860 438 3952 ηνοίχθησαν
463 3866 494 3930 οἱ
519 3861 737 3951 ύφθαλμοι
718 3893 948 3934 αποσινακτον
971 3869 1117 3934 ἔποίοιν.
1166 3863 1266 3950 εἶχα-

198 3963 442 4048 3οριστηοωμεν
465 3970 575 4029 τοίνυν
597 3967 645 4050 τῷ
667 3973 778 4050 κυρίῳ,
805 3962 856 4030 ότι
871 3969 923 4030 καί
942 3961 1182 4048 άνεβλέιβαμεν,
1206 3970 1263 4032 καὶ

235 4056 458 4144 ὁμολογοῦμεν
487 4061 544 4125 τὸν
573 4061 701 4146 κύριον,
733 4065 787 4127 καὶ
811 4062 1084 4144 έθεραπεύσαμεν
1107 4060 1150 4127 τὰ
1173 4070 1263 4151 σίτη,

235 4157 291 4220 ι’άν
319 4158 375 4222 καὶ
400 4158 438 4223 τὸ
470 4159 563 4243 ἔργον
591 4163 657 4224 τῶν
686 4160 827 4225 ἐντολῶν
854 4154 955 4224 αύτοῦ
979 4160 1174 4243 πράξωμεν,
1205 4165 1264 4228 καλ

234 4253 507 4339 κατεπατήσαμεν
530 4256 587 4320 τὸν
610 4253 706 4344 όφιν,
730 4256 784 4321 καί
808 4263 1052 4342 συνετρίψαμεν
1073 4256 1132 4343 τὴν
1154 4280 1266 4346 κεφα·
