2867 5084
428 956 431 963 ·
459 946 592 999 ινινινιι.
611 949 820 1000 ιιιιοινιειι.
1089 938 1149 1002 481

130 1095 348 1181 ἓόεέξαμενς
324 1123 369 1179 ως
391 1093 448 1180 οὑχ
471 1094 490 1163 5
513 1102 587 1178 νοῦς
610 1098 735 1166 ἐστι
702 1124 741 1165 το
764 1102 903 1185 πνεῦμα,
927 1102 985 1167 τοὺ
1004 1095 1153 1168 άποστό·

98 1198 193 1261 ελον
217 1199 334 1283 σαφῶς
356 1199 544 1281 λέγοντος
548 1199 657 1279 ‘5055
679 1222 727 1281 την
752 1201 812 1276 νοῒ,
849 1199 946 1279 ψαλῶ
976 1202 1022 1284 τῷ
1052 1199 1154 1267 πνεό-

129 1319 224 1375 μανι,
227 1294 417 1361 ”ἐντεὺθεν
440 1296 560 1361 πολλοὶ
583 1297 643 1377 μὲν
667 1283 749 1378 ἦσαν
773 1319 806 1361 οι
796 1294 929 1380 (λόγοι,
956 1290 1013 1362 σι’·ιι
1035 1291 1153 1383 ήόννή-Ι

130 1398 240 1476 θημεν
263 1393 299 1458 55
321 1387 440 1471 αότοὺς
461 1402 580 1459 πεῖσαι
603 1393 880 1477 φιλονεικοῦντας.

220 1495 269 1555 24.
306 1484 390 1556 Εἶτα
423 1490 525 1558 πάλιν
554 1495 641 1556 τισὶν
672 1485 763 1575 ἡμῶν
799 1490 975 1574 λεγόντων,
1007 1498 1041 1556 τί
1072 1492 1178 1576 γάρςο

131 1581 319 1652 ὑπόστασιν
342 1587 398 1653 τόν
422 1591 498 1654 νοῦν
522 1582 607 1654 εἶναι
629 1589 755 1672 λέγετε,
788 1590 888 1653 τινῶν
911 1588 947 1654 δὲ
970 1582 1078 1654 αὑτῶν
1101 1590 1155 1656 λε-

130 1681 257 1767 γόντων
277 1684 322 1770 μὴ
347 1679 431 1751 εἶναι
452 1682 648 1763 ὑπόστασιν,
677 1681 747 1751 ἀπὸ
769 1687 828 1752 τοῦ
850 1680 936 1771 ἡμᾶς
958 1691 1155 1753 πεπεικέναι

132 1774 254 1859 αότοὺς
276 1777 329 1847 ότι
352 1778 389 1847 55
411 1782 468 1868 χρὴ
493 1783 636 1866 νομίζειν
659 1777 758 1848 αὑτὸν
787 1777 863 1850 οὑδὲ
889 1782 928 1849 τὸ
954 1783 1154 1867 καλούμενον

132 1871 319 1960 άνθρώποο
341 1884 481 1962 πνεῦμα,
506 1880 616 1947 διὰτὸ
633 1880 740 1947 εἰπεῖν
765 1881 886 1964 *ψαλῶ
904 1883 952 1966 τῷ
968 1885 1029 1959 νοῒ,
1054 1884 1154 1968 ψαλῶ

131 1978 256 2060 καὶτῷ
279 1977 472 2059 πνεόματι”
503 1978 546 2064 μή
571 1975 711 2061 ἐχόντων
740 1973 847 2045 αὑτῶν
881 1978 967 2062 πρὸς
994 1980 1093 2045 τοῦτό
1121 2005 1156 2047 τι
1167 1994 1195 2047 15

99 2094 122 2141 n
134 2074 251 2190 λέγειν,
278 2073 439 2159 ἐλέγομεν,
463 2070 579 2142 οἰκοῦν
604 2101 631 2143 ει
655 2069 712 2141 οόκ
728 2077 816 2143 ἔστιν
833 2073 1019 2154 ὑπόστασις
1034 2072 1053 2141 ὑ
1069 2078 1154 2157 νοῦς,

132 2164 220 2238 άλλόι
246 2178 373 2259 κίνησις
400 2176 458 2259 τής
485 2169 577 2260 ἡμῶν
607 2172 718 2254 πάσης
747 2169 978 2291 ὑποστάσεως,
1014 2176 1091 2239 νοὺν
1119 2175 1156 2240 δὲ

132 2269 297 2353 λέγετε
265 2293 322 2335 τον
314 2271 482 2387 Χριστόν
504 2271 588 2337 κατὰ
609 2272 707 2336 55555
730 2269 768 2336 55
783 2277 892 2353 μέρος,
917 2260 982 2355 άρα
997 2259 1054 2336 οὖν
1071 2293 1156 2356 φαν-

110 2363 323 2447 .τάζεσθε’
305 2368 535 2434 αναπόστατον
565 2362 650 2435 εἶναι
677 2367 735 2433 τόν
764 2368 928 2451 Χριστὸν,
963 2370 1017 2434 καλ
1053 2367 1155 2451 μόνον

132 2465 198 2542 ἕως
227 2464 325 2550 λόγου
354 2491 407 2531 και
437 2464 601 2551 δοκήσεως
633 2465 691 2551 τήν
726 2464 841 2551 ε’νόημέ
842 2491 881 2532 αν
910 2467 968 2551 τῆς
997 2465 1155 2548 ένσαρκοο
1167 2483 1194 2534 15

132 2570 322 2647 παρουσίας
345 2556 443 2629 αὑτὸν
466 2563 684 2649 πεποιηκότα,
710 2558 868 2642 ὡσαύτως
890 2557 948 2628 οόκ
966 2557 1052 2645 εἶχον
1068 2557 1152 2630 άπο·

133 2661 252 2726 δοῦναι
274 2659 379 2744 λόγον.
428 2663 481 2726 καλ
510 2660 617 2746 πολλή
640 2655 720 2746 ἡμῖν
748 2667 859 2745 γέγονε
885 2659 962 2728 τότε
983 2660 1115 2747 λυπηρά
1135 2655 1155 2747 5

133 2761 192 2843 τῆς
215 2757 298 2843 ζωῆς
320 2756 529 2836 κατάστασις,
555 2754 607 2824 ὅτι
631 2757 664 2825 έν
686 2768 758 2835 τοῖς
781 2763 1034 2843 προειρημένοις
1060 2752 1157 2824 5555-

134 2865 216 2943 φοϊς
237 2858 292 2921 καὶ
315 2854 504 2933 ἐπαινετοῖς
527 2855 716 2941 ἐβλήθησαν
735 2850 852 2934 άπλιὺς
867 2857 1077 2943 φιλονεικίαι,
1101 2855 1158 2923 ἵνα

134 2952 327 3031 διαστάσεις
357 2952 389 3018 έν
418 2949 497 3038 ἡμῖν
525 2953 670 3020 πάντοτε
698 2950 717 3018 ό
746 2959 984 3040 προειρημένος
1011 2956 1076 3020 τῶν
1099 2950 1198 3022 άν-κο

85 3059 128 3116 1515
136 3052 288 3134 θρώπων
311 3051 472 3135 πολέμιος
488 3051 643 3167 διάβολος
659 3051 881 3137 ἐξεργάσηται.
912 3051 1018 3137 πολλή
1033 3053 1071 3118 δέ
1085 3051 1158 3119 ἐστι

134 3152 194 3235 τῆς
220 3148 374 3230 τοιαότης
403 3148 525 3227 αἰτίας,
556 3142 711 3235 άόελφοι,
746 3143 862 3233 5555'
889 3148 1018 3215 ι’ννοιαν
1039 3147 1155 3234 βλάβη.

135 3246 248 3330 εἰμὲν
231 3244 330 3331 νγάρ
354 3241 434 3326 λζ’
405 3248 515 3364 αρχής
542 3249 620 3328 περὶ
649 3245 768 3311 555555
798 3241 856 3311 οόκ
884 3244 1019 3365 ἐκινήθή
1049 3245 1156 3330 λόγος,

134 3332 416 3410 άπλαόστατσν’
397 3370 444 3429 ην.
492 3343 607 3427 τέγὰρ
630 3346 729 3409 τοῦτο
757 3342 815 3408 τὸν
843 3341 966 3426 κόσμον
989 3341 1096 3431 ὠνησε
1117 3341 1156 3410 τό

133 3438 372 3526 καινοτόμημα,
401 3467 420 3527 η
443 3466 502 3527 την
525 3439 655 3558 έκκλησέ
656 3466 695 3507 αν
722 3433 954 3526 ιόφέλησεν,”
931 3468 950 3527 η
978 3435 1049 3524 οόχλ
1073 3443 1156 3525 μάλ
1165 3455 1197 3507 25

131 3541 194 3606 λον
218 3538 354 3623 ἔβλαψε,
377 3549 477 3622 μῖσος
498 3537 555 3605 καὶ
576 3539 692 3605 στάσιν
709 3537 948 3622 ἐργασάμενον,
981 3537 1097 3624 ἐπειδή
1121 3541 1157 3608 δὲ

130 3632 276 3722 όλόγος
297 3636 501 3724 προεβλήθη,
537 3636 680 3723 φοβερὸς
701 3641 840 3721 γέγονεν.
884 3632 924 3703 55
952 3634 1014 3721 γάρ
1043 3637 1091 3716 εἰς
1118 3637 1158 3704 τό

130 3744 291 3820 κρεῖσσον
318 3735 376 3821 τής
403 3728 496 3820 ήμῶν
524 3740 706 3820 σωτηρίας
745 3731 881 3821 ἄρνησις
908 3732 970 3819 γάρ
997 3733 1087 3801 ἐστιν
1118 3730 1157 3802 55

127 3832 240 3917 μόνον
264 3830 297 3897 έν
318 3832 424 3918 τοότηι
446 3833 492 3917 τῷ
515 3837 608 3916 μέρει
629 3833 676 3917 τῷ
693 3831 738 3917 μή
755 3826 980 3918 ὁμολογοῦντι,
1004 3825 1088 3898 άλλά
1102 3835 1158 3900 καλ

133 3929 171 3997 ἐν
193 3927 387 4016 βραχυτάτῳ
410 3935 485 3996 τινί.
523 3923 563 3995 οό
583 3928 642 4014 χρὴ
665 3927 726 4013 γάρ
750 3923 827 3996 οόόὲ
840 3921 900 4015 κόν
916 3927 950 3996 ἐν
964 3930 1011 4015 τῷ
1026 3928 1197 4011 τοχόντιεο

85 4124 113 4179 Β
129 4123 191 4192 καὶ
219 4123 303 4191 κατὰ
333 4123 455 4209 ταύτης
486 4127 545 4212 τῆς
574 4120 771 4202 ὑποθέσεως
797 4121 995 4208 βουλόμενοι
1020 4123 1064 4210 μή
1094 4124 1156 4205 ἔξω

98 4304 104 4317 ¹
133 4223 196 4309 τῆς
218 4219 344 4289 λαοτιόν
370 4222 456 4308 ζωῆς
482 4227 618 4306 βαίνειν,
647 4222 732 4308 μηδὲ
759 4221 816 4288 τόν
845 4220 967 4289 κανόνα
998 4222 1159 4309 καταλιμ·

189 4321 335 4375 Epiphanius.
355 4322 392 4367 111.
973 4325 1004 4377 ³1
