2867 5084
1265 522 1276 537 a

1265 550 1282 581 δ

591 989 684 1041 υκαι,
703 990 913 1040 mmmm.
1223 979 1263 1041 53

232 1150 360 1219 ποσοῖς
392 1096 478 1207 πότε
509 1141 630 1219 ἔτεσιν,
667 1128 711 1206 ὧν
742 1135 799 1206 ούκ
828 1142 959 1222 ἔμαθον
991 1142 1048 1230 τήν
1081 1139 1261 1227 ποσότητα.

232 1236 288 1302 καὶ
311 1237 397 1320 μετὰ
419 1241 524 1303 ταῦτα
547 1232 819 1316 ἀποκατάστασις
841 1238 936 1304 ἕσται
959 1242 1022 1304 τῶν
1041 1238 1103 1305 δύο
1119 1238 1261 1327 φύσεων,

232 1337 285 1400 καὶ
311 1335 344 1400 ol
367 1333 522 1419 ἄρχοντες
544 1334 715 1452 οἰκήσουσι
748 1334 790 1401 τὰ
816 1335 986 1420 κατώτερα
1012 1342 1095 1422 μέρη
1126 1337 1261 1414 ἑαυτῶν,

233 1428 314 1498 όόὲ
328 1432 463 1548 ‘navim
470 1431 512 1498 τὰ
534 1427 696 1515 ἀνώτερα,
731 1433 770 1498 τὸ
794 1433 882 1498 ι’διον
905 1427 1096 1516 ἀπολαβών.
1141 1432 1261 1519 ταύτην

232 1530 268 1595 δὲ
291 1532 407 1595 πᾶσαν
429 1530 487 1617 τὴν
510 1531 724 1596 διδασκαλίαν
747 1531 918 1613 παρέδωκε
940 1541 1012 1608 τοῖς
1027 1532 1134 1614 τρισιν
1151 1525 1284 1598 αύτούῠ

232 1635 416 1714 μαθηταῖς,
439 1626 595 1704 κελεύσας
618 1628 755 1693 ἕκαστον
778 1627 825 1704 είς
846 1629 900 1692 κλ
886 1634 990 1709 ματα
1005 1624 1140 1693 οδευειν
1171 1629 1260 1694 καιο
1294 1625 1299 1637 '

232 1728 292 1806 μὲν
312 1719 496 1801 ’Λδδᾶς
460 1750 503 1790 τα
524 1726 582 1813 τής
605 1718 767 1811 ἀνατολῆς
788 1730 869 1810 μέρη
895 1721 1056 1807 ἔλαχενῇ
1040 1748 1058 1788 ο
1083 1726 1118 1791 δὲ
1138 1728 1261 1809 Θωμᾶς

232 1819 291 1909 τήν
314 1821 430 1903 Σύρων
451 1824 510 1909 χήν
532 1821 742 1910 κεκλήρωται,
777 1817 884 1904 ’ίίῖρμε
885 1846 924 1900 ας
953 1823 989 1888 δέ
1012 1819 1166 1899 ἀλλος
1132 1848 1191 1909 την
1214 1821 1261 1900 είς

233 1918 415 2002 Αἴγυπτον
440 1925 579 2000 πορείαν
595 1918 787 2006 ἐποιήσατο.
818 1922 982 2002 καὶμέχρι
998 1919 1139 2006 σήμερον
1156 1918 1261 1985 έκεῖσε

186 2016 522 2103 διεδιατρίβονσιπήν
534 2019 592 2080 τοῦ
605 2015 769 2100 δόγματος
780 2011 949 2082 ὑπόθεσιν
962 2019 1081 2103 στήσαι
1092 2018 1258 2094 θέλοντες.
1271 2034 1299 2084 ιο

321 2119 373 2179 32.
409 2112 523 2178 Ταῦτά
545 2112 634 2178 έστιν
657 2112 679 2178 ἃ
701 2119 899 2198 παρεθέμην
915 2108 984 2178 ἀπὸ
1008 2117 1066 2176 τοῦ
1079 2108 1259 2196 Ἀρχελάου

233 2211 368 2293 βιβλίου
389 2213 449 2275 τού
472 2216 722 2295 προειρημένου.
753 2214 805 2275 καί
830 2207 920 2275 ούτω
943 2215 1080 2295 συνέστη
1103 2208 1143 2273 τό
1158 2204 1259 2275 αὐτοῦ

234 2308 468 2373 διδασκαλεῖον
491 2307 703 2387 ζιζανιώδονς
726 2306 759 2372 ἒν
781 2306 895 2390 κόσμῳ
919 2309 1058 2387 σπορᾶς,
1081 2310 1135 2370 καὶ
1156 2305 1198 2370 τὰ
1212 2306 1261 2384 ζι-

235 2403 379 2490 ζανιώδη
401 2407 461 2492 τῆς
483 2398 583 2470 αὐτοῦ
607 2405 822 2480 διδασκαλίας
841 2402 1005 2485 ίξεμέσας.
1037 2401 1129 2466 πόσα
1153 2402 1189 2466 δέ
1208 2426 1260 2478 τις

236 2496 519 2585 ύπενέχκοιπρός
539 2499 597 2589 τήν
619 2499 784 2587 τοσαύτην
807 2499 967 2583 διαβολήν
996 2501 1054 2563 τοῦ
1076 2497 1299 2583 μεμολόγοοιδ

233 2597 363 2676 τούτου,
388 2593 434 2676 ὥς
456 2603 558 2663 παντί
580 2621 647 2663 που
672 2599 771 2685 δῆλον
793 2598 852 2677 εἴη.
885 2594 944 2661 κάν
958 2621 995 2661 τε
1009 2594 1053 2683 μή
1071 2594 1261 2673 ἕπιξεσθῶ-

233 2719 289 2762 σιν
311 2695 347 2761 αἱ
370 2696 474 2774 λέξεις
496 2693 581 2779 πρός
603 2689 805 2782 ἀνατροπὴν,
830 2689 1025 2777 ἀρκέσουσιν
1042 2692 1090 2769 είς
1106 2693 1259 2779 αἰσχύνην

232 2792 336 2876 μόνον
359 2795 407 2876 τῷ
431 2792 554 2859 εἰδέναι
577 2788 629 2858 ότι
651 2794 756 2858 ταῦτα
784 2785 862 2873 παρ’
889 2784 1003 2866 αύτοῖς
1031 2789 1260 2871 νομιστεύεται

234 2886 408 2956 ἀσύστατα
430 2886 511 2954 ὄντα
531 2893 584 2954 καί
607 2891 770 2976 μηδεμίαν
799 2887 938 2971 δύναμιν
967 2887 1090 2968 έχοντα.
1135 2886 1177 2951 τὰ
1199 2886 1259 2968 μὲν

207 2987 295 3073 εχάρ
319 2989 440 3068 πρῶτα
462 2986 496 3052 έν
517 2994 590 3063 τοῖς
613 2987 778 3069 δευτέροις
798 2983 969 3060 καταλύει,
1000 2982 1043 3048 τὰ
1065 2984 1101 3048 δὲ
1124 2984 1299 3064 δεύτερανο

234 3085 332 3168 ἕτερα
359 3083 454 3167 παρὰ
481 3082 523 3148 τὰ
551 3086 670 3165 πρῶτα
697 3089 888 3170 φθέγγεται.
942 3075 997 3146 ότὲ
1025 3081 1084 3162 μέν
1112 3079 1174 3164 γὰρ
1201 3077 1259 3142 τὸν

232 3181 361 3265 κόσμον
384 3180 418 3247 έκ
440 3183 524 3247 θεοῦ
547 3181 641 3246 θέλει
656 3182 864 3267 γεγενῆσθαι,
889 3175 944 3244 ότὲ
959 3178 996 3244 δὲ
1012 3176 1046 3243 έκ
1061 3178 1127 3242 τῶν
1144 3170 1261 3257 ἀρχόν-

231 3305 317 3357 των,
347 3277 481 3344 καὶτὸν
505 3276 587 3344 θεὸν
608 3277 652 3364 μή
677 3278 759 3359 ’ἐχειν
789 3276 835 3353 εἷς
856 3275 914 3341 τὸν
936 3275 1061 3358 κόσμον
1083 3298 1116 3337 τι
1140 3272 1259 3347 α’ίτιον,

232 3373 322 3443 ἀλλὰ
345 3369 574 3455 ἀπολλύμενον
595 3375 653 3439 τὸν
675 3373 815 3457 κόσμον,
849 3375 934 3439 ποτέ
956 3373 993 3438 δὲ
1020 3370 1059 3435 τὸ
1090 3372 1260 3450 στερέωμα

231 3474 385 3558 δέρματα
407 3466 579 3539 εἶναιτῶν
601 3465 767 3554 ἀρχόντων
791 3469 921 3557 φάσκει,
947 3470 1031 3535 ποτέ
1047 3468 1083 3532 δὲ
1099 3465 1299 3544 σταυροῦ-τῦ

232 3577 324 3638 σθαι
346 3563 431 3636 αὐτὰ
453 3564 523 3635 ἀνω
545 3569 578 3635 έν
600 3571 647 3654 τῷ
664 3568 769 3653 πόλῳ,
792 3573 999 3683 κατατρέχειν
1014 3566 1070 3630 καί
1086 3566 1260 3643 συννεφεῖν

190 3708 200 3721 ι
231 3661 331 3735 καὶ’
314 3670 415 3751 αργάν
437 3692 490 3732 και
514 3667 772 3783 έξριστροῦσθαι
799 3664 885 3746 πρὸς
913 3663 971 3750 τήν
998 3664 1058 3748 τῆς
1087 3659 1260 3737 παρθένου

230 3770 323 3833 θέαν
344 3767 400 3829 καὶ
422 3762 508 3847 πρὸς
528 3762 587 3852 τήν
610 3758 796 3847 ὡραιότητα
818 3764 876 3826 τοῦ
899 3765 1022 3826 νεανίαι.

323 3867 375 3928 33.
394 3855 639 3948 Καιωπολλης
651 3858 813 3944 αἰσχύνης
840 3862 875 3923 τί
887 3881 948 3942 γαρ
960 3874 1081 3920 τουτου
1092 3839 1262 3929 μθλθίίίθ

231 3982 342 4045 τερον,
360 3951 558 4074 ἀηδέστερόν
572 3982 608 4023 τε
622 3983 675 4023 και
666 3955 914 4039 αἰσχρότερον,
931 3975 990 4017 του
975 3945 1149 4058 θήλειαν
1164 3933 1300 4006 ἑαυτὸθο

204 4053 430 4125 ὒάνατνπούν
452 4054 492 4120 τὸ
515 4056 645 4137 πνεῦμα
666 4056 725 4142 τῆς
746 4049 923 4138 ἀληθείας,
959 4043 1014 4111 ὁτὲ
1037 4042 1074 4106 δὲ
1097 4033 1263 4118 ἀρρενοει-

232 4157 303 4232 δῶς
320 4149 533 4220 ὂπτάνεσθαι
547 4161 620 4229 τοϊς
635 4149 811 4236 ἀρχούσας
834 4144 970 4228 αἰσχρὸν
988 4141 1049 4223 μὲν
1064 4132 1125 4217 γὰρ
1142 4149 1263 4242 ίξαθθί·

232 4262 305 4320 νεῖν
313 4273 354 4317 το
340 4247 473 4334 ἀνδρα
483 4246 692 4335 θηλευεσθαι
701 4244 784 4313 καὶ
786 4245 956 4330 θηλείας
966 4255 1081 4320 μορφη
1093 4245 1263 4309 '’ww‘’
