2867 5084
244 942 303 1007 178
465 956 671 1006 σσισισιον
687 957 783 1006 xm
802 957 988 1006 Αινεεεαν
1005 958 1037 1004 ο.

237 1106 322 1173 κατὰ
341 1100 492 1228 Ἰωάννην
515 1103 727 1192 εὐαγγείίιο”
707 1132 769 1186 οτι,
794 1108 945 1192 φησίν,
929 1096 967 1171 ἀν
982 1106 1021 1171 τὸ
1037 1108 1112 1192 φῶς
1124 1130 1166 1172 το
1153 1099 1262 1188 ἀλη-

238 1205 347 1270 θινόν.
392 1206 446 1268 καί
475 1213 576 1269 ποῖον
606 1207 678 1290 φῶς
701 1200 863 1290 ἀληθινὸν
887 1155 1000 1269 ἀλλ’
979 1231 998 1289 η
1023 1198 1041 1269 5
1063 1202 1261 1288 μονογενηςς

239 1303 291 1365 καὶ
316 1300 434 1378 πάλιν,
465 1301 500 1365 αἱ
522 1308 659 1416 γραφαί
672 1325 757 1386 φασι
780 1303 858 1382 περὶ
879 1304 937 1366 τοῦ
961 1297 1081 1367 θεοῦ(
1069 1298 1124 1366 σ’τι
1147 1325 1221 1385 φως
1242 1323 1261 1364 ο

238 1397 329 1476 θεὸς,
352 1401 405 1463 καί
430 1392 487 1463 οίκ
510 1393 584 1464 εἶπε
606 1401 679 1513 ηνιῖις
701 1393 903 1484 ἀληθινὸν(
887 1422 905 1461 ο
927 1399 1019 1476 θεός.
1050 1400 1127 1479 περί
1149 1399 1186 1463 55
1201 1400 1259 1462 τοῦ

216 1507 230 1556 5
238 1498 434 1580 μονογενοῦς
463 1495 534 1560 υἱοῦ
562 1497 620 1560 τοῦ
650 1492 780 1561 θεοῦ”
761 1518 814 1559 οτι
837 1498 910 1580 φῶς
932 1489 1134 1581 ἀληθινὸν(
1117 1519 1136 1559 ο
1158 1517 1260 1576 μονο-

237 1591 337 1678 γενής.
370 1595 444 1674 περὶ
470 1593 505 1657 55
526 1594 585 1657 τοῦ
608 1590 736 1675 πατρὸς
758 1591 840 1670 θεὸς
862 1586 1032 1677 ἀληθινὸς,
1057 1594 1113 1657 καὶ
1135 1588 1196 1657 οὐκ
1214 1586 1259 1658 εί-

237 1715 299 1754 πεν
329 1685 381 1753 ὅτι
410 1692 482 1773 (μῦς
505 1684 667 1773 ἀληθινὸν
691 1685 708 1754 5
731 1688 822 1765 θεός.
868 1691 944 1773 περί
969 1690 1005 1755 55
1026 1691 1085 1754 τοῦ
1110 1689 1184 1755 υἱοῦ
1208 1685 1258 1753 ὅτι

237 1783 328 1862 θεὸς,
352 1788 404 1849 καί
429 1785 486 1849 ἐπὶ
507 1788 566 1849 τοῦ
588 1785 670 1862 θεὸς
694 1782 711 1850 5
736 1784 816 1864 υίὸς,
840 1780 878 1850 55
902 1792 1093 1870 προσέθετο
1115 1787 1156 1850 τὸ
1180 1782 1282 1869 ἄλη-Β

239 1881 346 1945 θινὸν.
377 1883 428 1945 καί
454 1877 541 1946 ὅπου
565 1885 638 1967 (μῦς
661 1878 678 1946 5
701 1883 792 1960 θεὸς,
817 1877 854 1947 05
879 1889 1069 1966 προσέθετο
1093 1885 1166 1970 φῶς
1182 1878 1260 1968 ἀλη-

201 1977 346 2044 Ιοθινόν.
392 1984 425 2043 τί
447 1967 504 2042 οὖν
526 1979 661 2062 λέγομεν
684 1982 761 2062 περὶ
784 1982 842 2045 τοῦ
867 1980 1011 2062 πατρός,·
1041 1976 1177 2063 ὅτιμὲν
1199 1979 1258 2064 γὰρ

239 2078 311 2160 φῶς
334 2069 495 2162 ἀληθινὸν
518 2073 536 2139 5
558 2075 649 2154 θεὸς,
673 2079 726 2140 καί
751 2071 808 2142 οὐκ
831 2074 895 2159 ἀρα
918 2078 1051 2154 ἐλλιπὲς
1073 2075 1259 2164 ποιήσομεν

236 2170 275 2236 τὸ
297 2179 403 2238 θεῖον.
449 2174 502 2237 καί
526 2171 641 2258 ἐπειδὴ
666 2168 724 2237 οὐκ
750 2174 799 2239 ίτι
819 2180 1041 2258 γεγραμμένον
1064 2173 1102 2239 τὸ
1126 2176 1201 2260 φῶς
1221 2171 1258 2239 τὸ

237 2265 409 2351 ἀληθινὸν,
435 2268 573 2353 είπομεν
589 2265 842 2352 ἁμαρτάνοντες,
860 2267 912 2336 ὅτι
928 2265 986 2336 οὐκ
1002 2272 1073 2338 ἔστι
1089 2274 1164 2356 φῶς
1182 2267 1258 2356 ἀλη-

237 2367 344 2433 θινόν.
376 2370 429 2432 καί
452 2367 567 2452 ἐπειδὴ
592 2362 609 2432 5
633 2365 704 2483 ηίὸς
724 2374 907 2452 γέγραπται
931 2364 1093 2484 ὅτιθεὸς
1112 2368 1254 2434 ἐστικαὶ

201 2452 276 2548 Ιοην
299 2459 316 2529 5
338 2463 420 2540 θεὸς
442 2464 528 2545 πρὸς
550 2463 606 2527 τὸν
630 2460 709 2528 ἀντα
733 2471 877 2547 πατέρα·
907 2469 960 2530 καί
989 2464 1051 2550 γὰρ
1073 2491 1113 2550 ην
1135 2459 1256 2543 θεὸςά

237 2559 343 2643 λόγος.
387 2563 440 2625 καὶ
471 2556 527 2625 οὐκ
551 2555 676 2626 εἶπεν(
667 2557 719 2625 ότι
742 2559 832 2683 θεὸς
846 2557 1011 2646 ἐγένετοί
996 2586 1013 2627 ο
1037 2561 1151 2645 λόγος,
1176 2558 1255 2628 ἀλλά

237 2656 358 2734 θεὸς
340 2646 388 2742 ην.
431 2655 465 2721 ἐκ
488 2658 523 2721 55
545 2660 611 2721 τῶν
635 2656 693 2722 550
715 2656 757 2723 τά
781 2657 947 2774 ίσὸρροπα
959 2658 1202 2777 δειχθήσεται,
1225 2658 1253 2725 ίκ

235 2756 294 2817 τοῦ
306 2704 381 2872 555
410 2752 491 2830 θεὸς
519 2748 723 2838 ἀληθινὸς
709 2778 727 2817 ο
756 2756 880 2840 πατὴρ,
911 2759 967 2872 γαί
998 2759 1071 2843 φῶς
1094 2752 1272 2842 ἀληθινὸνι

237 2842 254 2912 5
284 2846 440 2926 υίὸς,τά
470 2848 602 2935 ίσόζογα
630 2862 787 2936 φανεῖται
815 2857 873 2938 τῆς
902 2847 1013 2931 ἀξίας,
1048 2855 1101 2919 καί
1133 2853 1168 2920 ἐκ
1199 2854 1252 2920 τοῦ

197 2964 228 3014 20
237 2941 358 3010 θεον
343 2970 361 3010 ο
383 2944 469 3025 υίὸς,
493 2951 544 3012 καί
569 2951 642 3035 φῶς
666 2942 683 3011 5
706 2948 804 3028 θεὸς,
827 2947 869 3015 τὰ
893 2949 1059 3033 ίσόρροπα
1081 2952 1141 3034 τῆς
1163 2952 1253 3030 ἀοξο·

236 3043 350 3126 λογίας
372 3038 596 3130 εὑρεθήσεται.
627 3047 681 3110 καί
705 3040 800 3112 οὐδὲν
824 3047 954 3126 διοίσει,
979 3043 1055 3113 οὐδὲ
1078 3041 1255 3128 ἀντιλέξειί

234 3165 286 3217 τις
307 3144 347 3227 τῇ
370 3136 522 3230 ἀληθείᾳ,
547 3137 630 3207 ἀλλὰ
653 3135 815 3225 ἀληθινὸς
836 3139 957 3221 5559‘
941 3169 959 3208 ο
983 3143 1092 3229 πατὴρ
1108 3170 1163 3210 και
1153 3141 1260 3232 ἀλη

236 3237 335 3316 θινὸς
357 3238 427 3316 υίὸς
450 3235 467 3304 5
490 3239 675 3324 μονογενής.

321 3341 371 3402 33.
395 3333 464 3400 Ἔτι
487 3338 598 3401 δὲκαὶ
621 3338 697 3421 περὶ
721 3339 779 3401 τοῦ
800 3330 895 3451 ἀγίοη
911 3336 1099 3420 πνεύματος
1114 3334 1272 3425 ἀναγκοΡ

197 3431 336 3513 ἳδζομαι
365 3434 424 3495 τοῦ
453 3433 556 3515 λέγειν
579 3431 787 3512 ἐνταῦθα,“
773 3457 827 3498 ινα
847 3431 891 3519 μη
915 3435 1060 3517 παραλεί
1062 3447 1131 3518 ψας
1153 3443 1189 3502 τί
1212 3432 1272 3504 505

235 3538 309 3605 τοῖς
336 3528 549 3611 βουλομένοις
576 3527 711 3612 ἐχθροῖς
732 3529 794 3607 τὰς
817 3525 924 3596 αὑτῶν
929 3531 1031 3647 ἓχειγ
1054 3532 1272 3619 προφάσεις

237 3621 323 3692 οίίτιο
345 3623 482 3709 γὰρκαὶ
505 3625 544 3689 τὸ
565 3629 696 3709 πνεῦμα
718 3624 757 3691 τὸ
780 3623 890 3712 ἅγιον,
914 3623 959 3706 ὥς
982 3624 1080 3706 αὐτὸς
1102 3625 1121 3693 5
1145 3629 1274 3716 κύριος

235 3732 394 3839 μαρτυρεῖ
423 3722 538 3807 λέγων,
566 3721 605 3788 τὸ
633 3726 765 3807 πνεῦμα
791 3728 850 3813 τῆς
877 3709 1039 3812 ἀληθείας
1060 3727 1100 3790 τὸ
1122 3733 1275 3813 πνεῦμα

235 3824 293 3887 τοῦ
321 3818 457 3902 πατρός.
503 3817 580 3886 555
603 3815 807 3901 ἀπόστολος,
831 3826 962 3906 πνεῦμα
983 3825 1144 3905 Χριστοῦ.
1191 3824 1267 3912 ἀρα

197 3921 313 4003 οογοίνν
328 3916 367 3982 τὸ
382 3918 513 4000 πνεῦμα
527 3919 585 4002 τῆς
600 3911 772 4037 ἀληθείας,
789 3921 919 4000 πνεῦμα
935 3917 1107 4004 ἀληθείας,
1124 3926 1261 4040 555555

236 4017 329 4093 θεοῦ,
354 4010 399 4092 ὡς
419 4013 501 4091 θεὸς
522 4008 741 4138 ἀληθιηὸς,
716 4039 762 4092 ως
777 4016 850 4098 φῶς
865 4009 1086 4101 5555tv5v,‘
1061 4043 1107 4096 ως
1120 4024 1260 4107 πνεῦμα

235 4109 372 4193 πατρὸς,
395 4106 444 4189 ἀς
461 4114 592 4194 πνεῦμα
614 4113 695 4179 οἱοῦ.
737 4117 799 4194 μία
819 4109 881 4193 γάρ
900 4110 1034 4227 55155
1057 4113 1168 4199 τριὰς,
1192 4126 1260 4202 μία

234 4199 253 4289 5
283 4205 472 4293 ἀοξολογία,
499 4204 606 4292 μία(
588 4235 607 4294 η
636 4206 826 4292 θεότης,μ
830 4212 865 4271 la
892 4202 1094 4298 ἡκοριότης.
1141 4214 1262 4305 πατὴρ
