2867 5084
825 208 828 215 .

365 362 369 363 ⁷
421 360 437 367 ἢ
479 358 485 363 .
533 358 538 363 .
575 360 579 361 ⁷

162 907 203 972 88
389 923 589 974 mammo?
604 922 700 974 xm
717 923 904 974 Αιειιεοου
921 925 952 974 ο.

163 1073 267 1160 λόγος,
290 1076 343 1140 καὶ
367 1072 473 1158 ἑαυτοῦ
496 1069 709 1157 ἇντιμάχεται
732 1071 750 1139 ὁ
774 1074 895 1160 Μάνης
917 1067 1052 1157 άγνοιῦν.
1083 1068 1183 1162 άφυι-

162 1178 329 1258 ρλσθησον
351 1169 412 1256 γάρ
435 1169 555 1236 λοιπόν
578 1171 612 1237 αἱ
636 1165 744 1238 αῦτιῦν
767 1177 870 1256 ψυχαὶ
893 1171 927 1238 ἐκ
950 1170 1108 1256 διαβόλου
1127 1197 1182 1257 γε·

161 1274 342 1356 γενημέναι,
367 1271 419 1335 καὶ
443 1262 551 1334 οῦκέτι
574 1268 657 1335 εἰσὶν
680 1263 749 1335 άπὸ
771 1273 829 1356 τῆς
851 1267 983 1336 ἄνωθεν
1007 1266 1209 1352 δυνάμεωςο

162 1367 245 1434 κατὰ
272 1365 330 1432 τὸν
359 1360 459 1433 αδτοῦ
481 1369 608 1450 μῦθον,
637 1359 659 1453 ἢ
681 1360 739 1432 οῦκ
761 1367 833 1434 έστι
853 1372 953 1452 μέρος
974 1369 1032 1432 τοῦ
1055 1364 1180 1455 φωτός,

139 1458 183 1551 δῆ
212 1466 404 1544 πανοπλίας
429 1467 488 1529 τοῦ
511 1458 611 1530 αὐτοῦ
619 1515 628 1543 ,
657 1457 758 1549 ἢτοῦ
781 1464 900 1530 στόλου
921 1467 980 1529 τοῦ
1002 1464 1131 1551 φωτὸς,
1161 1459 1184 1552 ἢ

161 1562 285 1650 μητρὸς
307 1565 364 1648 τῆς
387 1564 479 1649 ζωῆς.
511 1562 540 1629 εἰ
563 1563 599 1628 δὲ
621 1558 707 1640 ὅλως
730 1556 823 1628 οὗτοὶ
845 1564 904 1629 τοῦ
924 1561 1089 1646 διαβόλου,
1115 1559 1183 1645 δρα

162 1663 217 1728 καὶ
240 1655 427 1744 όἉβραὰμ
452 1655 469 1724 δ
491 1658 617 1726 τούτων
638 1657 765 1747 πατὴρ,
789 1648 829 1726 οῦ
851 1664 983 1748 σπέρμα
1004 1659 1184 1744 τυγχάνου-

163 1781 215 1825 σιν
244 1753 339 1824 αὐτοὶ
369 1757 400 1823 ολ
420 1751 589 1836 Ἰουδαῖοι,
618 1757 673 1823 καὶ
701 1751 800 1835 αὐτὸς
828 1760 886 1822 τοῦ
915 1755 1072 1840 διαβόλου
1095 1757 1180 1837 ἐστὶ,

162 1855 245 1922 κατὰ
266 1854 323 1920 τὸν
345 1856 402 1918 τοῦ
425 1853 528 1941 Μάνη
551 1855 656 1939 λόγον.
688 1857 763 1933 πῶς
785 1844 842 1920 οῦν
865 1850 882 1919 ὁ
906 1854 1014 1940 σωτὴρ
1037 1854 1183 1940 ἐλεγκτι-

126 1963 154 2012 10
162 1957 227 2031 κῶς
256 1954 342 2036 λέγει
370 1946 484 2030 αὐτοῖς
508 1948 620 2035 “ῦμε1ς
643 1947 702 2019 οῦκ
724 1951 797 2018 ἐστέ
819 1958 914 2018 τέκνα
936 1955 994 2016 τοῦ
1013 1947 1180 2036 Ἀβραὰμ,

162 2046 246 2117 ἀλλὰ
268 2053 326 2115 τοῦ
349 2047 476 2133 πατρὸς
498 2045 588 2132 ῦμῶν
610 2053 668 2116 τοῦ
692 2048 859 2134 διαβόλου.
891 2050 920 2116 εἰ
934 2048 994 2133 γάρ
1011 2038 1067 2134 ἦτε
1080 2055 1182 2116 τέκνα

161 2152 220 2215 τοῦ
240 2142 407 2232 Ἀβραάμ,
436 2146 478 2213 τὰ
501 2148 578 2232 ἔργα
600 2143 700 2213 αι’-τοῦ
724 2147 879 2214 ἐποιεῖτε.
924 2142 1016 2229 ὑμεῖς
1038 2146 1098 2233 γάρ
1124 2147 1182 2235 ζη-

161 2252 248 2313 τεῖτέ
268 2271 310 2329 με
332 2239 537 2324 ἀποκτεῖναι,
562 2243 754 2331 ἄνθρωπον,
779 2243 816 2323 ὃς
830 2244 888 2331 τὴν
903 2239 1065 2331 ἀληθειαν
1081 2245 1180 2312 λελά-

97 2425 100 2431 ,
161 2345 243 2429 ληκα
263 2340 351 2428 ὑμῖν.
379 2347 478 2409 τοῦτο
498 2339 649 2428 Ἀβραὰμ
672 2338 729 2409 οὐκ
751 2341 914 2429 ἐποίησέ.
944 2342 1000 2408 καὶ
1023 2338 1101 2428 ὁρᾷς
1125 2338 1238 2409 guen

125 2440 415 2528 15καταχρηστικός
443 2440 532 2506 ἔστιν
562 2437 580 2507 ὁ
609 2441 720 2527 λόγος·
751 2435 859 2507 αὐτῶν
886 2440 946 2526 γάρ
970 2436 1074 2506 όντων
1096 2440 1182 2507 υλιῦν

161 2544 220 2606 τοῦ
240 2536 391 2623 Ἁβραάμ
419 2542 473 2604 καὶ
501 2543 559 2603 τοῦ
587 2545 699 2622 κυρίου
729 2531 1031 2622 άπαλλοτριοῦντος
1059 2533 1182 2618 αὐτοὺς

162 2635 219 2705 διὰ
247 2639 312 2703 τῶν
342 2637 459 2720 ἔργων,
490 2632 559 2718 οῦχὶ
590 2635 646 2703 διὰ
673 2639 733 2701 τοῦ
756 2635 967 2719 πλάσματος,
997 2630 1019 2722 ἢ
1041 2635 1098 2701 διὰ
1119 2639 1182 2722 τῆς

154 2734 338 2821 ποιήσεως.
383 2729 444 2819 ἤδη
468 2735 578 2799 δὲκαὶ
603 2731 672 2799 άνιο
695 2732 925 2820 διηγησάμεθα
947 2735 1024 2816 περὶ
1047 2732 1179 2800 τούτου.

140 2822 237 2909 ἰἷτιῦς
266 2819 322 2895 οῦν
350 2829 388 2895 τὸ
415 2836 515 2914 μέρος
541 2834 600 2895 τοῦ
629 2826 729 2896 αὐτοῦ
760 2838 949 2915 σπέρματος
978 2830 1072 2897 ἔσται
1092 2833 1181 2899 ποτὲ

124 2929 222 3012 Ἅιμὲν
246 2922 419 3009 ἀλλότριον
440 2930 493 2992 καὶ
516 2931 574 2993 τοῦ
599 2927 766 3012 διαβόλου,
790 2930 873 2995 ποτέ
896 2929 932 2995 δὲ
953 2934 1051 3012 μέρος
1074 2932 1181 3012 3⁶05,-

163 3020 247 3093 ἇλλά
268 3028 365 3090 τοῦτο
389 3025 628 3112 ε’γκληματικιῦς
650 3027 820 3110 διηγεῖται.
856 3016 884 3112 ᾧ
904 3025 965 3110 γάρ
987 3051 1038 3103 τις
1061 3025 1182 3092 ἑαυτὸν

162 3120 355 3202 ῦποτάσσει,
378 3123 496 3189 τοῦτου
519 3125 635 3202 δοῦλος
656 3123 814 3207 τυγχάνει,
837 3125 920 3190 κατά
940 3122 998 3208 τὴν
1015 3123 1181 3209 ἐνέργειάν

160 3226 271 3290 τεκαὶ
296 3221 518 3301 διδασκαλίαν,
542 3217 587 3301 ὥς
608 3224 660 3288 καὶ
685 3217 853 3299 ὁΠαῦλός
876 3245 959 3308 φησι
982 3221 1032 3288 “ei
1045 3220 1106 3307 γάρ
1122 3226 1180 3289 καὶ

161 3318 308 3397 πολλοὺς
331 3319 547 3398 διδασκάλους
569 3320 671 3403 ἔχετε,
699 3312 767 3385 ἀλλ’
792 3314 830 3384 οῦ
853 3317 998 3398 πολλοὺς
1019 3326 1178 3403 πατέρας.

122 3415 196 3484 mv
223 3416 284 3502 γάρ
312 3419 449 3502 Χριστῷ
475 3411 577 3503 Ἰησοῦ
612 3417 667 3486 διὰ
699 3420 758 3482 τοῦ
786 3411 972 3502 εὐαγγελίου
1002 3415 1064 3502 ἐγώ
1092 3413 1181 3499 ὑμᾶς

162 3512 340 3601 έγέννησα”.
371 3517 423 3580 καὶ
448 3510 527 3602 ὁρᾷς
551 3510 602 3582 ὅτι
623 3515 681 3602 τὴν
703 3515 918 3581 διδασκαλίαν
940 3516 1043 3601 λέγει,
1071 3517 1124 3580 καὶ
1148 3516 1209 3583 εἰσ

160 3608 268 3696 μὲν·ὁ
291 3609 411 3698 Μάνης
439 3612 565 3696 ἐδέχετο
594 3612 650 3679 τὸν
669 3609 836 3698 Ἁβραάμ,
871 3612 1022 3696 ἐλέγομεν
1050 3606 1091 3679 ἂν
1118 3611 1179 3679 τὸν

160 3711 220 3796 μὲν
240 3706 390 3794 Ἀβραὰμ
412 3713 471 3775 τοῦ
493 3714 577 3777 θεοῦ
602 3714 661 3776 τοῦ
684 3709 811 3798 φωτὸς,
839 3708 915 3789 τοὺς
938 3711 974 3777 δὲ
995 3703 1050 3775 ὑπ’
1075 3703 1179 3777 αὐτοῦ

161 3812 410 3894 γεγεννημένους
437 3804 547 3873 άλλου.
592 3804 611 3895 ἡ
642 3809 677 3874 δέ
704 3804 871 3886 ὑπόδεσις
892 3810 1010 3874 τοῦτον
1032 3807 1181 3890 ἔχειτὸν

124 3904 297 3991 ουτρόπον.
331 3904 508 3988 έμιμοῦντο
530 3906 588 3972 τὸν
610 3911 724 3992 φονέα,
748 3904 923 3988 ἐμιμοῦντο
945 3904 1003 3991 τὴν
1026 3905 1180 3990 παράδο-

163 4026 217 4069 σιν
237 4006 297 4069 τοῦ
316 3997 427 4082 Ἰοόδα,
450 4004 662 4083 κατεδέξαντο
677 4002 736 4089 τὴν
751 4002 908 4089 διαβολὴν
922 4006 981 4068 τοῦ
997 4001 1179 4086 προδότου,

162 4101 228 4166 υἱοὶ
249 4099 401 4186 γεγόνασι
422 4104 479 4187 τῆς
501 4096 601 4166 αὐτοῦ
624 4100 894 4186 ἔπαρνησιθεΐας,
918 4095 1016 4178 αὐτὸς
1031 4098 1181 4189 ψεύστης

162 4195 297 4280 ἐγένετο,
309 4198 347 4264 τὸ
358 4198 590 4283 γλωσσόκομον
604 4203 747 4280 κατέχων
761 4199 816 4264 καὶ
830 4199 988 4277 κλέπτων,
1005 4196 1061 4263 καὶ
1075 4198 1180 4284 λέγων
1202 4262 1204 4267 .

98 4386 194 4653 N
