2867 5084
230 917 292 981 538
462 930 660 979 ευιυιυιου
675 929 772 979 xm
789 929 978 979 Αιντεααα
993 930 1024 979 r.
1131 936 1139 961 ν

227 1081 380 1166 γυναικὸς
401 1085 574 1162 παρθένου
597 1073 696 1156 αὐτὸς
719 1080 892 1168 ἐγεννήθη,
928 1079 985 1145 ἵνα
1014 1076 1073 1143 τὸν
1102 1078 1252 1146 θάνατον

228 1179 385 1263 ένκλείση,
408 1176 463 1243 καί
485 1176 523 1240 τὸ
545 1176 699 1242 ἐλλεῖπον
714 1175 873 1263 πληρώσῃ
896 1175 1006 1242 καὶτὸ
1020 1170 1251 1260 ἠλαττωμένον

228 1274 395 1361 τελειώσῃ.
441 1279 619 1359 στρέφεται
648 1274 683 1338 δὲ
706 1268 784 1359 ἡμῖν
813 1273 916 1339 πάλιν
938 1267 957 1360 ἡ
980 1279 1096 1353 κακία,
1129 1274 1188 1340 ἵνα
1215 1272 1249 1340 τὸ

229 1369 402 1454 ἐλάττωμα
430 1371 477 1449 εἰς
506 1370 562 1435 τὸν
591 1369 714 1453 κόσμον
744 1369 925 1456 προαγάγη.
974 1363 1043 1435 ἀλλ’
1077 1368 1157 1438 οὔτε
1185 1377 1249 1437 νέοι

205 1465 304 1534 5οότε
331 1474 480 1553 γέροντες
507 1474 689 1534 πείθονται
710 1471 750 1553 τῇ
772 1470 916 1551 γυναικὶ,
950 1467 1007 1533 διὰ
1034 1468 1095 1554 την
1118 1465 1248 1534 άνωθεν

229 1564 455 1653 σωφροσύνην.
494 1560 532 1630 οά
556 1566 669 1644 παίζει
690 1559 709 1649 ἡ
733 1566 909 1649 Αἰγυπτία
930 1563 987 1629 τὸν
1011 1564 1176 1652 σώφρονα
1188 1563 1254 1631 'lw-

229 1663 307 1748 σηφ,
332 1656 407 1727 οὐδὲ
430 1668 661 1745 παρεκτρέπει,
685 1668 851 1747 καίτοιγε
875 1660 931 1727 διὰ
948 1662 1076 1745 πολλῆς
1090 1668 1247 1746 μηχανίας

229 1759 430 1844 ἐργασαμένη
453 1757 491 1822 τὸ
515 1757 622 1824 δεινὸν
645 1758 731 1842 πρὸς
753 1758 810 1824 τὸν
833 1760 941 1823 παῖδα
962 1760 1020 1845 τῆς
1035 1761 1245 1841 συμβουλίας.

229 1851 297 1921 ἀλλ’
316 1851 353 1919 οά
377 1857 531 1935 παίζεται
553 1853 737 1939 ἄνθρωπος
759 1855 793 1921 ἐκ
816 1854 1003 1939 πνεύματος
1024 1850 1120 1938 άγίου
1139 1855 1245 1939 λαβὼν

193 1953 286 2040 ιστην
315 1950 491 2038 φρόνησιν,
526 1947 563 2017 οά
592 1950 630 2018 τὸ
659 1956 795 2040 σῶφρον
831 1947 998 2038 άφανίζει,
1033 1953 1091 2017 ἵνα
1117 1951 1164 2040 μὴ
1193 1953 1265 2022 τίνα

230 2046 391 2134 εὐγένειαν
413 2051 633 2136 κατευτελίση.
672 2049 916 2132 καταλιμπάνει
937 2046 979 2114 τά
1001 2047 1119 2130 ἱμάτια
1142 2049 1199 2116 καὶ
1213 2049 1245 2114 τό

229 2150 326 2230 σῶμα
348 2140 406 2212 οόκ
428 2141 623 2212 ἀπόλλυσιν.
661 2142 903 2230 ἀποδιδράσκει
921 2144 978 2211 τὸν
993 2146 1111 2225 τόπον,
1136 2147 1192 2213 ἵνα
1205 2146 1243 2233 μη

229 2249 314 2329 πίση
338 2246 377 2329 τῇ
399 2246 527 2329 παγίδι.
566 2242 651 2327 πρός
673 2244 787 2326 καιρὸν
810 2254 1015 2327 τιμωρεῖται,
1039 2238 1109 2308 ἀλλ’
1128 2245 1178 2321 είς
1193 2243 1242 2308 τὸν

229 2342 334 2408 αἰῶνα
355 2339 491 2424 βασιλεέ
494 2366 532 2407 ει.
565 2341 599 2406 ἒν
615 2342 829 2427 δεσμωτηρίῳ
844 2341 1011 2424 βάλλεται,
1029 2334 1098 2405 ἀλλ’
1118 2340 1243 2424 αἱρετὸν

193 2439 263 2504 Ιυὲν
286 2439 414 2526 φυλακῇ
436 2444 628 2521 καταμένειν
652 2442 727 2504 “zai
750 2439 783 2504 ἐν
805 2445 909 2524 γωνίᾳ
925 2435 1108 2521 ὑπαίθρου,
1132 2432 1244 2524 ἢμετὰ

227 2534 379 2620 γυναικός
411 2541 554 2617 μαχίμου
590 2538 643 2601 καὶ
677 2536 925 2619 γλωσσιόδους.”
967 2534 1022 2599 καὶ
1057 2533 1152 2600 πόσα
1181 2537 1242 2600 ἔστι

228 2634 350 2717 λέγειν;
388 2630 462 2717 η’τοι
483 2632 544 2716 γάρ
568 2629 613 2709 ὡς
635 2629 736 2719 αάτην
760 2635 1020 2716 προσκυνοῦντες
1034 2631 1094 2717 τὴν
1113 2637 1242 2715 Μαρίαν

228 2725 308 2814 αὐτῇ
332 2735 561 2813 προσφέρουσι
590 2727 648 2815 την
670 2731 847 2814 κολλυρίδα
876 2729 911 2795 αἱ
940 2722 1037 2813 άργαὶ
1067 2718 1169 2795 αὗται
1194 2752 1243 2812 γυ-

229 2837 352 2903 ναῖκες,
383 2822 456 2908 ἤτοι
486 2822 566 2910 ὑπὲρ
597 2822 696 2911 αὐτῆς
724 2832 928 2912 προσφέρειν
956 2825 1166 2909 ἐπιχειροῦσι
1193 2823 1262 2910 τὴνο

190 2927 467 3008 κοπροειρημένην
490 2922 610 3009 ταύτην
634 2924 766 3007 σαθρὰν
789 2923 971 3005 κάρπωσιν.
1008 2920 1047 2987 τὸ
1070 2927 1141 2989 πᾶν
1162 2922 1242 2989 ἐστιν

228 3016 362 3105 ἠλίθιον
385 3018 439 3083 καὶ
462 3014 646 3105 άλλότρισν,
670 3027 724 3087 καὶ
748 3020 782 3086 έκ
804 3019 971 3103 δαιμόνων
992 3018 1152 3099 κινίσεως
1168 3018 1241 3107 φρό-

230 3116 317 3203 αγμά
339 3142 375 3183 τε
397 3119 450 3182 καὶ
474 3112 596 3204 άπάτη.

305 3211 371 3279 Ἵνα
401 3215 436 3280 δὲ
464 3214 507 3302 μὴ
536 3222 801 3298 παρεκτείνιυμαι
829 3218 876 3299 τῷ
907 3213 1008 3299 λόγῳ,
1050 3207 1183 3297 άρκέσει
1207 3208 1241 3276 τά

229 3312 381 3394 εἰρημένα
403 3307 490 3394 ἡμῖν.
530 3307 547 3399 ἡ
567 3318 686 3394 Μαρία
709 3312 743 3377 έν
765 3315 853 3397 τιμῇ,
879 3306 896 3375 ό
919 3311 1030 3394 κόριος
1054 3314 1240 3394 προσκυνεί·

189 3416 321 3473 νῡσθιυ·
353 3402 460 3474 οὐδενὶ
483 3410 544 3493 γάρ
568 3409 758 3493 ἐργάζονται
774 3409 807 3473 οἱ
822 3412 946 3474 δίκαιοι
962 3406 1101 3492 πλάνην.
1133 3405 1240 3474 “dmi-

228 3528 349 3589 ραστος
375 3505 436 3589 γάρ
467 3506 556 3572 ἐστιν
587 3502 708 3584 ὁθεὸς
737 3509 872 3584 κακῶν,”
904 3504 1057 3588 πειράζει
1087 3506 1124 3571 δὲ
1151 3499 1239 3578 αὐτὸς

228 3597 355 3681 οὐδένα,
392 3597 467 3668 οὐδὲ
491 3603 522 3667 οἱ
546 3596 646 3668 αὐτοῦ
670 3604 794 3682 δοῦλοι,
825 3600 910 3685 πρὸς
932 3597 1075 3688 άπάτην.
1115 3603 1239 3674 ἕκαστος

229 3701 264 3766 δὲ
286 3698 479 3782 πειράζεται
501 3700 534 3766 ἐκ
556 3704 614 3785 τῆς
637 3699 724 3777 ἰδίας
754 3699 939 3782 ἐπιθυμίας
961 3698 1172 3781 ἐξελκόμενος
1190 3696 1279 3762 καλιαί

229 3795 467 3878 δελεαζόμενος.
514 3791 584 3862 εἶτα
608 3792 625 3882 ἡ
650 3797 817 3878 ἐπιθυμία
838 3804 940 3861 τίκτει
962 3791 1138 3880 άμαρτίαν,
1171 3788 1188 3881 ἡ
1209 3791 1238 3857 δὲ

191 3890 373 3978 θθάμαρτία
397 3888 665 3959 ἀποτελεσθεῖσα
689 3889 831 3959 ἀποκυεῖ
853 3893 1030 3959 θάνατον.”

309 3988 437 4068 Ἱκανῶς
461 3991 496 4056 δὲ
519 3992 602 4072 ἔχειν
625 3993 702 4071 περὶ
727 3989 862 4056 πάντιον
891 3989 1017 4055 τούτων
1044 3997 1237 4073 νομίσαντες,

227 4082 402 4172 ἀγαπητοὶ,
432 4090 485 4153 καὶ
508 4087 637 4174 ταύτην,
669 4082 713 4164 ὡς
737 4088 856 4167 εἰπεῖν,
884 4087 942 4172 τὴν
963 4089 1165 4172 κανθαρίδα,
1191 4081 1239 4168 τὴν

226 4186 273 4267 τηῦ
296 4186 379 4250 εἴδει
399 4186 459 4268 μὲν
480 4185 706 4268 χρυσίζουοαν,
731 4183 902 4271 πτερωτὴν
922 4185 968 4263 δὲ,
993 4179 1039 4263 ὡς
1055 4185 1173 4263 είπεῑν,
1194 4179 1240 4248 καί
