2867 5084
110 538 115 549 x

191 664 195 671 ι

272 927 335 991 548
497 938 703 989 mammo?
718 938 814 987 xm
831 936 1019 988 ιιοστεασ
1033 937 1063 986 r.

270 1089 382 1176 Σάρρα
403 1087 490 1173 πρὸς
510 1087 568 1155 τὸν
586 1085 738 1174 Ἀβραὰμ
759 1083 850 1171 εἶχεν,
884 1083 930 1166 ὥς
947 1084 1091 1174 Ῥεβέκκα
1112 1089 1161 1173 τῷ
1181 1081 1292 1155 Ἰσαὰκ

271 1191 427 1275 συνῆπτο.
462 1187 491 1253 εί
511 1186 572 1272 γὰρ
593 1192 649 1252 καί
669 1210 757 1264 τινες
777 1189 843 1252 τῶν
864 1191 1017 1272 πατέρων
1039 1184 1097 1251 δύο
1120 1189 1175 1252 καί
1200 1196 1317 1270 τρείςο

269 1295 423 1371 γυναῖκας
445 1282 627 1369 ἐσχήκασιν,
651 1278 708 1349 οόκ
730 1283 764 1350 ἐν
785 1286 847 1369 μιᾷ
869 1283 957 1371 οἰκίᾳ
978 1284 1014 1349 αἱ
1028 1293 1179 1367 γυναῖκες
1193 1273 1288 1367 ἦσαν.

268 1389 388 1467 χοίρων
415 1379 477 1467 γὰρ
506 1380 545 1446 τὸ
572 1382 725 1447 τοιοῦτον
753 1374 841 1458 εἶδος
867 1384 920 1446 καὶ
948 1383 1072 1467 κτηνῶν
1099 1375 1119 1466 ἡ
1149 1382 1288 1468 τοιαύτη

246 1478 443 1566 ισυνάφεια.
482 1468 575 1544 οὗτοι
596 1478 633 1545 δὲ
654 1478 780 1559 μᾶλλον
801 1477 848 1555 είς
870 1478 1024 1563 ἔκπληξιν
1044 1472 1131 1563 ἡμᾶς
1145 1473 1289 1564 ἀναγκό-

270 1576 363 1658 ζουσι
396 1582 523 1663 φέρειν,
562 1575 850 1660 ἐπαγγελλομένων
877 1569 985 1640 αύτῶν
1018 1574 1104 1658 πρὸς
1130 1587 1287 1661 γυναῖκας

270 1673 456 1760 σονάφειαν
482 1672 527 1759 μή
560 1673 660 1754 ἔχειν,
697 1668 888 1739 τούναντίον
920 1673 1046 1756 μᾶλλον
1079 1673 1138 1758 τὴν
1170 1673 1287 1761 χλεύην

269 1766 529 1855 ἀπεργαζόμενοι
549 1771 603 1835 καί
626 1767 684 1853 τὴν
706 1770 833 1836 τελείαν
856 1764 963 1835 αὐτῶν
979 1769 1221 1853 ἐνδεικνύμενοι
1236 1770 1287 1836 al·

269 1867 394 1952 σχύνην.
433 1865 463 1932 εἰ
483 1864 544 1951 γὰρ
566 1867 620 1930 καὶ
642 1864 785 1950 γαμετὰς
807 1860 893 1948 εἶχον
915 1867 948 1932 οἱ
969 1870 1125 1946 τοιοῦτοι,
1154 1867 1287 1952 σπορά-

232 1964 336 2050 ίοδην,
361 1957 418 2029 οῦκ
441 1957 560 2047 ἀναμὶξ
580 1961 702 2040 ταύτας
724 1959 869 2050 ὤφειλον
890 1967 1079 2051 κεκτῆσθαι.
1121 1964 1151 2031 εί
1173 1966 1212 2031 δὲ
1233 1971 1286 2031 καί

269 2060 352 2128 εἰσιν
375 2059 408 2126 ἐν
431 2060 574 2146 συζυγίᾳ,
598 2053 656 2126 οὐκ
679 2059 747 2127 ἔδει
769 2053 888 2139 αύτούς
909 2060 947 2126 τὸ
970 2060 1004 2127 ἐκ
1025 2064 1109 2128 θεοῦ
1131 2064 1284 2130 καταδει-

265 2159 357 2242 χθὲν,
388 2151 507 2243 ἀνδρὸς
527 2155 613 2242 πρὸς
634 2168 771 2243 γυναῖκα
793 2157 983 2245 συνάφειαν,
1012 2159 1096 2243 μετὰ
1124 2154 1283 2246 εύσχημο·
1293 2171 1338 2223 1015

267 2255 366 2343 σόνης
387 2257 440 2322 καὶ
464 2253 661 2341 σεμνότητος
682 2257 736 2321 καὶ
759 2255 942 2343 ἐπιστήμης
963 2258 1016 2322 καὶ
1034 2255 1070 2336 ἐξ
1084 2253 1174 2335 ίδίας
1196 2258 1284 2325 έλευ·

266 2358 385 2436 θερίας
417 2352 474 2419 ἐπὶ
504 2351 543 2418 τὸ
573 2357 674 2435 μέσον
707 2358 869 2440 φέροντας
896 2357 1061 2440 φωρᾶσαι.
1107 2354 1137 2421 εί
1165 2356 1204 2421 δὲ
1232 2357 1284 2422 καί

231 2468 260 2519 15
268 2446 451 2532 ἀπέσχοντο
473 2452 633 2536 γυναικῶν
656 2449 690 2517 έν
706 2445 818 2538 ἁγνείᾳ
831 2454 919 2530 τινές
934 2448 1025 2530 όντες
1046 2449 1101 2517 καὶ
1119 2451 1153 2519 ἐν
1170 2452 1286 2538 έγκρα·

265 2553 354 2633 τείᾳ,
390 2546 562 2634 ἐξύβρισαν
589 2545 778 2615 τὸδίκαιον
811 2549 868 2615 διὰ
894 2552 953 2637 τῆς
974 2544 1132 2635 ἆνοησίας
1158 2551 1219 2618 καὶ
1247 2550 1285 2616 τὸ

265 2647 324 2731 τῆς
346 2639 462 2732 ἀρετῆς
495 2646 680 2728 πολίτευμα
708 2644 765 2711 διὰ
787 2648 845 2729 τῆς
866 2645 900 2712 ἐν
923 2641 1091 2732 ἀφροσύνῃ
1121 2640 1286 2733 όφειδοῦς

266 2740 434 2826 ἐργασίας,
465 2736 503 2806 ού
531 2744 596 2806 τῶν
625 2736 823 2811 ἀποστόλων
850 2747 947 2808 τοῦτο
975 2744 1216 2827 πεπραχότων,
1248 2740 1286 2811 οῦ

265 2840 331 2903 τῶν
360 2837 427 2923 πρὸ
455 2841 521 2904 τῶν
550 2832 747 2906 ἀποστόλων
781 2844 962 2928 προφητῶν
996 2844 1093 2907 τοῦτο
1124 2843 1288 2923 διαταξα·

227 2941 381 3019 Ἀμύνων.

349 3039 378 3100 9.
410 3034 560 3120 Μωυσῆς
581 3035 659 3118 γοῦν
681 3032 715 3130 έν
736 3036 776 3120 τῇ
792 3032 900 3121 ἐρήμῳ
916 3029 1088 3118 ἀναλαβὼν
1103 3036 1162 3125 τήν
1182 3033 1288 3126 ύμνη-

263 3138 378 3218 γορίαν
405 3128 480 3218 ᾄδει
511 3132 558 3217 τῷ
580 3132 652 3216 θεῷ
680 3133 780 3215 ᾆσμα,
816 3126 966 3199 ἀνελθών
997 3127 1066 3198 ἀπὸ
1094 3134 1313 3223 &uiduam

265 3229 401 3315 φάσκων
425 3225 577 3316 “ᾄσωμεν
599 3230 646 3313 τῷ
668 3235 785 3316 κυρίῳ,
815 3227 955 3308 ἐνδόξως
980 3228 1041 3315 γαρ
1071 3230 1284 3313 δεδόξασται,

264 3325 373 3391 ἵππον
395 3323 450 3392 καὶ
472 3321 637 3412 ἀναβάτην
660 3324 795 3409 ἔρριψεν
821 3326 868 3404 εἷς
890 3327 1093 3393 θάλασσαν.”
1138 3325 1227 3411 ὁμοῦ
1250 3331 1286 3397 δέ

226 3420 458 3509 τοίπεφώνουν
481 3418 569 3509 αύτῷ
592 3422 625 3489 οἱ
648 3419 763 3506 ἄνδρες
790 3422 845 3489 καὶ
867 3418 1012 3508 οὐδαμοῦ
1034 3434 1195 3509 γυναῖκες,
1229 3429 1287 3495 ἵνα

263 3517 322 3604 τήν
345 3517 498 3586 εότακτον
521 3522 608 3607 δείξῃ
632 3519 797 3600 διάθεσιν,
820 3521 882 3605 Ιῖνα
902 3521 941 3588 τό
964 3520 1082 3607 σεμνόν
1103 3525 1162 3610 τῆς
1186 3519 1287 3593 εῦτα·

264 3617 335 3696 ξίας
356 3620 415 3683 τοῦ
437 3616 539 3702 νόμον
560 3618 619 3683 τοῦ
641 3620 725 3684 θεοῦ
747 3616 873 3704 κηρύξῃ.
907 3614 979 3686 εἶτα
999 3619 1182 3703 μετέπειτά
1198 3646 1287 3709 φησι

264 3718 339 3782 “nal
360 3717 509 3801 λαβοῦσα
529 3714 675 3799 Μαριὰμ
702 3714 741 3780 τὸ
769 3714 940 3799 τύμπανον
969 3707 1043 3802 ήρχε
1071 3720 1138 3783 τῶν
1164 3743 1286 3804 γυναι·

262 3816 337 3893 κῶν,
350 3815 416 3879 ’καί
438 3813 552 3898 ἔλεγεν,
575 3809 715 3899 ζήσωμεν
729 3815 777 3898 τῷ
799 3819 909 3899 κυρίῳ,
939 3814 1078 3893 ἐνδόξως
1098 3812 1160 3899 γὰρ
1186 3817 1287 3884 δεδό-

225 3910 409 3988 ωξασται.”
444 3915 498 3977 καὶ
526 3920 674 3996 γυναῖκες
701 3904 999 3997 όμοῦζέπεφιόνουν
1027 3913 1067 3998 τῇ
1096 3905 1285 4003 ὃμοτρόπφ

264 4010 316 4074 καὶ
340 4002 410 4074 ἆπό
430 4010 489 4073 τοῦ
511 4002 610 4074 αὐτοῦ
631 4013 744 4093 γένους
758 4002 948 4095 ὑπαρχούσῃ
971 4010 1024 4074 καί
1048 4008 1082 4075 όν
1103 4033 1171 4075 τινι
1195 4036 1286 4097 προ-

265 4104 396 4191 αγοόσῃ,
421 4103 477 4172 διὰ
497 4103 556 4189 τήν
578 4100 825 4194 ἀνεπιστήμονα
846 4107 900 4170 καὶ
919 4103 977 4192 τήν
992 4105 1189 4194 συρφετώδη
1208 4109 1285 4177 διό-

264 4224 355 4266 νοιαν
377 4203 442 4266 τῶν
465 4195 586 4285 ἀναμίξ
606 4201 828 4289 ἐργαζομένων
843 4201 1160 4288 έτεροδιδασκαλίας.
1200 4210 1312 4295 περὶα
