2867 5084
239 891 301 954 484
465 901 670 953 σσιψκαιον
687 900 782 949 xm
799 898 985 949 mmm
1003 900 1030 946 ν.

239 1058 327 1142 ψυχῇ
348 1051 404 1121 καὶ
427 1052 558 1135 σώματι
579 1057 784 1137 προέκοπτε,·
821 1051 876 1117 καὶ
899 1045 977 1138 ὁρᾷς
998 1049 1088 1137 πόση
1114 1056 1170 1130 τίς
1192 1048 1259 1117 έστι

237 1156 436 1238 βεβιασμένη
452 1149 586 1216 διάνοια
596 1153 662 1215 τών
674 1148 732 1215 τὸν
743 1151 819 1215 νοῦν
830 1146 1150 1233 παρεκβαλλὸντωνς
1167 1142 1258 1224 ἀλλὰ,

240 1253 356 1335 φησὶν,
392 1242 431 1314 οῦ
460 1249 543 1332 λέγω
572 1242 625 1313 ὁτι
647 1250 723 1313 νοῦν
751 1249 884 1332 ε’ίληφεν
914 1243 1152 1329 ἀνθρώπινον,
1188 1245 1260 1312 ἐπεὶ,

239 1339 424 1432 ποιήσομεν
453 1340 552 1411 αύτὸν
581 1344 822 1427 ἐπιθυμοῦντα,
852 1344 1091 1427 ἐρεθιζόμενον,
1126 1342 1262 1428 ἐπειδη·

216 1457 302 1529 οπερ
327 1444 359 1511 έν
380 1439 460 1531 ἡμῖν
483 1441 693 1528 ἐπιθυμητὴς
715 1437 733 1506 ὁ
755 1445 832 1519 νοῦς
853 1441 1010 1525 τυγχάνει.
1056 1440 1115 1507 καὶ
1144 1437 1262 1520 ἁπλῶς

128 1547 138 1558 “
238 1541 344 1628 πολλὴ
367 1545 434 1608 τῶν
456 1535 648 1625 ἀνθρώπων
670 1539 846 1623 έρεσχελία,
870 1536 915 1617 ώς
931 1541 1054 1624 εἴρηκεν
1078 1537 1261 1626 “ἒποίησεν

238 1637 256 1704 ὁ
279 1638 360 1716 θεὸς
382 1635 511 1704 ἁπλοῦν
534 1636 667 1703 συνετὸν
690 1634 883 1721 ἀνθρωπον,
917 1632 1009 1702 αὐτοὶ
1033 1636 1071 1701 ἀὲ
1092 1635 1261 1723 ἐποίησαν

238 1735 369 1813 ἑαυτοῖς
392 1732 569 1818 λογισμούς
585 1733 759 1812 πολλούς.”
785 1735 814 1800 εἰ
828 1735 889 1819 γὰρ
906 1730 990 1812 ὁλως
1006 1728 1262 1819 ὁμολογούντων

237 1829 330 1921 ἡμῶν
362 1835 438 1898 νοῦν
472 1831 642 1918 εἰληφέναι
673 1830 731 1896 τὸν
766 1826 982 1917 ἀνθρώπινον
1016 1831 1184 1917 νοησομεν
1216 1833 1262 1911 εἰς

201 1944 231 1994 1⁰
240 1928 356 1997 ἑαυτὸν
378 1931 436 2014 τῆς
457 1924 615 2014 ἡμετέρας
637 1928 847 2006 ἐλαττώσεως
869 1928 911 1996 τὰ
925 1936 1015 2015 μέρη,
1039 1929 1162 2016 πολλῷ
1178 1933 1283 2014 μᾶλῚ

238 2030 295 2094 λον
320 2021 566 2111 ὁμολογούντων
587 2022 680 2113 ἡμῶν
703 2027 808 2111 σάρκα
833 2022 932 2092 αύτὸν
955 2026 1128 2113 εἰληφέναι
1152 2029 1262 2096 δώσο-

237 2151 297 2210 μεν
319 2123 403 2191 κατὰ
423 2123 462 2190 τὸ
483 2130 582 2208 μέρος
603 2127 711 2199 τοῦτο,
735 2125 819 2190 κατὰ
838 2123 895 2191 τὸν
911 2118 1010 2190 αῦτὸν
1025 2125 1124 2208 λόγον
1150 2121 1206 2193 ὅτι
1229 2127 1261 2194 ἓν

239 2225 333 2308 σαρκὶ
355 2216 551 2309 ἠλάττωται,
574 2216 658 2307 ὅπερ
680 2222 724 2306 μὴ
746 2229 883 2306 γένοιτο.
915 2218 960 2300 ιὸς
982 2211 1038 2288 οῦν
1053 2221 1088 2287 έν
1103 2227 1147 2311 τῆ
1165 2231 1262 2308 σαρκί

237 2317 426 2407 ἠλαττώθη,
449 2326 568 2404 καίπερ
591 2313 753 2407 ἀληθινὴν
777 2321 881 2404 σάρκα
903 2321 992 2402 ἔχων,
1023 2319 1137 2386 ἐλθών
1162 2317 1183 2388 ὁ
1207 2322 1263 2389 λό-

202 2435 295 2504 1ογος
317 2411 394 2483 οῦδὲ
416 2417 449 2483 ἐν
470 2420 517 2503 τῷ
541 2420 586 2501 νῷ
608 2417 651 2482 τὰ
671 2416 714 2502 μὴ
738 2424 912 2502 πρέποντα
934 2421 972 2504 τῇ
994 2413 1095 2483 αῦτοῦ
1117 2420 1262 2507 θεότητι

239 2514 463 2601 διανενόηται,
501 2508 569 2580 ἀλλ’
595 2510 659 2580 ὅσα
681 2504 718 2599 ἦν
741 2513 860 2600 εύλογα
882 2517 976 2599 σαρκί
1006 2517 1059 2580 καὶ
1082 2520 1179 2603 ψυχῇ
1209 2519 1262 2585 καί

238 2617 284 2700 νῷ
307 2608 529 2697 ἀνθρωπίνῳ,
557 2615 661 2677 ταῦτα
689 2613 838 2679 ἐπετέλει
860 2612 971 2679 ἐλθών
1000 2607 1018 2677 ὁ
1040 2610 1174 2697 κύριος,
1208 2614 1263 2682 ἵνα

237 2709 281 2795 κη
303 2707 425 2793 ταράξῃ
448 2711 506 2792 τῆς
528 2703 690 2795 ἀληθινῆς
712 2709 869 2793 ἐνσάρκοο
888 2717 1075 2794 παρουσίας
1096 2709 1160 2796 τὴν
1185 2707 1263 2778 ἀκο·

238 2808 389 2872 λσυθίαν.
428 2803 561 2890 εύλογον
583 2804 643 2890 γάρ
665 2796 704 2891 ἦν
727 2816 828 2873 πεῖνα
848 2806 904 2873 καὶ
925 2808 1011 2888 δίψα
1032 2809 1089 2872 καὶ
1110 2808 1285 2892 κάματοςς

200 2907 293 2970 Ἆθκαὶ
314 2898 427 2980 ῦπνος,
459 2897 639 2986 ὁδοιπορία
660 2928 696 2970 τε
717 2906 773 2969 καὶ
795 2905 891 2989 λύπη,
922 2903 1095 2986 κλαυθμὸς
1122 2910 1182 2974 καὶ
1208 2907 1263 2991 έμ-

236 3008 401 3087 βρίμησις.
452 3004 556 3065 ταῦτα
584 3001 620 3067 δὲ
649 2996 844 3079 ἀκολούθως
876 3001 910 3067 ἒν
938 2996 1026 3086 αύτῷ
1054 3004 1264 3072 τελεσθέντα

322 3202 373 3263 27.
409 3189 454 3263 Oi
478 3195 538 3281 γὰρ
560 3202 744 3282 γέγραπται
766 3193 819 3261 ὅτι
841 3196 1052 3280 ἐπεθύμησεν
1067 3196 1263 3283 ἐπιθυμίαν

238 3294 375 3381 φαύλην.
407 3290 536 3380 ἀγαθὴν
559 3294 595 3360 δὲ
618 3293 805 3376 ἐπιθυμίαν
825 3294 1017 3380 ἐπεθύμησε
1032 3293 1147 3382 φήσας
1165 3296 1265 3365 *(έπι·

199 3395 346 3476 πθυμίᾳ
368 3390 567 3476 ἐπεθύμησα
587 3393 685 3456 τοῦτο
707 3391 746 3455 τὸ
762 3391 883 3473 Πάσχα
905 3401 1023 3478 φαγεῖν
1041 3389 1120 3475 μεθ’
1138 3388 1266 3478 ὁμῶν.”

237 3486 405 3570 ἐπιθυμία
433 3487 468 3552 δὲ
497 3487 531 3554 ἐκ
552 3487 715 3574 θεότητος
742 3481 781 3553 ού
802 3496 937 3573 γίνεται,
967 3484 1043 3555 οῦδὲ
1071 3488 1109 3556 ἐκ
1138 3492 1266 3577 σαρκὸς

234 3582 428 3670 μονωτάτης
455 3578 532 3650 οῦδὲ
560 3584 595 3651 bx
622 3588 730 3670 φυχῆς
757 3583 914 3673 ἀνοήτου,
952 3581 1037 3652 ἀλλὰ
1063 3585 1100 3653 cu
1129 3591 1265 3670 τελείας

235 3678 523 3766 ένανθρωπήσεως
550 3682 704 3765 σώματος
730 3686 784 3749 καί
811 3687 870 3749 τοῦ
893 3687 950 3750 νοῦ
971 3685 1025 3750 καὶ
1049 3685 1183 3765 παντὸς
1206 3677 1288 3764 οὸ·ο

235 3802 326 3856 τινος
346 3781 405 3843 τοῦ
428 3777 461 3845 έν
489 3772 662 3867 ἀνθρώπῳ
690 3781 914 3866 τυγχάνοντος.
960 3781 1032 3864 ἔσχε
1058 3779 1123 3867 γὰρ
1154 3787 1266 3852 ταῦτα

196 3874 347 3942 εοέλθών
369 3870 387 3940 ὁ
409 3875 519 3960 λύγος,
554 3879 651 3959 σῶμα
677 3877 733 3943 καὶ
756 3877 863 3964 ψυχὴν
890 3880 945 3944 καί
967 3880 1043 3944 νοῦν
1065 3877 1124 3945 καὶ
1147 3881 1267 3951 πάντα

237 3972 269 4038 εί
289 3998 323 4038 τι
345 3971 433 4040 ἐστίν
456 3969 648 4059 ἀνθρωπος,
669 3977 770 4059 χωρίς
793 3972 964 4062 ἁμαρτίας,
990 3977 1091 4060 χωρὶς
1113 3975 1267 4047 ἐλαττώ-

235 4093 348 4151 ματος,
381 4069 523 4138 κατὰτὸ
545 4070 714 4157 εἰρημένον
745 4078 1010 4157 *πεπειραμένος
1038 4072 1126 4140 κατὰ
1148 4077 1267 4147 πάντα

236 4159 282 4241 ώς
303 4163 494 4250 ἀνθρωπος,
520 4169 622 4252 χωρίς
644 4163 834 4254 ὁμορτίας.”
872 4169 903 4236 εί
925 4170 960 4236 δὲ
987 4169 1031 4237 τά
1058 4169 1178 4242 πάντα
1201 4202 1268 4246 πε-
