2867 5084
592 990 765 1039 rnntt‘ntto.
1158 997 1186 1038 tx

90 1193 94 1199 .
162 1143 195 1199 ad
211 1143 325 1199 uerbum
343 1160 478 1217 expresse,
503 1144 550 1199 sed
567 1161 648 1218 saepe
664 1143 775 1200 liberius
791 1146 967 1210 conformate,
991 1165 1022 1202 ex
1039 1140 1187 1222 Epipbnnio

165 1229 311 1302 excerpsit,
335 1229 408 1300 quod
432 1229 579 1302 specimine
596 1231 737 1302 proposito
753 1231 859 1286 ostendi
876 1232 901 1285 in
919 1231 1087 1288 Praefatione
1110 1234 1188 1289 rolu-

163 1313 242 1369 minis
266 1314 344 1386 primi
369 1331 394 1385 p.
412 1313 620 1369 xxiv—xxix.

250 1398 387 1470 Expositis
409 1415 479 1471 nime
503 1398 535 1452 dc
560 1399 652 1454 codiee
676 1400 780 1457 letiensi
805 1402 918 1473 eiusque
948 1400 979 1454 nd
1009 1401 1092 1456 libros
1116 1406 1188 1458 nnti-

163 1484 277 1557 quiores
301 1483 451 1538 rntionibus
475 1483 586 1538 dicenda
616 1494 690 1539 erunt
722 1485 846 1558 sequeitur
875 1495 904 1539 ut
934 1487 1062 1540 nonnulla
1091 1488 1184 1542 nitidam

164 1568 197 1623 dc
221 1569 327 1622 Penurii
356 1567 494 1622 codicibus
519 1568 715 1623 Vrntisicuiensi
745 1578 771 1623 et
794 1569 929 1629 Parisino.
963 1571 1061 1625 seculis
1091 1575 1185 1643 cpiinto

163 1663 298 1726 sextoque
321 1653 425 1707 ciceimo
454 1653 579 1725 scriptis,
610 1654 764 1726 corticisque
789 1654 1019 1718 vindomensis,
1054 1656 1099 1727 qni
1129 1658 1186 1727 ipse

165 1754 275 1809 ortoque
299 1738 503 1792 recentissimus
527 1747 577 1798 est.
603 1739 768 1810 traginento:
799 1756 868 1811 ιμιιιι
892 1739 974 1794 iibros
999 1739 1116 1794 diceriter
1137 1740 1187 1796 ‹lc-

163 1823 260 1895 scripsi
284 1823 310 1876 iu
337 1822 502 1877 Prnebitionc
525 1823 667 1878 voiiuninis
690 1824 767 1895 primi
791 1843 817 1897 p,
835 1824 952 1878 i'-b'ii.
991 1824 1088 1878 Eorum
1114 1834 1187 1881 tnntn

164 1916 206 1961 cst
229 1924 291 1961 enm
315 1906 408 1962 codiee
424 1907 529 1961 ienensi
547 1907 692 1962 similitudo
716 1919 743 1963 et
760 1910 784 1963 iu
802 1909 940 1964 erroribus
957 1910 1090 1963 interdum
1109 1910 1186 1983 pieme

165 1990 350 2063 singularibus
373 1993 518 2047 consensio
543 2002 571 2046 nt
595 2009 649 2047 non
674 1993 851 2048 dubitandum
869 1995 990 2048 videntur
1004 1995 1068 2065 quin
1087 2004 1133 2049 erit
1156 2014 1187 2050 ex

165 2080 224 2149 ipso
248 2078 302 2130 siut
325 2076 435 2131 derivati
464 2085 524 2136 neit.
559 2077 632 2148 qnod
662 2078 756 2132 eodem
786 2079 870 2139 redit.
901 2096 931 2134 ex
962 2078 1013 2133 edio
1043 2079 1187 2150 exemplari

164 2162 238 2234 quod
262 2162 350 2232 ipsum
374 2178 484 2234 utroque
507 2161 611 2216 letiensi
642 2164 713 2217 oumi
744 2181 775 2216 ex
805 2173 880 2235 purte
909 2162 1072 2217 sirniliiuunu
1098 2165 1185 2228 iecerit,

163 2246 236 2300 unde
260 2247 412 2319 descriptus
442 2263 502 2302 esse
530 2249 616 2320 possit
640 2247 851 2301 Vrutisinrieusis
882 2258 908 2302 et
936 2265 967 2302 ex
991 2248 1186 2303 Vrntisinriensi

165 2348 262 2385 rursus
286 2331 432 2385 Parisinus.
478 2331 549 2399 Qtrns
574 2331 793 2403 ‹prinestinncuins
818 2333 931 2385 fortusse
960 2330 1064 2386 solvere
1088 2333 1188 2403 {scilecit

166 2416 211 2487 qni
242 2415 361 2470 codicem
390 2426 537 2488 utrumque
568 2424 654 2470 totum
685 2431 745 2469 ιιιιιι
778 2415 881 2468 letiensi
918 2432 1075 2486 eonrpnrnrc
1104 2417 1184 2479 rodet,

164 2517 220 2572 quo
254 2500 346 2555 inbono
380 2501 551 2573 suscipiendo
586 2517 637 2572 ego
675 2516 725 2555 nec
762 2508 868 2572 tempus
905 2516 993 2572 neque
1028 2501 1185 2571 exponendo

166 2584 236 2638 tottii
259 2587 408 2658 scripturae
431 2586 585 2640 diversitate
608 2585 715 2639 clinrtns
738 2585 852 2657 perdere
875 2584 955 2639 rottei.
1001 2587 1186 2640 Certissinmm

165 2678 208 2724 est
232 2670 302 2723 enim
327 2670 366 2725 rel
390 2686 422 2724 en
445 2670 476 2724 iis
500 2686 568 2742 quac
592 2670 680 2724 ιιιΙΙιιιιι
704 2687 734 2723 ex
752 2669 826 2724 libris
850 2669 900 2724 iliis
924 2669 963 2723 rei
986 2669 1019 2723 nb
1042 2670 1099 2723 nbis
1122 2680 1187 2727 sunt

165 2753 270 2826 prointn
294 2754 334 2809 rei
357 2755 389 2809 ab
413 2771 455 2809 mc
472 2755 531 2827 ipso
548 2763 665 2817 enotntn,
690 2755 907 2827 quotiescunque
923 2754 956 2807 nii
972 2755 1064 2809 codice
1082 2755 1186 2811 ienensi

164 2840 330 2912 discrepent.
355 2839 434 2895 toties
458 2838 588 2894 diversunt
612 2857 705 2894 cortem
723 2841 883 2913 scripturum
899 2838 1069 2894 librariorum
1094 2840 1187 2895 deberi

164 2925 205 2978 rel
231 2922 379 2987 erroribus,
404 2925 449 2997 qui
473 2941 527 2978 nou
551 2925 629 2996 ponci
651 2934 724 2987 seint,
756 2924 796 2977 rel
820 2925 993 2987 coniecturis,
1024 2924 1122 2996 quibus
1145 2927 1187 2980 lc-

165 3011 238 3063 riorn
262 3009 362 3064 codicis
385 3009 523 3081 nrebctypi
548 3009 608 3063 sitin
631 3040 672 3048 —
702 3026 762 3062 nem
787 3010 906 3081 grauiora
931 3026 1063 3082 nusquam
1088 3012 1187 3083 tetigu-

165 3102 231 3148 runt
252 3124 292 3134 —
317 3095 453 3165 corrigere,
469 3093 642 3154 studuerunt,
668 3095 740 3147 utin
758 3095 914 3165 qirornmiis
931 3095 1093 3166 scriptorum
1111 3094 1187 3148 eodi-

163 3179 242 3233 cibus
266 3178 299 3232 eli
323 3177 438 3232 librariis
462 3179 560 3233 fectum
584 3179 713 3239 virbonus,
749 3179 799 3233 etsi
822 3195 855 3232 nc
880 3178 931 3233 boc
954 3179 1061 3252 qnidem
1086 3178 1186 3253 otiique

164 3264 236 3318 bene
259 3263 291 3318 iis
313 3265 405 3325 cessit,
440 3279 489 3317 nec
518 3279 579 3318 roro
609 3263 649 3317 rei
679 3280 742 3316 sonu
773 3272 954 3336 corruperunt
984 3264 1025 3317 rei
1058 3270 1185 3335 cerrnpte

162 3335 280 3403 ulterius
303 3349 491 3420 depravarunt.
528 3346 627 3402 biidtne
650 3348 801 3402 istiusmodi
825 3349 1020 3412 correctiones,
1044 3365 1110 3420 qum
1135 3348 1186 3403 re-

162 3434 249 3490 tusius
273 3450 305 3487 ex
327 3432 395 3487 libro
419 3432 540 3488 Parisino
563 3448 646 3488 nores
670 3441 696 3487 et
719 3432 804 3487 codici
828 3433 864 3488 iiii
888 3433 1011 3505 proprias
1039 3432 1185 3507 protulisse

161 3519 213 3573 sibi
237 3518 311 3573 risos
334 3526 405 3582 eret,
440 3533 598 3573 communes
622 3518 645 3571 ei
669 3526 734 3571 seint
762 3534 823 3571 eum
846 3518 940 3572 codice
964 3518 1083 3586 ienensi,
1114 3518 1185 3590 quirici

163 3603 226 3658 seiri
249 3603 390 3659 nPetnvio
413 3619 466 3657 non
490 3611 606 3676 poterut,
631 3618 714 3673 qirirm
734 3618 789 3656 uon
806 3603 925 3656 codicem
942 3601 1081 3656 iettensem
1098 3603 1186 3674 ipsimi

160 3688 195 3742 ad
218 3704 328 3743 manum
352 3685 479 3751 baberet,
510 3687 557 3742 scd
586 3686 642 3741 soie
673 3695 799 3741 uteretur
827 3687 944 3742 editione
967 3687 1088 3759 principe
1111 3686 1186 3742 bosi-

161 3773 258 3836 iecnsi,
283 3772 317 3828 de
339 3788 392 3845 qun
415 3788 488 3827 utine
511 3771 575 3826 mibi
600 3781 642 3826 est
664 3771 817 3825 dicendum.

248 3847 379 3912 Eilitionis
396 3855 565 3921 Basileeusis,
588 3872 659 3929 quoe
674 3873 698 3911 n.
718 3858 795 3913 1544
819 3855 927 3929 prodiit,
952 3864 1090 3910 niretorenr
1107 3855 1186 3909 ionu-

161 3958 224 3999 nem
248 3941 399 4016 oporinum
427 3941 488 3996 solo
517 3957 595 3997 nsum
625 3957 686 3996 esse
714 3940 838 3996 norimus
867 3939 960 3995 codice
984 3941 1103 4002 ienensi,
1139 3939 1185 4010 qui

161 4036 218 4083 tum
243 4025 375 4099 temporis
398 4041 429 4081 ex
452 4024 560 4080 citrobus
583 4025 726 4081 constabat
749 4023 939 4086 voluminibus,
972 4040 1088 4097 uiuorum
1111 4026 1185 4096 prius

162 4110 269 4168 Pinarii
292 4118 396 4184 partem
414 4109 534 4184 priorem
550 4111 721 4183 complexum
737 4112 746 4173 t
751 4128 776 4183 p.
791 4112 909 4166 1—604
927 4109 969 4163 ed.
987 4109 1058 4179 Pet.)
1074 4117 1184 4180 postero

163 4206 288 4270 temporo
310 4203 359 4251 aut
380 4194 461 4268 periit
476 4202 524 4250 aut
538 4195 565 4249 in
582 4193 642 4250 ioco
658 4196 753 4267 ignoto
770 4194 844 4259 latet,
868 4194 983 4249 aiterum
999 4193 1072 4267 qiiod
1088 4209 1187 4265 snper-

164 4291 205 4339 est
227 4267 340 4338 attium
363 4279 557 4354 complectitur
584 4287 689 4352 portem
718 4279 823 4335 Pinarii
852 4295 914 4334 curn
937 4281 1082 4343 Ancorato,
1113 4281 1186 4333 Anc-
