2867 5084
243 930 303 991 174
467 941 674 992 σσιψκσιου
690 941 787 991 xm
804 941 992 991 κινστιιαα
1008 943 1039 991 ο.

239 1092 362 1172 λούσας
382 1090 438 1158 καὶ
459 1091 498 1156 τὸ
521 1085 651 1177 ἀγαθὸν
673 1091 721 1170 εἰς
743 1093 872 1179 φαῦλον
893 1094 947 1159 καί
970 1091 1009 1157 τὸ
1032 1095 1106 1178 φῶς
1121 1092 1171 1172 είς
1185 1092 1264 1160 σκό-

239 1215 305 1269 τος.
349 1201 422 1267 τοῖς
448 1189 509 1273 γὰρ
538 1189 703 1268 τοιούτοις
731 1191 865 1268 τελείως
893 1185 960 1255 ὑπὸ
986 1192 1045 1254 τοῦ
1067 1197 1183 1274 κυρίου
1205 1191 1263 1257 διὰ

238 1292 298 1353 τοῦ
321 1284 415 1371 ἁγίου
434 1281 574 1353 Ἡσαΐου
595 1286 635 1352 τὸ
657 1280 731 1352 οάαί
756 1282 909 1371 ὁρίζεται,
933 1296 1005 1365 τοῖς
1026 1286 1069 1352 τὰ
1083 1283 1201 1372 ἀγαθά
1216 1289 1263 1367 είς

239 1383 323 1451 κακὰ
344 1383 596 1468 μεταβάλλουσι.
626 1387 679 1450 καί
703 1383 786 1463 θεὸς
807 1378 953 1467 οὐδαμοῦ
975 1385 1084 1463 αἴτιος
1105 1387 1174 1451 τῶν
1192 1409 1263 1452 τοι·

215 1479 356 1559 δοότων,
380 1476 485 1547 ἀλ’”λ
467 1506 603 1560 εκαστσς
624 1481 750 1547 τούτων
772 1475 793 1567 ἢ
814 1481 898 1548 κατὰ
915 1478 1159 1561 κενοδοξίαν,
1136 1509 1156 1567 η
1180 1483 1262 1549 κατὰ

240 1573 472 1665 πρόληψιν,
451 1607 470 1666 η
492 1605 575 1645 κατα
597 1573 884 1665 ἐθελοσοφίαν,”
860 1605 881 1699 η
905 1578 989 1645 κατὰ
1010 1581 1120 1666 οιήσιν
1143 1524 1261 1695 δαιμο-

240 1676 352 1761 νιώδη,
377 1676 572 1754 egemus·
533 1702 591 1761 της
613 1671 791 1762 ἀληθείας,
816 1679 870 1742 καὶ
892 1680 939 1763 τῷ
961 1677 1075 1763 κόσμῳ
1097 1676 1260 1764 παρειση-

239 1797 318 1886 γαψε
344 1776 485 1887 θλίψιν,
519 1772 578 1857 τὴν
606 1768 714 1839 αὐτῶν
741 1780 939 1860 ιιοχθηρίαν.
984 1780 1065 1860 φέρε
1096 1799 1177 1890 γουν
1205 1774 1304 1852 διάγω

230 1869 362 1955 ταύτης
388 1872 447 1954 τῆς
475 1871 592 1950 λέξεως
620 1871 893 1955 διαλάβωμεν,”
877 1896 931 1937 ινα
958 1874 1086 1955 γνῶμεν
1117 1871 1161 1938 τὰ
1194 1867 1260 1938 ἀπὸ

204 1973 353 2049 Ιοκυρίυυ
378 1968 595 2054 λελαλημίνα,
625 1963 671 2045 ῶς
693 1993 795 2055 φησιν
819 1964 837 2033 ὁ
860 1965 954 2053 ἀγιος
975 1963 1166 2049 ἀπόστολος
1188 1972 1258 2036 “mi

241 2058 336 2150 ἡμεῖς
363 2069 495 2148 πνεῦμα
522 2067 606 2130 θεοῦ
635 2065 765 2148 ἔχομεν,
794 2066 850 2132 ἵνα
876 2070 1003 2150 γνῶμεν
1024 2065 1067 2133 τά
1088 2062 1155 2133 ῦπὸ
1179 2069 1259 2134 θεοῦ

239 2167 444 2245 χαρισθέντα
466 2157 560 2249 ημῖν,
591 2159 612 2228 ἀ
634 2165 687 2228 καὶ
711 2164 890 2245 λαλοῦμεν”
910 2166 966 2229 καλ
986 2161 1029 2229 τὰ
1050 2163 1133 2251 ἑξῆς.
1179 2165 1258 2252 φησί

240 2263 319 2343 γοῦν
341 2255 359 2325 ό
382 2258 494 2343 κόριος
516 2259 594 2338 “δός
616 2254 731 2339 αὐτοῖς
753 2259 837 2347 ζωὴν
860 2262 943 2343 ἔχειν
958 2260 992 2327 ἐν
1007 2261 1148 2340 ἑαυτοῖς.
1180 2257 1260 2346 αῦτη

242 2357 278 2423 δέ
307 2357 396 2423 ἐστιν
424 2352 444 2442 ἡ
473 2356 608 2436 αἰώνιος
631 2357 711 2444 ζωὴ,
735 2359 792 2424 ἵνα
812 2359 999 2443 γινωσκωσί
1021 2381 1059 2424 σε
1079 2358 1138 2424 τὸν
1159 2358 1260 2444 μόνον

201 2476 232 2527 15
241 2448 403 2540 ἀληθινὸν
425 2453 518 2534 θεόν,
541 2458 595 2520 καί
619 2454 657 2521 ὃν
679 2451 879 2533 ἀπέστειλας
897 2452 1021 2541 Ἰησοῦν
1043 2457 1219 2541 Χριστόν”.

326 2557 376 2618 29.
404 2546 579 2638 ’Λναπηδᾷ
602 2553 637 2617 δὲ
659 2557 764 2619 κυκῶν
787 2543 883 2632 οὗτος
905 2550 1068 2637 δ”Αρειος
1082 2557 1135 2620 καί
1153 2555 1186 2621 σί
1202 2547 1256 2622 ἀπ’

147 2698 153 2716 .
241 2643 351 2726 αὐτοῦ,
375 2673 431 2713 και
422 2647 594 2734 λέγουσι,
617 2647 656 2713 τό
680 2645 766 2728 ὅλως
789 2647 953 2729 εῦξασθαι
970 2676 1016 2736 τῳ
1001 2654 1115 2737 θεῷ,
1139 2663 1194 2718 καὶ
1210 2654 1259 2719 λέ·

239 2770 308 2830 γειν
338 2744 464 2828 “πάτερ
493 2744 550 2824 δὸς
578 2740 694 2824 αὐτοῖς
722 2747 807 2835 ζωὴν
840 2748 985 2830 ίχεινέν
969 2747 1175 2829 νέαυτοῖςξ
1204 2745 1279 2819 οάκο

242 2840 377 2908 ἔστιν’Ι
363 2865 435 2919 ισος
462 2846 510 2929 τῶ
532 2849 709 2928 παρέχοντι
731 2845 791 2960 την
814 2845 907 2933 ζωην.
952 2846 982 2912 ει
1003 2836 1127 2933 γὰρῆν
1109 2847 1185 2914 νίκ
1207 2852 1261 2934 τῆς

197 2941 299 3009 νυτοῦ
323 2935 510 3023 πατρὸς)
474 2947 603 3020 ουσίας,
632 2935 733 3021 αῦτὸς
754 2937 794 3008 ἀν
817 2942 981 3027 ίχαρίζετο
1003 2941 1061 3029 τὴν
1084 2945 1186 3033 ζωὴν,
1209 2948 1260 3012 καλ

239 3060 297 3103 ουκ
326 3031 366 3103 ἀν
394 3033 505 3124 ᾐτεῖτο
529 3038 586 3104 τὸν
608 3045 739 3124 πατέρα
762 3042 876 3106 δοῦναι
898 3052 971 3119 τοῖς
992 3040 1257 3125 λαμβάνουσι
1223 3069 1264 3110 τσ

238 3129 294 3201 ὑπ
319 3130 421 3202 αὐτοῦ
449 3136 608 3221 διδόμενα
637 3132 678 3202 δι’
704 3137 877 3224 αἰτήσεων.
922 3141 976 3204 καί
1007 3132 1065 3204 οῦκ
1094 3139 1210 3206 ι’σασιν
1232 3139 1267 3207 οἱ

238 3228 314 3298 καθ
332 3234 513 3301 ἑαυτῶν
480 3261 538 3321 την
562 3234 714 3302 διάνοιαν
737 3232 1040 3318 διαστρέψαντεςυ
1021 3259 1075 3301 οτι
1093 3235 1136 3303 τὰ
1150 3238 1293 3305 πάντα·

240 3323 258 3393 ό
280 3330 458 3416 μονογενὴς
486 3323 605 3417 ἦλθεν,
635 3333 691 3399 ἵνα
711 3339 844 3420 γένηται
869 3328 946 3415 ὑμῖν
969 3328 1189 3418 ῦπογραμμὸς
1211 3338 1265 3403 καλ

198 3433 402 3510 νισωτηρία,
432 3434 534 3510 μέσος
561 3429 666 3508 ἑυτῶς
692 3435 752 3495 τοῦ
781 3428 922 3512 κόσμου,
958 3425 1001 3508 ῶς
1031 3430 1088 3497 ἐπὶ
1117 3433 1267 3518 θεάτρου

240 3518 389 3608 ἀθλητοῦ
419 3525 527 3611 δίκην,
558 3527 752 3607 διαλύοντος
781 3526 892 3594 πάντα
919 3526 961 3594 τά
987 3527 1071 3593 κατὰ
1098 3532 1159 3616 τῆς
1184 3525 1267 3620 άλη-

239 3627 339 3699 θείας
362 3620 609 3701 ἐπαναστάντα,
641 3624 675 3691 ἕκ
696 3651 732 3693 τε
754 3629 813 3712 τῆς
835 3620 996 3704 ἀπιστίας
1018 3624 1073 3690 καὶ
1095 3649 1267 3714 συκοφαν-

238 3725 313 3797 τίας
335 3720 387 3785 καί
411 3719 539 3805 πλάνης
561 3720 736 3804 διαβόλου,
764 3749 811 3810 πη
833 3725 894 3806 μὲν
917 3720 973 3789 διά
996 3722 1265 3811 εἰδωλολατρίας,

240 3844 286 3905 πη
312 3818 348 3883 δὲ
371 3815 427 3883 διὰ
446 3812 622 3903 Ἰουδαϊκης
644 3819 812 3906 οἰκήσεως,
836 3845 883 3905 πη
907 3822 943 3886 δὲ
959 3814 1000 3884 δι’
1019 3814 1190 3901 ἀπιστίας,
1214 3828 1315 3914 πῆς

199 3915 277 3983 ουδὲ
305 3913 362 3980 διὰ
389 3940 447 4003 της
469 3915 642 4000 ἀπάρσεως
664 3921 723 4004 τῆς
743 3921 810 3984 τῶν
832 3911 1025 4000 ἀνθρώπιον
1048 3915 1265 4040 ὑπολήψεως,

240 4011 295 4076 ι’να
323 4013 439 4100 διδάξη
470 4037 547 4092 τους
574 4009 779 4100 ἀνθρώπους
806 4026 1100 4100 ταπεινοφρονεῖν,
1128 4021 1190 4083 τοῦ
1219 4021 1267 4108 μή

240 4131 315 4173 τινα
337 4110 453 4177 ἑαυτὸν
476 4106 668 4199 ηγήσασθαί
688 4138 723 4178 τι
744 4106 977 4192 ἀνθρωπος
950 4136 1012 4191 ων,
1040 4107 1108 4178 ἀλλ’
1135 4114 1185 4194 είς
1206 4117 1270 4188 τὸν

241 4209 370 4285 πατέρα
397 4213 462 4274 τῶν
491 4207 577 4276 ὅλων
606 4205 782 4296 ἀναφέρειν
812 4203 851 4270 τὸ
873 4210 951 4274 πᾶν.
997 4236 1052 4276 και
1043 4208 1132 4276 διὰ
1151 4218 1269 4300 τοῦτο,
