2867 5084
214 983 255 1046 22
435 994 637 1046 ευιυιαιοι
653 992 748 1045 xm
765 995 951 1046 ιιειιεειιυ
965 999 995 1046 α.

212 1147 260 1230 τῶ
283 1143 525 1231 νοσηλευομένηι
547 1143 644 1210 παιδὶ
666 1149 726 1212 τοῦ
746 1146 917 1232 βασιλέως.
961 1146 1054 1224 τέλος
1074 1148 1154 1233 γοῦν
1177 1147 1224 1224 είς

212 1240 272 1320 τὰς
291 1251 402 1326 χεῖρας
423 1235 523 1309 αῦτυῦ
545 1241 683 1329 θνήσκει
702 1241 742 1308 τὸ
762 1241 946 1327 μειράκιον,
974 1242 1029 1308 ἵνα
1051 1243 1162 1310 πάντα
1183 1243 1226 1308 τὰ

213 1337 297 1422 μετὰ
317 1341 375 1403 τοῦ
397 1337 542 1417 ψεύδους
556 1340 756 1426 διελέγχηται
769 1338 895 1424 μάταια
909 1338 1148 1425 ἐπαγγέλματα.
1181 1335 1226 1418 ῶς

216 1434 369 1501 δὲταῦτα
392 1432 496 1514 σῦτως
517 1430 640 1522 άπέβη,
669 1436 899 1522 προστάγματι
919 1439 1080 1523 βασιλικῷ
1102 1435 1276 1520 ἐμβάλ-σιε

191 1531 307 1599 5λεται
330 1532 375 1612 είς
396 1531 434 1598 τὸ
457 1533 689 1622 δεσμωτήριον.
730 1528 768 1599 οῦ
789 1533 850 1619 γὰρ
873 1531 973 1612 εῦθῦς
995 1534 1027 1599 ολ
1048 1536 1114 1599 τῶν
1136 1539 1228 1617 Περ-

216 1631 284 1695 σῶν
309 1631 459 1723 βασιλεῖς
486 1631 546 1709 τὰς
572 1637 732 1716 τιμωρίας
752 1630 834 1698 κατά
855 1635 920 1697 τῶν
942 1631 1001 1710 τὰς
1022 1631 1151 1715 μείζους
1174 1629 1228 1697 αι’η

162 1809 166 1817 ·
214 1733 288 1806 σίας
308 1731 373 1795 τῶν
397 1723 594 1815 άιοπήματα
620 1729 771 1813 δρώντων
800 1729 1030 1816 ἐπιφέρουσιν,
1060 1723 1144 1794 άλλὰ
1165 1753 1229 1794 πε-

215 1830 403 1910 ριττοτέραν
430 1824 505 1891 τινὰ
527 1824 700 1892 ἐπινοοῦσι
721 1825 902 1912 θανατικὴν
926 1829 1041 1912 ψηηνσν
1062 1824 1146 1909 μετὰ
1166 1832 1230 1909 βα-

217 1919 326 1989 σάνων
352 1920 430 2000 τοὺς
451 1921 752 2006 ἐπαπειλουμένους
774 1925 1003 1990 διατίθεσθαι.
1047 1925 1230 1988 καὶταῦτα

156 2017 277 2101 ’λθμέν
299 2014 412 2098 σῦτως.

303 2124 332 2182 5.
359 2111 510 2201 Ἐπέμενε
532 2118 568 2184 δὲ
588 2120 628 2204 τῇ
651 2118 757 2205 εἱρκτῆ
774 2118 931 2183 διατελῶν
954 2113 1116 2202 ῦΜάνης,
1141 2110 1229 2182 δκαλ

217 2211 410 2299 Κοῦβρικσς,
437 2217 490 2281 καὶ
512 2210 580 2282 ῦπὸ
601 2219 666 2282 τῶν
690 2215 784 2282 ἰδίων
804 2218 965 2301 μαθητῶν
988 2212 1232 2296 ἐπισκεπτόμε-

217 2333 282 2391 νος.
312 2310 372 2401 ἤδη
395 2312 455 2399 γὰρ
479 2308 496 2378 δ
519 2307 656 2401 ἀγύρτης
677 2311 872 2399 συναγήοχεν
886 2312 991 2398 ἑαυτῷ
1011 2310 1160 2395 στρατὸν,
1185 2306 1232 2388 ῶς

220 2406 336 2490 εἰπεῖν,
360 2408 418 2488 οὓς
439 2410 477 2499 δὴ
500 2411 654 2499 μαθητάς
676 2411 798 2490 ἐκάλει,
821 2409 878 2477 τὸν
901 2403 1046 2494 άριθμὸν
1068 2406 1128 2495 ἤδη
1151 2410 1231 2491 περὶ

181 2516 210 2567 1⁶
221 2505 278 2572 δύο
300 2509 353 2574 καὶ
376 2509 508 2576 ε’ίκοσιν.
539 2509 574 2588 ἐξ
594 2498 639 2576 ῶν
654 2508 745 2586 τινάς
759 2519 848 2592 τρεῖς
863 2506 1080 2590 ἐκλεξάμενος,
1106 2508 1231 2587 Θωμᾶν

219 2627 294 2668 τινα
312 2600 398 2670 οῦτω
412 2603 609 2687 καλούμενον
624 2608 677 2671 καὶ
690 2601 836 2687 Ἑρμείαν
850 2605 906 2669 καὶ
915 2598 1047 2682 Ἀδδάν,
1071 2600 1260 2688 διενοήθηΒ

221 2693 366 2785 άκηκοῶς
394 2703 471 2786 περὶ
498 2705 564 2767 τῶν
591 2701 674 2768 κατὰ
700 2700 758 2787 τὴν
777 2695 935 2766 Ἰουδαίαν
962 2703 1015 2766 καί
1038 2700 1072 2767 ἐν
1095 2696 1160 2785 ὅλῳ
1181 2702 1232 2783 τηῖ

220 2794 332 2884 κόσμῳ
356 2797 450 2881 ἱερῶν
471 2800 618 2885 βιβλίων,
642 2800 726 2887 φημὶ
750 2798 785 2863 δὲ
800 2801 1053 2881 Χριστιανικῶν,
1076 2796 1177 2880 νόμου
1195 2821 1235 2863 τε

222 2895 275 2960 καί
297 2898 488 2981 προφητῶν,
523 2890 714 2982 εὐαγγελίων
736 2897 789 2962 καὶ
813 2889 1020 2961 ἀποστόλων.
1065 2893 1141 2973 δοῦς
1161 2897 1234 2959 τοί-

181 2999 431 3078 ῖυνυνγρυσίον
452 3003 524 3072 τοῖς
545 2999 795 3080 προειρημένοις
816 2990 873 3059 ἐπί
894 2992 1037 3079 τὰμέρη
1060 2995 1125 3057 τῶν
1137 2986 1234 3074 Ἱερο-

223 3088 374 3172 σολάμων
397 3083 578 3159 άπέστειλε.
618 3095 715 3157 τοῦτο
739 3091 774 3157 δὲ
796 3090 933 3176 ἐποίησε
953 3092 1033 3175 πρὶν
1054 3083 1075 3174 ἢ
1095 3094 1234 3172 καθειρ-

221 3189 346 3273 χθηναι
372 3186 406 3254 ἐν
432 3193 472 3276 τῇ
502 3190 645 3277 φυλακῇ,
680 3185 734 3255 ὅτε
762 3186 989 3273 διαλεγόμενος
1021 3187 1161 3264 πολλοῖς
1191 3185 1234 3250 τὸ

223 3283 310 3350 λ’διον
339 3283 444 3372 δόγμα
472 3282 528 3352 οὐκ
557 3287 669 3368 ἴσχυσε
697 3289 867 3371 συστῆσαι.
912 3279 1057 3370 ἀκηκοὼς
1090 3285 1126 3350 δὲ
1153 3283 1233 3365 περὶ

107 3398 119 3434 1
225 3374 385 3466 ὀνόματος
405 3387 554 3469 Χριστοῦ
575 3385 628 3450 καί
650 3387 715 3450 τῶν
738 3377 838 3449 αὐτοῦ
861 3381 996 3460 δούλων,
1020 3382 1233 3464 Χριστιανῶν

185 3477 262 3545 ῖοδέ
289 3503 389 3566 φημι,
419 3479 585 3566 διεγνώκει
611 3480 667 3547 διὰ
694 3483 753 3548 τοῦ
776 3475 937 3563 ὀνόματος
958 3482 1015 3564 τῆς
1036 3475 1234 3555 ὑποθέσεως

224 3580 373 3659 Χριστοῦ
401 3573 571 3664 άπατῆσαι
597 3578 673 3658 τοὺς
694 3579 973 3663 πεπλανημένους.
1017 3576 1051 3642 οἱ
1071 3577 1108 3642 δέ
1130 3570 1261 3642 &nei-c

224 3672 344 3751 θόντες
371 3668 554 3762 ὠνήσαντο·
584 3671 620 3742 οὗ
649 3675 709 3763 γὰρ
738 3669 964 3758 διεβάλλοντο.
1009 3669 1234 3759 παλινδρομή·

225 3794 340 3848 σαντες
372 3771 424 3851 δὲ,
458 3769 503 3851 ῶς
534 3767 572 3838 οὐ
593 3772 898 3858 καταλαμβάνουσιν
931 3766 1030 3839 αὐτὸν
1064 3765 1172 3837 οὐκέτι
1199 3767 1234 3835 ἐν

227 3867 389 3954 ἐλευθέρῳ
412 3863 492 3954 άέρι,
517 3863 600 3937 ἀλλὰ
622 3871 655 3938 ἐν
676 3874 723 3957 τῷ
741 3871 962 3955 δεσμωτηρίῳ,
985 3864 1114 3948 κάκεῖσε
1130 3867 1235 3935 εἰσελ-

187 3965 355 4045 εοθάντες,
379 3964 584 4035 ἐπεδείκνυον
606 3963 694 4054 αὐτῷ
715 3966 775 4048 τὰς
795 3968 938 4051 βίβλους.
970 3961 1040 4034 δδέ
1055 3964 1164 4049 λαβὼν
1179 3967 1235 4030 καὶ

227 4057 440 4150 άνερευνὴσας
462 4065 720 4154 ἐρρᾳδιούργησε,
744 4066 955 4148 προσπλέξας
975 4067 1015 4151 τῇ
1038 4057 1181 4150 άληθείᾳ
1195 4061 1234 4127 τὸ

227 4160 314 4227 ἰ’διον
334 4162 475 4245 ψεῦδος·
498 4161 582 4229 ἔνθα
601 4188 669 4230 που
689 4150 768 4250 ηὗρε
789 4161 971 4246 πρόσωπον
994 4161 1101 4245 λόγου,
1123 4153 1236 4247 ἢκλῆ-

227 4281 281 4327 σιν
293 4258 472 4348 δυναμένην
484 4253 658 4329 ἀποτελεῖν
669 4255 822 4344 ὁμοίωμα
831 4262 890 4326 τοῦ
901 4253 1002 4327 αὐτοῦ
1014 4256 1233 4346 φρονήματος.

102 4528 208 4664 ι
620 4546 631 4583 .
