2867 5084
557 997 650 1050 Lm.
670 1002 942 1053 κοειοιιινιτιι.
1196 992 1259 1055 203

233 1152 321 1220 κατὰ
348 1154 408 1217 τοῦ
434 1152 508 1217 υἱοῦ
532 1148 652 1236 ὄνομα,
682 1150 819 1220 καὶτοῦ
843 1154 940 1240 λόγου
964 1148 1010 1220 ὢν
1031 1160 1093 1237 μία
1116 1154 1203 1240 πηγὴ
1227 1154 1262 1222 ἰκ

235 1256 346 1338 πηγῆς
369 1245 386 1314 ό
410 1248 482 1327 υίὸς
503 1249 692 1334 προελθὼν,
716 1247 770 1318 ἀεὶ
793 1247 838 1317 (όν
860 1252 953 1336 παρὰ
971 1256 1017 1336 τῷ
1034 1255 1136 1336 πατρὶ
1152 1278 1263 1337 γεγεν-

185 1354 390 1434 ῖῖῖνημένος,
421 1342 474 1412 ὅτι
496 1346 589 1431 παρὰ
612 1350 666 1413 σοί
690 1347 776 1436 πηγὴ
802 1350 893 1435 ζωῆς.
939 1356 991 1414 καί
1015 1350 1071 1414 ἵνα
1095 1352 1183 1436 δείξῃ
1206 1354 1261 1416 καί

234 1447 314 1530 περί
344 1448 403 1509 τοῦ
427 1439 521 1529 ἁγίου
543 1444 746 1527 πνεύματος,
777 1445 811 1512 έν
833 1450 880 1532 τῷ
903 1453 992 1533 ηκοτί
1015 1469 1075 1512 σου
1099 1442 1262 1530 ὀψόμεθα

235 1547 327 1630 φῶς·
349 1543 406 1609 ἵνα
428 1543 516 1628 δείξῃ
541 1545 614 1628 φῶς
634 1542 692 1607 τὸν
715 1550 853 1627 πατέρα,
878 1547 932 1608 καί
956 1546 1029 1628 φῶς
1050 1548 1109 1609 τοῦ
1134 1543 1286 1627 πατρός5

236 1636 324 1707 εἶναι
345 1639 402 1705 τὸν
426 1638 507 1719 υἱόν,
531 1642 585 1705 καί
608 1643 681 1725 (μῦς
703 1639 741 1705 τὸ
764 1645 895 1724 πνεῦμα
916 1641 955 1706 τό
980 1638 1090 1725 ἅγιον·
1117 1642 1173 1708 καί
1196 1668 1263 1726 πη-

234 1738 295 1824 γὴν
318 1737 352 1803 έκ
374 1740 497 1824 πηγῆς,
521 1737 556 1803 ἐκ
577 1741 636 1801 τοῦ
658 1735 802 1821 πατρὸς,
825 1741 880 1804 καὶ
903 1742 962 1803 τοῦ
984 1742 1199 1824 μονογενοῦς,
1223 1739 1262 1803 τό

235 1838 370 1916 πνεῦμα
390 1835 428 1899 τό
451 1831 555 1918 ἅγιον.
599 1840 765 1918 “ποταμοί
789 1835 850 1920 γὰρ
874 1835 987 1922 ἕκτης
1010 1839 1137 1916 κοιλίας
1160 1832 1262 1902 αι’·τοῦ

234 1932 411 2016 ῥεύσουσιν
441 1929 562 2010 ὕδατος
592 1927 774 2014 ἁλλομένου
799 1934 851 2011 εἰς
874 1932 957 2020 ζιυην
981 1934 1126 2001 αίιόνιον.
1173 1935 1263 2019 έλεγε

236 2032 274 2096 δὲ
296 2033 395 2096 τοῦτο
418 2032 576 2113 περὶτοῦ
604 2025 697 2115 ἁγίου
721 2029 939 2113 πνεόματος,”
962 2036 1044 2118 φησί
1068 2032 1107 2097 τὸ
1131 2027 1262 2117 εὗαγγέ-
1274 2044 1302 2094 10

235 2130 319 2194 λιον.
363 2129 417 2193 καί
446 2120 549 2192 πάλιν
572 2129 671 2215 φησὶ,
696 2126 852 2193 δεικνύων
874 2134 945 2205 τοῖς
968 2125 1068 2194 αὖτοῦ
1090 2137 1262 2216 μαθηταῖς

235 2230 314 2310 περὶ
337 2227 397 2309 τῆς
417 2223 503 2308 πρὸς
524 2224 581 2289 τὸν
604 2230 733 2306 πατέρα
760 2219 860 2290 αὐτοῦ
885 2220 1159 2310 όμοουσιότητος,
1191 2227 1262 2293 έλε-

205 2336 307 2408 Βγεν·
338 2320 415 2387 “lviv
443 2346 494 2400 τις
516 2317 629 2409 ἀνοίξῃ
652 2345 727 2404 μοι,
759 2321 922 2387 εἰσελθὼν
946 2322 1007 2406 lym
1030 2327 1084 2388 καί
1108 2320 1126 2387 ὁ
1149 2323 1260 2408 πατήρ

234 2444 301 2504 μου
329 2418 433 2503 μονὴν
460 2413 538 2503 παρ’
568 2415 657 2504 αὐτῷ
685 2418 900 2503 ποιησομεν”.
945 2423 998 2484 καὶ
1029 2415 1137 2487 σι’-κέτι
1167 2416 1261 2488 εἶπεν

233 2511 516 2601 ἂποσταλήσομαι
538 2512 606 2580 ὑπὸ
628 2520 686 2582 τοῦ
709 2516 838 2599 πατρός
859 2537 939 2597 μου·
963 2516 1026 2601 έγιό
1044 2521 1096 2582 καί
1115 2515 1132 2581 ὁ
1149 2517 1259 2605 πατὴρ
1274 2534 1301 2582 15

233 2608 315 2697 παρ’
340 2610 438 2699 αὐτῷ,
463 2609 507 2691 ὡς
529 2613 705 2696 κρούοντος
726 2616 785 2679 τοῦ
808 2613 882 2678 υἱοῦ
904 2617 957 2679 καί
981 2616 1184 2700 τοῦπατρὸς
1200 2615 1259 2682 σὺν

234 2706 327 2796 αἰτῷ
356 2711 616 2794 εἰσερχομένους,
650 2707 695 2789 ὡς
718 2706 769 2778 ἆεὶ
794 2706 894 2790 εἶναι,
919 2714 971 2777 καί
995 2715 1164 2798 μηδέποτε
1186 2715 1260 2778 δια-

235 2811 349 2875 λιπεῖν
377 2814 507 2891 πατέρα
536 2802 605 2873 ἆπὸ
634 2808 707 2873 υἱοῦ
735 2811 788 2874 καί
814 2809 884 2874 υἱόν
907 2805 1058 2875 ἀπὸτοῦ
1083 2811 1170 2876 ἰδίου
1193 2837 1259 2876 πα-

232 2905 322 2991 τρός.
368 2904 496 2971 διὸκαὶ
520 2905 554 2972 έν
577 2904 677 2992 ἑτέρῳ
699 2905 795 2992 τόπῳ
818 2908 904 2991 λέγει
929 2907 1012 2992 “έγιό
1036 2909 1104 2990 εἰμι
1127 2904 1145 2994 η
1170 2903 1258 2987 ὁδός,

233 3012 291 3070 καί
322 2997 363 3070 δι’
387 3003 468 3088 ἐμοῦ
492 3000 735 3070 εἰσελεύσονται
756 3002 842 3087 πρὸς
864 3003 920 3069 τόν
944 3011 1081 3088 πατέρα.
1127 3008 1180 3070 καὶ
1203 3007 1298 3072 ίναίο

234 3099 283 3187 μή
313 3124 396 3179 τινες
423 3097 550 3187 ἥσσονα
579 3100 664 3186 πρὸς
693 3100 753 3165 τόν
781 3107 910 3185 πατέρα
933 3108 1111 3185 νομίσιοσι,
1142 3102 1259 3168 διὰτὸ

235 3191 282 3264 δι’
307 3191 405 3263 acho&
433 3197 520 3282 πρὸς
548 3197 604 3264 τόν
632 3205 762 3281 πατέρα
795 3199 948 3277 εἰσιέναι,
983 3202 1099 3285 φησίν,
1130 3194 1260 3278 *(οόδελς

199 3294 409 3366 (ἐλεύσεται
436 3295 522 3379 πρός
548 3320 605 3377 με,
637 3295 693 3362 έόιν
721 3295 765 3379 μὴ
795 3291 813 3359 ό
843 3295 951 3381 πατήρ
976 3319 1041 3378 μου
1064 3292 1082 3361 ό
1106 3291 1260 3380 οὖρόνιος

234 3392 356 3480 ἑλκύσῃ
380 3386 507 3459 αότόν”.
550 3388 567 3457 ό
590 3391 700 3479 πατὴρ
724 3382 782 3457 οὖν
805 3399 899 3478 (μέρει
921 3392 1007 3478 πρὸς
1028 3393 1086 3459 τόν
1109 3393 1181 3460 υἱὸν
1203 3398 1259 3462 καὶ

230 3486 254 3558 ό
283 3490 358 3569 υίὸς
386 3496 479 3576 φέρει
509 3489 595 3574 πρὸς
616 3491 674 3557 τόν
697 3496 842 3574 πατέρα,
873 3491 1019 3578 εἰσφέρει
1042 3494 1078 3558 δὲ
1102 3491 1135 3557 έν
1157 3493 1297 3561 ureb-25

230 3614 319 3674 ματι
346 3583 439 3674 ἁγίῳ.
485 3582 536 3655 ἆελ
565 3587 626 3673 γὰρ
654 3588 800 3656 πάντοτε
826 3586 846 3676 ἡ
873 3588 967 3673 τριόις
990 3590 1023 3655 έν
1045 3593 1107 3676 μιᾷ
1130 3589 1260 3676 ἑνότητι

232 3685 417 3771 θεότητος,
450 3691 527 3769 τρία
553 3687 679 3767 τέλεια,
713 3693 776 3770 μία
804 3687 935 3773 θεότης.
980 3689 1034 3753 καὶ
1064 3688 1216 3754 διέπεσεν
1241 3685 1258 3752 ό

226 3783 364 3851 τούτων
386 3781 492 3868 λόγος.

322 3888 375 3949 55.
406 3881 516 3946 Πάλιν
539 3881 575 3947 δὲ
597 3880 764 3968 φάσκουσι
772 3931 780 3960 ,
811 3889 877 3947 τίνι
899 3888 1009 3948 τοίνυν
1032 3884 1078 3967 τῴ
1102 3881 1188 3968 λόγῳ
1212 3882 1259 3948 εἰ·

227 4004 332 4067 ρηκεν
361 3973 551 4063 όΧριστὸς
578 3989 651 4058 τοῖς
673 3978 796 4045 ’ἑαυτοῦ
825 3985 997 4062 μαθηταῖς
1018 3976 1070 4045 ὅτι
1095 3973 1299 4062 “ἆπέρχο·3ο

229 4102 297 4163 μαι
327 4075 416 4161 πρὸς
439 4075 498 4141 τὸν
520 4082 650 4160 πατέρα
670 4099 735 4160 μου
759 4078 811 4140 καὶ
836 4083 964 4159 πατέρα
986 4072 1077 4158 ὑμῶν
1099 4079 1152 4140 καὶ
1177 4075 1258 4144 θεόν

227 4198 298 4263 μου
330 4177 386 4240 καλ
413 4173 498 4241 θεόν
525 4169 652 4257 ὑμῶν,·”
680 4173 710 4241 εἰ
731 4180 842 4239 τοίνυν
864 4172 946 4239 θεὸν
969 4169 1070 4238 αἰτοῦ
1094 4167 1258 4260 ὁμολογεῖ,

227 4276 310 4352 πῶς
334 4271 385 4339 ἔτι
406 4270 501 4338 ἔσται
522 4272 597 4349 ίσος
618 4266 716 4356 αὐτῷ,
746 4265 767 4356 ἢ
789 4265 843 4337 ὕπ’
868 4265 968 4337 αὐτοῦ
989 4276 1131 4359 γνησίως
1152 4296 1261 4360 γεγεν-

1157 4412 1362 4584 Α
