2867 5084
538 980 620 1028 τοτα
640 980 808 1030 οιΣτοοΣ.
1119 969 1182 1032 579

125 1124 282 1210 υάπαθῆ
305 1127 360 1193 καὶ
382 1129 550 1209 παθόντα,
580 1133 634 1196 καὶ
655 1135 803 1216 ταφέντα
825 1134 877 1198 καὶ
903 1127 1099 1211 άναστάντα,
1129 1137 1183 1200 καί

159 1221 347 1291 ἀνελθόντα
376 1225 408 1292 έν
432 1226 527 1313 δόξη,
562 1227 735 1310 ἐρχόμενον
758 1238 867 1312 κρίναι
896 1230 1019 1309 ζῶντας
1048 1233 1102 1296 καὶ
1132 1255 1184 1297 νε-

158 1325 271 1406 κροὺς,
306 1319 351 1401 τός
380 1325 462 1410 ἔφην
492 1325 524 1391 έν
554 1319 713 1412 άληθείηι,
751 1313 810 1390 ὀὗ
838 1329 897 1412 τῆς
923 1328 1096 1410 βασιλείας
1125 1321 1183 1394 οάκ

158 1422 254 1487 ἔσται
277 1422 400 1498 τέλος.”

252 1524 298 1585 18.
329 1522 393 1584 Καὶ
416 1518 477 1603 γάρ
501 1518 651 1585 πιστεύει
673 1515 691 1607 ἡ
715 1519 820 1604 μητηρ
843 1515 935 1607 ἡμῶν
959 1515 1041 1604 αὕτη
1064 1514 1080 1605 η
1104 1515 1207 1604 άγία5

159 1615 322 1701 ἐκκλησία,
346 1615 401 1681 καὶ
424 1613 468 1693 ιός
491 1610 572 1702 αὐτῇ
597 1612 732 1699 άληθῶς
754 1616 944 1705 κεκήρυκται
968 1616 1023 1682 καὶ
1046 1612 1183 1703 άληθῶς

158 1719 419 1797 προστέτακται,
455 1710 507 1778 ότι
536 1712 817 1799 κοιμηθησόμεθα
846 1716 899 1780 καὶ
923 1708 1183 1800 άναστησόμεθα

85 1833 146 1882 1101
160 1809 221 1876 σὺν
244 1811 372 1894 στόματι
400 1810 522 1896 τούτῳ,
558 1811 616 1876 σὺν
647 1814 734 1896 ψυχῇ
764 1810 882 1898 ταύτῃ,
918 1811 976 1877 σόν
1005 1814 1105 1878 παντὶ
1134 1814 1182 1899 τῷ

158 1903 306 1993 ἡμετέρην
330 1909 446 1986 οκεόει,
470 1910 525 1974 ἵνα
548 1909 684 1996 ἕκαστρς
707 1903 861 1995 ἀπολάβη
885 1906 971 1992 πρὸς
994 1907 1181 1993 ἃέπραξεν.

159 2002 296 2089 ὅτιγὰρ
319 2000 499 2083 ἀνάστασις
523 2010 643 2089 νεκρῶν
676 2006 728 2070 καί
760 2014 866 2088 κρίσις
888 2005 1023 2084 αἰώνιος
1045 2010 1098 2072 καί
1120 2013 1221 2091 flat-10

159 2105 270 2169 σιλεία
292 2099 439 2186 σόρανῶν
461 2107 513 2168 καὶ
539 2099 727 2179 ἀνάπαυσις
755 2114 826 2181 τοῖς
855 2103 996 2180 δικαίοις
1023 2106 1076 2169 καί
1107 2105 1182 2188 κλη-

158 2207 301 2315 ρηνομία
324 2204 453 2266 πιστῶν
476 2203 527 2266 καί
550 2201 648 2320 γυρὸς
672 2194 745 2316 μετ’
771 2196 936 2320 άγγέλμιν,
954 2202 1020 2264 τῶν
1049 2225 1182 2286 τετηρη-

158 2299 265 2364 κότιιιν
287 2296 346 2386 την
368 2305 483 2372 πίστιν
506 2300 558 2363 καὶ
581 2324 639 2382 τιν
663 2292 794 2380 ἁγνείαν
823 2300 876 2361 καὶ
903 2322 961 2383 την
985 2295 1106 2361 ε’λπιόα
1128 2298 1181 2363 καί

157 2395 220 2472 τάς
242 2399 299 2459 τοῦ
315 2402 427 2478 κυρίου
444 2394 586 2472 ἐντολὰς,
611 2349 759 2481 άληθη
745 2417 816 2459 εστι
838 2419 890 2458 και
914 2392 1104 2480 κεκήρυκται
1128 2395 1180 2459 καί

157 2487 372 2614 ἠοιγάλιοται
388 2495 439 2557 καὶ
465 2499 685 2559 πεπίστευται
715 2487 768 2554 ὅτι
798 2479 912 2554 “οἷτοι
941 2485 1221 2574 άναστησονταιίο

159 2589 237 2667 εἰς
232 2589 314 2675 ,ἰοίην
338 2589 488 2656 αίιόνιον’
521 2587 603 2654 κατά
625 2588 662 2654 τὸ
685 2592 906 2705 γεγραμμένον
931 2586 964 2652 έν
994 2598 1065 2665 τοῖς
1089 2585 1182 2674 εί··αγ-

128 2688 317 2772 ίνγελίοις.Ι
326 2683 389 2751 όοα
410 2686 470 2770 γάρ
494 2688 579 2769 λέγει
601 2681 695 2751 καὶ(
680 2711 697 2751 ο
721 2680 910 2762 ιιπόοτολος
938 2687 991 2749 καὶ
1015 2688 1124 2751 πᾶσαι
1147 2685 1182 2750 αλ

158 2781 254 2867 ἅγιαι
275 2783 401 2869 γραιγαὶ
425 2779 571 2865 ἀληθινὰ
591 2783 750 2868 τυγχάνει,
776 2783 805 2849 εί
827 2785 880 2847 καὶ
905 2780 997 2866 παρὰ
1014 2792 1086 2858 τοῖς
1102 2777 1183 2848 άπι-

159 2883 303 2967 στηοασι
326 2885 377 2946 καί
402 2884 507 2958 κακῶς
531 2880 717 2965 νενοηκόσιν
742 2880 860 2962 ἑτέρως
879 2874 1181 2963 ότιολαμβάνονται.

158 2974 240 3066 ἡμῖν
264 2981 297 3043 δέ
322 2974 402 3065 αότη
427 2974 444 3066 ἡ
469 2985 592 3056 πίστις,
624 2983 676 3044 καὶ
706 2974 788 3063 αὕτη
820 2973 838 3066 ἡ
869 2976 946 3062 τιμὴ
976 2981 1030 3041 καὶ
1059 2972 1139 3062 αότη
1163 2971 1223 3064 ·ηαο

156 3075 266 3163 μήτηρ
289 3071 380 3164 ημῶν
401 3070 420 3163 η
445 3076 605 3161 ἐκκλησία,
631 3074 687 3141 διά
709 3082 855 3152 πίστεως
884 3074 1035 3152 σώζουσα
1058 3077 1110 3138 καὶ
1135 3068 1181 3138 δι’

159 3174 299 3251 έλπίόος
313 3179 531 3258 κρατυνομένη
548 3176 599 3236 καί
617 3168 728 3257 άγάπη
743 3173 892 3255 Χριστοῦ
908 3171 1125 3254 τελιιουμένη,
1150 3167 1184 3233 έν

158 3296 198 3337 τε
226 3297 263 3357 τη
294 3267 453 3357 ὁμολογίᾳ
487 3272 519 3336 ἓν
549 3295 583 3335 τε
611 3280 681 3346 τοῖς
709 3274 903 3351 μυστηρίοις
931 3265 964 3331 έν
994 3289 1029 3329 τε
1057 3267 1096 3351 τῇ
1124 3267 1183 3329 τοῦ

158 3370 300 3451 λουτροῦ
328 3375 502 3452 καθαρσίῳ
533 3366 685 3450 δυνάμει,
722 3362 772 3431 ὅτι
806 3359 1034 3439 “άπελθόντες
1060 3368 1184 3446 βαπτί-

160 3489 245 3531 σατε
273 3466 320 3544 είς
348 3463 453 3549 ὄνομα
484 3462 611 3549 πατρός
639 3472 692 3530 καί
724 3463 796 3527 υἱοῦ
825 3461 877 3527 καὶ
908 3456 1003 3545 άγίου
1036 3458 1221 3542 πνεόμα-’ὶό

158 3565 251 3640 τος·”
274 3564 320 3640 είς
343 3561 447 3647 ὄνομα
463 3563 498 3629 δὲ
522 3566 636 3648 θεϊκῆς
658 3559 801 3644 τριάδος,
826 3555 1008 3642 ὀνομασίας
1021 3559 1183 3643 μηδεμίαν

126 3659 330 3746 (ὶδιαιρορὰν
353 3661 497 3746 έχοάοης,
521 3653 589 3724 ἀλλ’
615 3656 667 3724 ὅτι
692 3657 772 3734 θεὸς
796 3651 842 3735 εἷς
863 3652 942 3742 ἡμῖν
965 3655 997 3721 έν
1021 3655 1111 3740 νόμην
1130 3657 1183 3720 καὶ

161 3757 198 3825 έν
227 3757 418 3845 προφήταις
447 3759 499 3822 καί
531 3756 563 3821 έν
592 3751 791 3841 εὐαγγελίοις
824 3755 876 3820 καί
908 3753 942 3818 έν
971 3749 1183 3830 ἀποστόλοις,

162 3855 199 3922 έν
228 3856 358 3941 παλαιᾷ
387 3881 439 3921 και
470 3857 564 3939 καινῇ
594 3854 737 3941 διαθήκη
767 3878 837 3918 κεκι
830 3851 955 3940 γρυκται
985 3877 1037 3917 και
1067 3848 1184 3936 κατηγ-

161 3953 292 4039 γελται,
327 3978 437 4070 πατηρ
471 3952 524 4017 καὶ
560 3949 631 4028 υἱός
662 3946 765 4015 καί(
750 3946 844 4033 άγιον
877 3950 1023 4063 πνεῦμηι,
1060 3971 1103 4062 μη
1134 3967 1225 4022 τιςαι

162 4049 350 4136 σιναλοιιγη
385 4052 468 4114 οὐσα
495 4043 514 4131 ἡ
546 4046 683 4133 θεότης,
723 4041 806 4111 ἀλλά
838 4043 931 4126 τριάς
964 4033 1047 4108 οὖσα
1081 4038 1185 4120 όντως

160 4147 288 4224 τελεία,
326 4148 451 4224 τέλειος
490 4141 507 4208 ό
545 4170 670 4230 πατηρ,
710 4144 835 4220 τέλειος
872 4136 890 4205 ό
928 4139 1013 4218 υιὸς,
1059 4140 1183 4205 τέλειον

160 4244 203 4312 τὸ
235 4269 367 4328 πνευμα
402 4242 440 4309 τὸ
469 4238 637 4326 άγιον,μ
641 4247 676 4307 ία
710 4239 902 4326 θεότης,ε
889 4232 935 4316 εςῖ
968 4235 1122 4315 θεὸς,
1105 4263 1131 4322 ην
1166 4261 1183 4321 η

978 4342 1033 4392 31*
