2867 5084
593 943 713 1028 mm.
731 977 924 1031 ιαοαοιστ.
1211 968 1276 1034 365

249 1123 282 1212 [ἦ
306 1127 386 1209 περί
407 1125 527 1193 τούτου
548 1151 608 1212 μοι
629 1134 797 1214 γεγένηται
819 1125 997 1214 ὑπόθεσις]
1031 1128 1115 1200 ἀλλὰ
1137 1132 1194 1201 διά
1215 1135 1274 1202 τὸν

244 1221 380 1290 Ἀίτιον
401 1223 460 1291 τὸν
482 1218 537 1290 ὑπ’
561 1220 663 1291 αὐτοῦ
684 1234 938 1295 κατασταθέντα
960 1230 1123 1297 διάκονον.

337 1329 368 1389 2.
403 1311 511 1400 Οὗτος
533 1319 551 1388 δ
571 1318 700 1402 ’Λίτιος
723 1325 777 1390 καί
799 1324 883 1391 κατὰ
904 1325 962 1392 τὸν
989 1327 1147 1411 κοσμικόν
1177 1328 1276 1414 λόγον

222 1414 457 1497 Βάπαίδευτος
482 1410 522 1507 ἦν
551 1421 613 1499 ἕως
635 1426 692 1506 τῆς
722 1424 849 1500 τελείας
876 1418 977 1488 αύτού
1010 1418 1154 1509 ἡλικίας,
1187 1423 1275 1505 ώςδ

250 1516 358 1601 λόγος.
397 1515 556 1604 ἐπενόησε
579 1520 615 1585 δὲ
642 1515 774 1603 ὑποβάς
802 1522 854 1586 καί
879 1519 1043 1602 σχολάσας
1066 1522 1100 1587 ίν
1119 1517 1299 1602 ungar-z

248 1615 346 1701 δρείᾳ
371 1609 624 1701 Ἀριστοτελικοῦ
656 1616 836 1702 φιλοσόφῳ
864 1618 920 1683 καὶ
951 1623 1112 1706 σοφιστῇ,
1147 1619 1203 1685 καὶ
1232 1619 1276 1688 τά

246 1715 310 1798 τῆς
337 1712 541 1798 διαλεκτικῆς
568 1714 673 1799 δῆθεν
706 1713 837 1780 ἐκείνων
864 1713 1002 1799 μαθών,
1038 1713 1134 1783 ούδίν
1163 1717 1275 1801 ἕτερον

248 1806 339 1894 πλὴν
361 1820 620 1895 σχηματοποιείν
648 1811 706 1897 τὴν
729 1814 805 1893 περὶ
829 1815 888 1876 τοῦ
910 1816 995 1879 θεοῦ
1019 1812 1116 1898 λόγου
1145 1809 1276 1880 άπόδο-

249 1928 316 1985 σιν,
350 1908 561 1990 σχολαίτερον
590 1907 751 1991 ἐπεχείρει
774 1903 940 1992 ὀρθρίζων
963 1906 1033 1991 άμα
1064 1914 1119 1976 καί
1148 1911 1276 1979 ἐνδελε-

248 2006 318 2086 χῶς
338 2001 413 2087 άχρι
435 2004 579 2086 ἑσπέρας
606 2006 653 2083 είς
674 2009 773 2071 τοῦτο
796 2006 1026 2090 καθεζόμενος,
1059 2011 1143 2095 φημί
1168 2009 1204 2074 δὲ
1227 2008 1274 2088 είς
1285 2028 1314 2077 10

251 2101 291 2167 τὸ
314 2100 370 2168 διὰ
391 2109 591 2186 γεωμετρίας
612 2103 702 2181 τινὸς
730 2106 784 2169 καί
812 2103 868 2170 διὰ
891 2104 1065 2189 σχημάτων
1087 2109 1164 2189 περὶ
1188 2108 1274 2172 θεοῦ

194 2200 357 2283 ειίλίγειν
379 2202 489 2265 τεκαὶ
513 2196 642 2284 ὁρίζειν,
672 2199 838 2267 διδάσκων
867 2227 902 2268 τε
924 2204 979 2267 καί
1000 2204 1112 2268 τελῶν.
1158 2199 1215 2268 οία
1237 2204 1274 2270 δλ

245 2291 418 2379 Ἀρτιανὸς
448 2297 640 2380 βαθύτατος
676 2300 730 2363 καί
759 2297 817 2383 τὴν
843 2293 975 2383 Ἀρείου
1009 2301 1089 2381 ἔχων
1121 2298 1272 2387 μανιώδη

247 2395 475 2471 διδασκαλίαν,
505 2401 752 2479 περισσοτέρως
774 2420 825 2473 τις
852 2396 980 2478 λυμεὼν
1002 2402 1114 2481 γέγονε
1141 2397 1273 2476 τούτοις

246 2490 536 2574 κατατριβόμενος,
559 2493 612 2556 καί
635 2492 720 2558 κατὰ
742 2495 800 2558 τοῦ
823 2494 896 2558 υἱοῦ
918 2496 977 2558 τού
1000 2496 1084 2560 θεοῦ
1112 2498 1166 2559 καί
1188 2495 1273 2561 κατὰ
1283 2516 1312 2567 15

245 2592 307 2654 τοῦ
330 2584 425 2674 ἁγίου
447 2589 636 2672 πνεύματος
657 2589 715 2675 τὴν
737 2591 889 2675 γλῶσσαν
915 2586 1016 2655 αύτού
1038 2586 1115 2656 καθ’
1133 2591 1273 2678 ἑκάστην

245 2681 371 2770 ἡμέραν
393 2680 519 2765 δξύνας.
550 2676 647 2765 οὗτος
670 2689 705 2752 δὲ
729 2699 958 2774 κατηγορεῖται
986 2683 1054 2753 ύπό
1076 2714 1186 2767 τινων,
1216 2695 1271 2757 καί

243 2787 295 2869 τῷ
318 2779 407 2871 αύτῷ
430 2790 653 2869 Κωνσταντίηι
676 2785 842 2870 δηλοῦται,
866 2788 919 2851 καὶ
936 2782 1118 2871 ὑφίσταται
1141 2785 1271 2871 ἕξορίαν

247 2881 284 2948 ἒν
305 2892 379 2959 τοῖς
398 2885 458 2947 τοῦ
473 2881 604 2966 Ταύρου
618 2887 768 2966 μέρεσιν·
792 2883 826 2948 ἐν
848 2872 876 2968 ᾦ
898 2882 993 2969 τύπῳ
1016 2883 1128 2949 πάντα
1150 2883 1192 2949 τά
1214 2887 1273 2972 τῆς

247 2974 352 3044 αὐτοῦ
373 2980 670 3056 κακοδιδασκαλίας
692 2978 855 3046 ίπλάτυντ
876 2982 929 3046 καὶ
949 2979 1122 3066 ἐφώρασεν
1145 2982 1192 3060 είς
1213 2988 1312 3066 μέ-υο

246 3099 310 3144 σον
332 3081 442 3163 φέρων
463 3076 547 3160 μετὰ
569 3083 772 3163 παρρησίας,
806 3071 1083 3163 ἀποτριψάμενος
1104 3077 1143 3142 τὸ
1164 3085 1273 3160 μέτω-

245 3196 313 3240 πον
343 3173 378 3240 ἐν
410 3168 624 3260 ἀναισχυντία
657 3180 890 3260 περιττστίρᾳ,
930 3172 990 3251 τὰς
1023 3172 1186 3256 ίξεμέσεις
1213 3179 1272 3258 τῆς

214 3265 350 3339 σαύτοῦ
371 3272 667 3350 κακοδιδασκαλίας
690 3269 952 3353 άπαραλείπτως
966 3266 1146 3349 ὑπέδειξεν.
1177 3271 1272 3337 ἐτόλ-

244 3392 332 3455 μησε
352 3367 413 3452 γὰρ
436 3369 544 3435 ιίπείν
567 3363 726 3453 άνύμσιον
749 3369 806 3434 τὸν
821 3369 893 3434 υἱὸν
916 3371 962 3453 τῷ
979 3371 1080 3451 πατρί
1102 3363 1269 3454 ὑπάρχειν,

245 3468 302 3532 καί
326 3460 364 3531 ού
386 3466 506 3532 ταυτὸν
529 3460 615 3532 εἶναι
636 3470 675 3553 τῆ
698 3463 838 3554 θεύτητι
860 3466 946 3549 πρὸς
968 3465 1025 3531 τὸν
1047 3472 1185 3552 πατέρα,
1215 3469 1310 3538 uam

247 3556 324 3629 οὔδ’
349 3557 400 3629 ὅτι
423 3557 518 3648 τ’μείς
537 3566 585 3648 τῷ
609 3559 798 3648 ὁμοιώματι
820 3563 1074 3649 ίπερειδύμεθα.
1108 3561 1193 3651 ὑπὲρ
1207 3565 1270 3650 γάρ

241 3657 307 3746 τὴν
329 3655 490 3743 δμοίωσιν
518 3661 656 3750 οἴδαμεν
682 3661 741 3727 τὸν
763 3661 835 3727 υίὸν
864 3660 950 3747 πρὸς
971 3661 1029 3728 τὸν
1050 3669 1189 3745 πατέρα,
1225 3657 1271 3738 ώς

242 3756 369 3823 ταυτὸν
389 3760 429 3844 τῇ
453 3756 592 3843 θεάτητι
613 3762 666 3825 καί
689 3760 765 3826 ἰ’σον
792 3760 846 3826 καί
874 3754 947 3825 ούδ’
972 3755 1059 3838 ὅλως
1088 3755 1271 3845 ἠλλοιωμέ-

243 3876 315 3923 νον.
352 3855 505 3940 ἔστιγὰρ
528 3855 639 3921 πολλὰ
667 3851 917 3943 άφωμοιωμίνα
944 3860 991 3942 τῷ
1014 3860 1096 3941 θεῷ,
1131 3850 1200 3920 ἀλλ’
1231 3847 1270 3920 ού

243 3950 378 4032 ταυτὸν,
401 3953 461 4018 ίσα
481 3950 672 4037 ὑπάρχοντα
694 3957 734 4040 τῇ
757 3953 904 4041 θεότητι,
938 3948 984 4032 ὥς
1010 3955 1066 4019 καὶ
1094 3948 1311 4035 δάνθρω-δῦ

242 4072 313 4127 πος
335 4044 402 4116 κατ’
429 4049 539 4118 εἰκόνα
559 4054 613 4116 καί
636 4046 711 4119 καθ’
730 4047 901 4136 ὁμοίωσιν,
926 4045 995 4116 ἀλλ’
1020 4045 1058 4116 ού
1081 4046 1200 4114 ταυτὸν
1222 4050 1270 4135 τῷ

208 4150 323 4232 σθεῷ
343 4146 432 4233 πρὸς
454 4148 598 4234 ίσύτητσ.
628 4151 684 4215 καί
707 4144 809 4233 ὁμοία
830 4145 848 4214 r‘
871 4148 1027 4234 βασιλεία
1040 4147 1106 4211 τῶν
1122 4139 1270 4228 ούρανῶν

240 4243 351 4331 κδναῳ
383 4245 568 4325 σινάπεως,
603 4240 743 4343 ἀλλ”ού
776 4246 897 4314 ταυτὸν
925 4247 964 4331 τῇ
991 4243 1160 4329 βασιλείᾳ,
1194 4236 1267 4311 οὐδ’
