2867 5084
482 973 604 1027 ικκιιι.
623 977 826 1027 mmmm.
1100 967 1162 1030 293

140 1149 242 1205 τοκος
271 1124 383 1212 πάσης
413 1131 575 1205 κτίσεως”,
614 1122 687 1193 ἀντί
718 1129 754 1193 δὲ
775 1131 834 1194 τοῦ
858 1127 1083 1211 “ἐθεμελίωσί
1103 1132 1166 1213 μί’

139 1225 181 1291 τὸ
210 1223 265 1291 “ε’ν
295 1217 383 1308 αὐτῷ
413 1223 581 1310 ἐκτίσθη”,
617 1220 689 1290 άντλ
721 1226 757 1291 δὲ
784 1228 841 1290 τοῦ
872 1218 939 1290 “δι’
973 1225 1082 1310 ἑμοῦ,”
1120 1219 1166 1303 ιύς

141 1321 231 1406 πρὸς
252 1320 291 1388 τὸ
314 1315 376 1386 “dl
401 1316 529 1400 αὐτοῦ,”
552 1321 695 1407 φανερὸν
724 1324 777 1386 καλ
800 1317 819 1406 ἡ
844 1321 938 1387 είκὼν
961 1318 1019 1389 οὐκ
1041 1323 1076 1390 ἐν
1098 1319 1168 1389 πό·

140 1425 212 1486 θει.
244 1412 313 1484 ἀλλ’
332 1412 404 1484 άντλ
420 1421 478 1484 τοῦ
502 1419 585 1503 “em
602 1414 619 1503 η
637 1422 759 1506 οοφία”
782 1421 1019 1504 παρείληπται,
1042 1422 1096 1485 καί
1121 1414 1167 1496 ιδς

141 1512 160 1603 ἦ
184 1522 293 1603 σοφία
315 1519 372 1580 τοῦ
396 1519 503 1602 σοφοῦ
526 1517 606 1595 υίὸς,
631 1510 730 1582 οὐοία
753 1510 879 1593 οὐσίας,
904 1511 1009 1594 οὕτως
1035 1508 1192 1601 ἡείκιύνο

141 1608 260 1692 οὐσίας
289 1608 390 1696 ὁμοία
420 1613 498 1680 ίστί.
556 1614 685 1679 διὸκαὶ
716 1612 811 1678 εἰκών
841 1611 963 1698 ἐνοήθη
993 1615 1052 1678 τοῦ
1080 1614 1165 1678 θεοῦ

142 1705 305 1796 άοράτου,
341 1706 377 1788 ὅς
406 1709 495 1776 ἐστιν
525 1711 604 1789 υἱός.
650 1712 704 1774 καί
734 1710 848 1794 ἔχομεν
871 1708 1085 1790 ἐξισαζούσας
1107 1708 1167 1787 τὰς

141 1810 249 1887 λέξεις
270 1806 391 1884 πάσας,
423 1801 496 1872 άντὶ
517 1808 577 1891 μὲν
592 1810 650 1873 τοῦ
667 1810 775 1893 σοφοῦ
797 1805 836 1871 τὸ
854 1805 943 1884 θεὸς,
968 1801 1041 1873 άντλ
1058 1808 1094 1872 δὲ
1109 1808 1168 1892 τῆς

117 1912 271 1993 ηοοφίας
292 1904 331 1970 τὸ
354 1904 458 1981 εἰκών,
483 1899 557 1970 ἀντὶ
575 1906 610 1970 δὲ
625 1906 683 1969 τοῦ
701 1899 781 1990 άρχη
798 1907 941 1989 πρῶτος,
965 1900 1039 1970 άντὶ
1056 1904 1091 1969 δὲ
1106 1905 1167 1970 τοῦ

141 2006 241 2091 γεννᾷ
261 2001 300 2068 τὸ
322 2000 426 2079 τόκος,
450 1998 521 2067 άντλ
546 2003 582 2067 δὲ
605 1998 683 2066 ὅλου
708 1997 791 2084 ὁμοῦ
809 2026 927 2088 φαμεν,
952 1997 1026 2067 άντὶ
1049 2001 1085 2067 δὲ
1106 2003 1166 2066 τοῦ
1178 2012 1208 2062 ιο

143 2095 267 2186 “άρχην
289 2094 376 2164 ὁδῶν
398 2094 498 2164 αὐτοῦ
522 2100 629 2165 ἕκτισέ
649 2124 691 2181 με
714 2099 761 2175 είς
784 2098 861 2183 ἔργα
883 2093 985 2163 αὐτοῦ
1000 2096 1055 2164 καὶ
1070 2100 1167 2186 γεννᾷ

141 2201 200 2281 με”
223 2196 263 2262 τὸ
285 2195 498 2279 πρωτότοκος
519 2196 630 2281 πάσης
652 2202 799 2274 κτίσεως,
831 2190 905 2261 ἀντὶ
928 2196 963 2260 δὲ
985 2198 1043 2259 τοῦ
1068 2194 1168 2260 “53⁶-

140 2295 288 2378 μελίωσέ
309 2297 366 2373 με”
394 2293 433 2358 τὸ
463 2292 517 2359 “bv
540 2289 629 2378 αὐτῷ
660 2292 828 2378 ἕκτίσθη,”
864 2286 936 2356 ἀντὶ
961 2292 997 2357 δὲ
1019 2293 1078 2356 τοῦ
1102 2284 1164 2356 “δι’

142 2392 245 2475 ipsos?
274 2388 334 2455 ’τὰ
364 2389 475 2455 πάντα
497 2384 537 2455 δι’
564 2385 664 2456 αὐτοῦ
692 2388 747 2454 καὶ
776 2389 823 2466 εἰς
846 2383 973 2453 αὐτόν.”
1024 2386 1168 2475 φανερόν

141 2485 191 2568 ὥς
213 2487 325 2554 εἰκόνα
347 2480 525 2564 άκούοντας
552 2487 610 2552 τὸν
639 2485 711 2552 οίὸν
738 2489 796 2551 τοῦ
825 2488 908 2552 θεοῦ
941 2488 1000 2551 τοῦ
1024 2480 1167 2570 ἀοράτου
1179 2495 1209 2546 15

140 2589 198 2653 καὶ
222 2581 329 2662 οὕτως
351 2579 497 2662 ἀναιδῶς
518 2585 723 2670 σοφίζεσθαι
744 2582 802 2669 την
824 2577 891 2648 κατ’
913 2577 1029 2649 οὐσίαν
1053 2578 1169 2667 ὁμοιό-

139 2706 228 2769 τητα
251 2683 310 2747 τοῦ
332 2681 405 2747 υίοῦ
428 2680 513 2766 πρὸς
535 2686 665 2764 πατέρα
693 2678 940 2763 ἐπιχειροῦντας
968 2689 1040 2756 τοῖς
1063 2683 1168 2746 πᾶσιν

141 2780 270 2864 ἐλέγχει
291 2778 559 2863 παραπεσόντας,
593 2775 631 2844 οὐ
653 2776 789 2854 Παῦλός
810 2800 846 2861 γε
867 2774 978 2859 μόνος,
1008 2771 1092 2841 ἀλλὰ
1114 2773 1171 2840 καὶ

85 2875 214 2961 Ἁπρὸ
237 2872 357 2940 τοῦτον
376 2869 533 2961 Ἰωάννης,
558 2870 576 2938 ὁ
599 2873 670 2952 υίὸς
693 2871 796 2951 όντως
817 2876 965 2959 βροντῆς,
995 2875 1035 2958 τῇ
1065 2871 1170 2958 οἰκείᾳ

133 2973 383 3059 μεγαλοφωνίᾳ
406 2968 521 3055 ὥσπερ
544 2971 577 3038 ἔκ
598 2997 698 3037 τινων
721 2972 866 3057 νεφελῶν
888 2975 955 3035 τῶν
970 2973 1029 3054 τῆς
1046 2974 1211 3055 σοφίαςίο
1308 2959 1311 2963 Δ

135 3068 351 3155 αἰνιγμάτων
381 3069 439 3155 τὴν
475 3063 590 3155 εὐσεβῆ
624 3063 703 3155 ἡμῖν
738 3068 866 3134 ἔννοιαν
895 3070 954 3132 τοῦ
986 3066 1058 3131 υίοῦ
1087 3063 1170 3131 κατὰ

133 3167 205 3236 τὸν
230 3162 347 3251 ὅμοιον
369 3165 497 3282 τρόπον
519 3163 644 3252 άνῆκεν.

233 3271 264 3333 8.
287 3261 371 3349 Ὅρα
392 3263 454 3349 γὰρ
478 3259 531 3328 ότι
552 3262 607 3327 καὶ
630 3256 730 3338 αὐτὸς
758 3289 780 3326 α
771 3258 961 3343 ἐδιδάχθη
992 3257 1085 3342 παρὰ
1113 3258 1172 3342 τῆς

126 3369 283 3452 σοφίας,
307 3364 411 3426 ταῦτα
434 3360 467 3426 ἐν
488 3362 535 3445 τῷ
558 3355 635 3443 παρ’
655 3353 755 3423 αὐτον
740 3350 999 3441 ’κηρυχθέντι”
982 3365 1060 3438 ημῖν
1077 3348 1170 3439 εὐαχ·

119 3463 247 3575 γελίφ
271 3459 494 3543 παραδέδωκε.
542 3480 600 3542 της
617 3455 682 3576 γὰρ
706 3451 827 3541 σοφίας
858 3452 1051 3539 εἰπούσης
1055 3451 1211 3518 {uuam

118 3583 183 3638 με
209 3551 314 3674 ἆρχην
335 3550 422 3621 ὁδῶν
445 3548 563 3620 αὐτοῦ”
590 3552 629 3618 τὸ
659 3552 691 3617 ἐν
715 3546 795 3637 άρχῇ
825 3550 959 3628 ἐξέθετο
983 3548 1124 3615 είπών·
1129 3547 1172 3614 ’ίν

85 3641 275 3743 ῑάρχῆ’
254 3678 295 3738 ην
318 3647 335 3717 ό
349 3650 482 3767 λόχοςῗ
498 3645 591 3716 .άντὶ
615 3651 652 3715 δέ
673 3652 732 3715 τοῦ
756 3648 885 3714 “ὲ’κτισέ
905 3650 963 3730 με”
993 3644 1068 3711 “nou
1091 3643 1174 3723 θεὸς

118 3744 211 3843 ἦρξ’
237 3750 296 3816 ι’να
316 3746 361 3834 μὴ
385 3749 442 3814 τὸν
464 3773 497 3814 εν
520 3749 688 3833 προφορᾷ,
725 3740 809 3811 ἀλλά
837 3744 894 3810 τὸν
924 3738 1003 3809 ἐν”
986 3740 1175 3807 νποοτάσει

124 3853 258 3936 παχίᾳ
282 3839 403 3930 ἀπαθῆ
432 3846 467 3912 ίκ
489 3843 625 3962 πατρὸς
638 3842 721 3909 θεὸν
751 3841 847 3958 λόχρν
875 3839 1052 3927 νοήσωμεν
1099 3832 1174 3902 ἅντλ

126 3949 179 4016 δὲ
203 3945 302 4012 τοῦ
306 3939 400 4028 ἠ’μην
422 3937 499 4057 παρ’
526 3936 644 4007 αὐτοῦ”
675 3939 746 4004 τὸ
750 3939 845 4023 ’πρὸς
867 3938 979 4003 θεόν”
1036 3928 1111 4000 ἀντὶ
1139 3932 1216 3999 dm

132 4048 205 4113 τοῦ
234 4035 306 4106 “’δι
332 4039 428 4123 ίμοῦ”
452 4038 491 4104 τὸ
514 4033 613 4155 “[,‹³'t⁷c
630 4036 759 4114 αίιῦνος,
782 4038 833 4144 τὸ]
861 4031 972 4098 πάντα
1000 4024 1048 4096 δι’
1074 4024 1175 4096 αὐτοῦ

136 4139 290 4228 ἐγένετο,
314 4139 367 4203 καὶ
390 4139 509 4253 χωρὶς
512 4130 613 4201 αὐτοῦ
636 4134 762 4219 ἐγένετο
785 4119 931 4191 οὗδὲἩ
877 4147 920 4189 ει.
933 4121 1047 4192 ’άντλ
1065 4127 1101 4192 δὲ
1115 4127 1174 4191 τοῦ

145 4233 395 4322 “·”ἐθεμελίωσε
416 4234 485 4300 τὸ·
490 4231 677 4319 *ῦχέχονεκ
710 4230 743 4297 ἐν
767 4223 855 4314 αὐτῷ
879 4213 985 4312 ζωη
965 4227 1030 4312 ην”,
1050 4213 1176 4310 ᾧίσον
