2867 5084
467 986 613 1041 mm.
632 989 1027 1041 κατικικοαινιικττκι.
1189 979 1252 1040 515

202 1135 254 1207 Ιιό
278 1133 423 1228 αἰὁελφὸς
445 1143 503 1205 τοῦ
524 1147 636 1225 κυρίου
659 1143 711 1207 καλ
737 1135 937 1227 υἱὸςἸωσηφ
959 1141 992 1207 ἐν
1005 1136 1254 1225 Ἱεροσολύμοις,

230 1237 361 1322 βιω’σας
382 1238 464 1320 μετὰ
486 1238 544 1325 τὴν
571 1242 630 1304 τοῦ
659 1242 806 1322 σωτῆρος
829 1232 995 1323 ἀνάληψιν
1019 1238 1123 1305 ἔτεσιν
1147 1240 1255 1306 ε’ίκοσι

230 1341 401 1418 τέσσαρσι,
425 1338 531 1402 πλείω
554 1335 693 1414 ἐλάσσω,
724 1331 768 1401 ὢν
798 1335 879 1401 ἐτῶν
900 1335 965 1420 ἧς’,
1000 1330 1067 1401 ὑπὸ
1095 1340 1153 1401 τοῦ
1175 1363 1254 1422 γνα-

232 1439 324 1520 φέως
347 1436 392 1519 τῷ
416 1433 500 1519 ξύλῳ
523 1437 686 1511 παισθεὶς
707 1433 765 1519 την
788 1433 941 1519 κεφαλὴν,
969 1431 1080 1519 ῥιφείς
1102 1427 1172 1499 άπὸ
1194 1437 1254 1500 τοῦ

232 1537 412 1615 πτερυγίου
434 1535 492 1596 τοῦ
517 1531 615 1616 ἱεροῦ,
645 1533 699 1596 καὶ
729 1530 899 1596 κατελθὼν
928 1531 981 1595 καλ
1009 1530 1111 1616 μηδὲν
1141 1525 1280 1617 άδικη-5

231 1627 321 1707 θεὶς,
344 1630 456 1707 κλίνας
472 1630 506 1695 δέ
522 1628 563 1694 τὰ
577 1629 699 1714 γόνατα
722 1631 774 1693 καλ
791 1627 1057 1710 προσευξάμενος
1082 1623 1167 1712 ὑπὲρ
1188 1631 1254 1693 τῶν

233 1720 336 1791 αὐτὸν
359 1726 540 1809 ῥιψάντων,
564 1729 618 1791 καὶ
642 1725 778 1813 φάσκων
803 1723 1031 1809 “συγχιόρησον
1057 1718 1186 1802 αύτοῖς·
1216 1719 1254 1791 οὗ

232 1823 296 1908 γάρ
320 1824 433 1890 οἴδασι
454 1830 487 1889 τί
510 1826 694 1902 ποιοῦσιν,”
725 1819 769 1901 ὡς
783 1825 836 1889 καὶ
852 1821 987 1905 Συμεών
1010 1821 1125 1907 πόρρω
1141 1821 1256 1903 ἑστὼς,

235 1917 395 1986 ύτούτου
418 1916 573 2001 άνεψιός,
603 1921 673 1999 υίὸς
703 1922 739 1986 δὲ
767 1923 826 1986 τοῦ
856 1921 1000 1998 Κλωπᾶ,
1033 1921 1120 2004 ἔλεγε
1149 1920 1253 1985 ’παύ-

181 2025 363 2097 Μῖσασθε,
403 2026 436 2084 τί
464 2019 618 2098 λιθάζετε
650 2017 707 2083 τὸν
741 2018 886 2098 ὁίκαιον,·
922 2022 976 2084 καὶ
1007 2016 1093 2096 ἰδού,
1130 2014 1298 2100 εύχεταιιο

234 2111 320 2199 ὑπὲρ
343 2111 433 2199 ὑμῶν
456 2117 497 2183 τά
519 2117 705 2183 κάλλιστα.”
750 2115 803 2181 καί
828 2112 932 2193 οὕτως
954 2121 1064 2200 γέγονε
1093 2115 1131 2179 τὸ
1155 2109 1256 2181 αὐτοῦ

231 2214 423 2298 μαρτύριον.

326 2319 371 2376 15.
403 2311 445 2376 Εἰ
466 2317 576 2375 τοίνυν
600 2306 617 2373 ὁ
638 2309 756 2376 τούτου
772 2320 855 2387 παῖς
869 2309 1036 2375 τοσούτων
1053 2307 1134 2373 ἐτῶν
1150 2303 1258 2392 ύπίηρ-

232 2432 286 2491 χε,
319 2411 393 2485 πῶς
415 2404 479 2490 ἄρα
502 2404 519 2472 ὁ
543 2407 660 2472 τούτου
691 2406 800 2491 πατὴρ
829 2408 962 2490 βλέπιυν
991 2405 1139 2491 φρικώδη
1168 2404 1256 2486 πρά-

232 2530 353 2591 γματα,
379 2499 532 2590 ἀγγέλους
553 2503 611 2589 την
633 2510 782 2588 γέννησιν
804 2507 862 2568 τοῦ
886 2503 958 2568 υλοῦ
977 2504 1253 2588 δορυφοροῦντας,
1266 2521 1295 2570 15

232 2598 417 2686 ὑμνοῦντας
440 2597 496 2668 ἀπ’
523 2596 662 2685 ούρανοῦ
686 2603 741 2667 καὶ
756 2602 909 2685 λέγοντας
932 2599 1033 2678 “δόξα
1049 2599 1083 2666 έν
1098 2595 1257 2683 ὑψίστοις

232 2703 319 2785 θεῷ,
343 2699 397 2764 καί
420 2699 475 2766 έπλ
498 2702 556 2785 γῆς
579 2698 698 2786 είρηνη,
723 2698 756 2765 έν
780 2693 976 2782 ἀνθρώποις
999 2691 1164 2764 εόὸοκία·”
1201 2699 1256 2763 καί

233 2801 302 2864 τῶν
325 2803 493 2880 ποιμένων
515 2792 658 2882 ἡκόντων
672 2798 719 2875 εἰς
734 2795 772 2861 τὸ
789 2796 962 2882 σπήλαιον,
987 2797 1072 2862 ἔνθα
1087 2793 1256 2880 ἐγεννήθη,

208 2898 291 2961 Βκαί
314 2898 418 2960 ταῦτα
441 2891 672 2980 ἀγγελλόντων,
702 2897 755 2960 καὶ
779 2897 837 2959 τοῦ
856 2889 975 2979 Ἰωσὴφ
998 2887 1174 2969 άκαόοντσς
1196 2895 1256 2958 τοῦ

234 2992 439 3076 πρεσβύτου,
474 2998 527 3058 κάλ
563 2988 766 3077 ύπερβάντος
801 2995 858 3058 τοῦ
891 2991 1009 3076 χρόνου
1037 2989 1079 3056 τά
1106 2992 1298 3054 τοσαῦτα20

236 3101 357 3177 σημεῖα
380 3093 434 3156 καὶ
455 3089 623 3172 θαύματα,
648 3093 722 3168 πῶς
737 3089 858 3173 έτόλγιιι
874 3089 1087 3173 ἕμπαροινεῖν
1108 3091 1162 3152 καὶ
1181 3085 1253 3151 ἐνυ-

233 3188 359 3275 βρίζειν
383 3191 479 3271 σιῦμα
502 3184 605 3272 ἅγιον,
633 3186 666 3253 ἐν
690 3177 716 3272 ᾦ
739 3192 929 3272 κατῳκίσθη
951 3184 1051 3265 θεάς,·
1086 3183 1121 3262 ἐξ
1148 3172 1252 3267 οὗπερ

236 3285 391 3369 σώματος
414 3287 565 3371 συνελέγη
588 3281 666 3370 ἡμῖν
689 3280 707 3371 η
731 3287 788 3369 τῆς
811 3282 967 3365 ε’νσάρκσυ
994 3287 1180 3367 παρουσίας
1204 3280 1255 3347 οἰ-

234 3392 384 3466 κονομία.
420 3379 501 3450 ὅθεν
523 3378 541 3468 ἡ
567 3378 643 3468 άγία
666 3379 825 3466 ἄχραντος
848 3379 931 3461 σὰρξ
952 3375 1028 3463 ἡμῖν
1051 3374 1252 3466 ρ’κοδομηθη

236 3482 271 3549 ἐν
299 3484 339 3567 τῇ
368 3481 506 3567 θεότητι
533 3482 591 3545 τοῦ
623 3483 784 3565 σωτῆρος,
824 3474 868 3557 ὡς
898 3475 916 3542 ὃ
945 3474 1079 3563 ἄγγελος
1108 3477 1212 3543 ἐκεῖσε
1236 3472 1296 3542 525

236 3585 267 3645 Γ
265 3577 385 3665 αβριηλ
408 3581 508 3664 λέγων
534 3581 683 3660 *πνεῦμα
705 3584 817 3660 κυρίου
834 3574 1045 3642 ἐπελεύσεται
1066 3574 1123 3641 ἐπὶ
1142 3577 1179 3641 σὲ
1201 3577 1254 3640 καὶ

237 3677 376 3758 δύναμις
399 3674 542 3758 ύψίστου
566 3673 755 3741 ἐπισκιάσει
778 3694 848 3739 σοι·
878 3671 930 3739 διὸ
959 3675 1011 3738 καὶ
1035 3672 1072 3737 τὸ
1095 3671 1256 3758 γεννώμε-

237 3799 294 3841 νον
324 3774 358 3840 ἐκ
386 3777 446 3840 σοῦ
475 3769 569 3858 άγιον
597 3771 801 3857 κληθήσεται
835 3769 906 3848 υίὸς
935 3774 1045 3836 θεοῦ.”
1090 3773 1163 3846 πῶς
1192 3767 1257 3851 άρα

211 3872 362 3955 οέτόλμα
385 3868 600 3959 συνοφθῆναι
621 3873 660 3956 τῇ
683 3865 826 3955 τοσαύτη
849 3875 902 3934 καὶ
926 3866 1060 3953 τοιαύτη
1078 3862 1154 3952 άγίφ
1171 3891 1259 3949 ,ταρ-

238 3976 329 4057 θένω
353 3975 493 4056 Μαρίρς
525 3974 559 4034 τί
581 3968 616 4033 δὲ
640 3962 809 4054 ὠφέλησεν
833 3961 925 4049 ἡμᾶς,
957 3964 1062 4031 εἶκαὶ
1089 3961 1297 4050 συνηφθη,30

238 4064 323 4151 ὅπερ
345 4067 390 4153 μὴ
412 4073 550 4152 γίνοιτο,
581 4064 661 4150 περὶ
689 4067 748 4130 τοῦ
779 4064 901 4149 ζητεῖν,
939 4071 1038 4127 ποῖον
1068 4060 1103 4126 δὲ
1130 4059 1256 4142 μᾶλλον

237 4164 329 4232 ἐστιν
352 4163 576 4249 αἱρετώτερον,
606 4161 646 4228 τὸ
668 4161 878 4247 παραδοῦναι
904 4158 946 4225 τὰ
974 4156 1152 4243 πράγματα
1173 4160 1256 4243 θεῷ,

235 4257 257 4350 ἢ
283 4260 466 4349 βιάζεσθαι
493 4257 572 4348 ἡμῖν
606 4262 648 4327 τὰ
674 4267 824 4344 χείρονας
868 4253 921 4323 ότι
947 4257 1007 4340 μὲν
1040 4250 1098 4321 ούκ
1131 4253 1256 4343 ἐγράφη

1050 4359 1106 4412 33*

1167 4470 1362 4640 fl
