2867 5084
243 937 306 1028 370
473 925 684 1000 τυννοῦτον
699 951 795 1001 ma
814 950 1002 1001 κινενεοκ
1018 951 1046 999 ν.

241 1096 343 1168 αὐτοῦ
371 1103 518 1184 καρπῶν.
563 1092 602 1166 οῦ
624 1099 686 1186 γὰρ
710 1101 848 1168 δύναται
878 1100 914 1181 έξ
935 1099 1095 1168 ἀκανθῶν
1118 1098 1273 1186 σταφυλή

239 1202 441 1284 τρυγᾶσθαι,
465 1199 522 1264 ἵνα
543 1201 598 1263 καὶ
622 1191 692 1263 ἀπὸ
714 1203 773 1286 τῆς
795 1199 1095 1276 κακοδιὸασκαλίας
1116 1191 1137 1282 ἦ
1156 1196 1273 1279 σεμνό·

241 1321 301 1382 της
324 1291 459 1383 ὀφθείη.
491 1289 576 1362 ἀλλὰ
596 1298 702 1361 ταῦτα
722 1300 783 1380 μὲν
806 1306 883 1382 περὶ
906 1297 965 1363 τὸν
987 1293 1093 1380 ἀνδρα
1114 1294 1271 1379 γεγονότα

243 1387 425 1480 ἀκηκόαμεν
448 1396 502 1459 καλ
526 1392 776 1479 συμβεβηκότα·
807 1394 864 1460 διὰ
892 1396 928 1460 δὲ
950 1397 1017 1459 τῶν
1040 1391 1149 1478 λόγων
1172 1386 1268 1458 αὐτοῦ

170 1550 175 1559 .
217 1485 415 1558 ιάκόλουθα
439 1491 485 1569 εἷς
506 1488 629 1574 μανίαν
657 1488 786 1575 ἀρσειος
813 1491 898 1557 κατὰ
925 1494 984 1556 τοῦ
1013 1497 1129 1575 κυρίου
1152 1491 1267 1573 τολμη-

242 1595 371 1676 θείσης,
397 1584 442 1668 ὦς
465 1589 557 1675 ἔφην,
581 1588 693 1653 πολλὰ
713 1595 775 1672 μέν
798 1589 897 1668 ἐστιν,
923 1585 1018 1673 ῦλίγα
1040 1589 1077 1654 δὲ
1108 1581 1181 1654 ἀπὸ
1205 1589 1264 1652 τῶν

242 1686 410 1753 πλειόνων
425 1685 683 1771 παραθήσομαι,
700 1686 787 1770 πρὸς
803 1681 886 1753 αῦτά
903 1689 938 1752 δὲ
955 1685 976 1751 ἀ
992 1682 1010 1751 ὃ
1026 1686 1139 1768 κύριος
1156 1686 1263 1751 δίδωσι

242 1783 329 1865 πρὸς
351 1778 544 1868 ἀνατροπὴν
575 1783 632 1848 καὶ
655 1778 749 1849 αὐτοὶ
773 1784 917 1867 λέξομεν.
961 1787 1016 1848 καὶ
1040 1784 1131 1849 ἔστιν
1155 1779 1173 1870 ή
1195 1780 1261 1848 τοῦ·

241 1900 301 1943 του
323 1881 383 1943 τοῦ
402 1873 580 1962 ’Λυομοίου
602 1883 661 1965 τῆς
683 1887 830 1958 πίστεως
853 1882 1021 1965 ἒρεσχελία
1047 1886 1102 1946 καὶ
1125 1883 1192 1946 τῶν
1212 1876 1259 1942 λίν

202 1989 306 2062 ίογων
329 1969 534 2060 ἀπεικασμολ
557 1965 658 2057 οὗτοι,
692 1978 727 2044 ἐκ
753 1982 890 2066 γραφῶν
912 1980 972 2063 μὲν
996 1979 1176 2063 λεγόμενοι,
1208 1969 1292 2056 σι’γυιι

243 2070 350 2152 οὕτως
383 2075 419 2141 δὲ
446 2101 530 2141 κατα
564 2074 623 2141 τὸν
652 2079 729 2143 νοῦν
764 2077 907 2159 ἔχοντες,
946 2071 1031 2143 ἀλλὰ
1068 2076 1177 2156 ἄλλως
1208 2073 1271 2157 τήν·

240 2171 381 2256 δύναμιν
426 2172 569 2255 ἔχοντες,
618 2167 681 2240 ἀπ’
728 2171 829 2239 αὐτοῦ
873 2176 909 2240 δὲ
956 2169 1063 2253 οῦτως
1103 2168 1255 2257 λαμβανό-

239 2293 344 2353 μενοι.

327 2373 355 2434 6.
389 2367 519 2435 Φάσκει
550 2370 584 2434 δὲ
608 2363 710 2446 εὐθὺς
741 2367 775 2433 ἓν
804 2362 884 2454 ἀρχῇ
914 2365 967 2433 ὅτι
995 2362 1033 2432 οῦ
1065 2367 1198 2433 δύναται
1221 2359 1250 2428 τό

202 2479 231 2529 15
241 2457 415 2552 ἀγέννητον
447 2461 565 2549 ὅμοιον
588 2461 742 2550 εἶναιτῷ
765 2469 917 2551 γεννητῷ.
957 2467 1011 2530 καλ
1040 2465 1102 2549 γὰρ
1124 2463 1201 2531 κατὰ
1219 2457 1247 2525 τὸ

241 2557 347 2645 ὄνομα
370 2561 576 2629 διαλλάττει·
608 2562 730 2646 τὸμὲν
753 2562 814 2647 γάρ
838 2562 927 2628 ἐστιν
956 2557 1140 2649 ἀγέννητον,
1168 2559 1202 2626 τὸ
1220 2558 1243 2622 δ’

238 2661 308 2723 πᾶν
332 2658 422 2724 ἐστιν
444 2653 581 2744 η’λίθιον
607 2664 661 2725 καί
692 2662 739 2737 εἷς
766 2667 887 2741 μανίαν
920 2665 1048 2743 τρέψαι
1072 2659 1129 2726 τὸν
1152 2657 1243 2739 ἄνδρα·

239 2754 269 2820 εἰ
290 2752 352 2839 γάρ
376 2754 556 2840 ζητήσομεν
586 2761 632 2843 τῷ
656 2753 820 2843 ἀγεννήτῳ
848 2756 1035 2843 γεννήτορα,
1064 2760 1120 2824 ἵνα
1141 2757 1181 2844 μή
1200 2751 1243 2836 τὴν

239 2853 318 2933 περὶ
342 2856 491 2934 Χριστοῦ
523 2853 621 2932 δόξαν
645 2849 756 2941 ἀληθῆ
787 2848 1014 2937 ἀπολέσωμεν,
1050 2852 1261 2941 εὑρεθήσεται

200 2940 349 3014 ιθοῦκέτι
372 2943 419 3026 εἷς
442 2944 460 3014 ὁ
483 2950 603 3038 πατὴρ,
629 2948 705 3018 οῦδὲ
728 2951 838 3037 πατήρ
861 2951 998 3036 πατρὸς,
1023 2946 1108 3018 ἀλλὰ
1130 2952 1242 3031 ἄπειροι

238 3045 273 3112 σί
294 3051 438 3131 πατέρες
466 3053 619 3131 πατέρων
650 3050 857 3136 ζητούμενοι,
892 3053 946 3115 καί
977 3044 1086 3116 οῦκέτι
1115 3045 1161 3128 εἷς
1181 3041 1242 3119 θεός

238 3142 328 3210 ἐστιν
353 3139 372 3208 ὃ
395 3138 441 3211 οῦν
465 3137 516 3212 ἀεὶ
539 3148 592 3211 καὶ
616 3148 684 3232 πρὸ
707 3143 809 3212 αῦτοῦ
830 3149 933 3233 μηδὲν
956 3147 1109 3233 ἐσχηκὼς,
1132 3150 1183 3213 καλ
1204 3137 1242 3209 ἀεὶ

240 3240 401 3308 διατελῶν
423 3244 478 3309 καλ
500 3249 617 3327 μένων,
653 3245 688 3323 ἒξ
710 3233 749 3309 οῦ
773 3239 790 3308 ὁ
812 3244 992 3330 μονογενής
1011 3240 1176 3331 ἀληθινὸς.
1192 3238 1244 3313 υἱός

238 3343 427 3424 γεγέννηται
460 3343 515 3407 καὶ
547 3342 633 3420 ἔστι,
667 3344 720 3408 καὶ
749 3341 788 3406 τὸ
818 3338 912 3426 ἀγιον
942 3336 1044 3406 αὐτοῦ
1074 3346 1200 3426 πνεῦμα
1221 3335 1246 3412 ἕξ

198 3428 350 3514 τεαάτοῦ,
384 3431 459 3501 ἀλλ’
491 3438 625 3505 έσονται
657 3440 689 3504 οἱ
720 3438 913 3526 ζητούμενοι
945 3438 1067 3504 πολλοὶ
1104 3439 1184 3508 θεολ
1207 3430 1250 3503 καὶ

239 3532 361 3599 λοιπὸν
383 3532 425 3599 τὰ
448 3534 560 3601 πάντα
582 3531 694 3621 ἀπάτη
718 3537 811 3602 ἔσται
843 3539 897 3601 καὶ
933 3530 990 3601 οῦκ
1013 3530 1168 3623 ἀλήθεια.
1212 3537 1251 3602 δεῖ

238 3631 351 3696 δὲκαὶ
385 3627 431 3709 ιῦς
455 3632 544 3700 ἔστιν
575 3634 632 3699 ἕνα
655 3635 778 3700 εἰδέναι
805 3633 888 3698 θεὸν
918 3638 1048 3716 πατέρα
1069 3638 1131 3700 τοῦ
1153 3641 1253 3721 κυρίου

235 3723 330 3813 ήμῶν
350 3723 454 3816 Ἰησοῦ
476 3735 642 3814 Χριστοῦ,
678 3731 713 3810 ίξ
735 3756 773 3796 ου
796 3735 850 3797 καὶ
873 3734 911 3795 τὸ
940 3734 1072 3814 πνεῦμα
1101 3733 1142 3797 τὸ
1174 3730 1258 3821 ἀγιοι

238 3820 307 3891 ἀπὸ
331 3827 461 3912 πατρὸς
483 3827 742 3912 ἐκπορευόμενον
765 3832 893 3894 καὶτοῦ
911 3829 983 3892 υἱοῦ
1000 3828 1184 3913 λαμβάνον.
1213 3835 1282 3900 mic

195 3916 318 4008 υθάῦτη
343 3924 432 3991 ἐστὶν
453 3920 473 4009 ή
496 3931 558 4009 μία
580 3926 710 4011 θεότης,
737 3923 785 4004 εἷς
806 3926 897 4003 θεὸς,
926 3920 973 4003 εἷς
995 3925 1118 4010 κύριος,
1155 3929 1263 4019 πατήρ

234 4023 289 4087 καὶ
320 4021 389 4100 υίὸς
417 4025 471 4089 καλ
502 4019 595 4108 ἅγιον
625 4027 771 4106 πνεῦμα,
807 4019 844 4088 οῦ
874 4023 1061 4110 συναλοιφή
1092 4051 1147 4104 τις
1181 4023 1266 4096 ὢνὸ

235 4116 307 4195 υἱὸς
329 4122 376 4205 τῷ
399 4125 517 4204 πατρί,
557 4115 634 4188 οῦδὲ
655 4121 694 4186 τὸ
718 4118 811 4206 ἀγιον
834 4123 980 4202 πνεῦμα,
1015 4116 1087 4187 ἀλλ’
1114 4117 1133 4188 ὁ
1158 4127 1270 4215 πατὴρ

233 4212 344 4300 πατήρ
366 4220 420 4283 καὶ
445 4214 463 4283 ὁ
487 4217 558 4296 υἱὸς
580 4218 652 4298 υίὸς
673 4222 729 4286 καὶ
751 4209 844 4303 ἅγιον
861 4221 993 4302 πνεῦμα
1008 4214 1106 4305 ἀγιυν
1122 4229 1271 4313 πνεῦμα,
