2867 5084
1195 512 1211 569 ἰ

519 975 612 1027 τινι.
632 976 842 1028 mmmm.
1152 969 1193 1032 53

160 1133 288 1202 ποσοῖς
320 1080 405 1191 πότε
437 1125 559 1204 ἔτεσιν,
595 1115 640 1192 ιόν
670 1121 727 1193 οὐκ
756 1128 888 1210 ὲίιαθον
919 1130 977 1218 τὴν
1009 1129 1190 1246 ποσότητα.

159 1220 216 1285 καὶ
239 1221 324 1304 μετά
347 1225 452 1288 ταῦτα
474 1217 747 1303 ἀποκατάστασις
769 1225 864 1292 όσται
887 1230 951 1292 τῶν
969 1226 1030 1293 δύο
1047 1228 1189 1316 φύσεων,

159 1321 214 1383 καί
239 1317 317 1384 ολ”
295 1342 449 1404 αρχοντες
472 1319 643 1408 οἰκήσουσι
675 1321 717 1388 τά
744 1323 914 1408 κατώτερα
940 1331 1023 1411 μέρη
1054 1326 1189 1405 ἑαυτῶν,

160 1411 178 1478 ὁ
204 1416 242 1482 δὲ
255 1415 389 1533 ‘navigo
397 1416 439 1483 τὰ
461 1412 624 1500 ἀνώτερα,
659 1419 697 1483 τὸ
720 1420 809 1486 ἰδισν
832 1415 1024 1505 άπσλαβιόν.
1069 1421 1189 1509 ταύτην

160 1513 197 1578 δὲ
220 1516 335 1579 πᾶσαν
356 1515 414 1603 τὴν
437 1515 612 1581 διδασκαλί
599 1522 651 1581 ίαν
674 1519 845 1599 παρέδωκε
867 1529 940 1596 τοῖς
955 1520 1063 1603 τρισιν
1078 1514 1213 1588 αύτούιί

158 1618 342 1697 μαθηταῖς,
365 1611 563 1690 κελεύσας”
545 1636 682 1679 εκαστον
705 1614 752 1691 είς
774 1616 827 1680 κλί
814 1622 917 1696 ίματα
933 1612 1067 1682 ὁδεύειν.
1099 1599 1187 1684 καλο

158 1711 220 1789 μὲν
240 1703 422 1786 Ἀδδᾶς
387 1735 429 1775 τα
451 1712 509 1797 τῆς
532 1704 694 1798 ἀνατολῆς
715 1716 796 1797 μέρη
822 1710 984 1795 ἔλαχεν,ς
968 1737 985 1776 ο
1009 1715 1045 1779 δέ
1065 1718 1190 1798 Θωμᾶς

158 1830 218 1891 την
241 1805 356 1888 Σύριον
377 1808 436 1894 γῆν
458 1806 668 1894 κεκλή,ρωται
703 1803 851 1891 Ἑρμείας
880 1811 916 1875 δὲ
939 1807 1093 1889 άλλος
1060 1837 1118 1898 την
1141 1811 1188 1891 εἰς

159 1902 341 1985 Αἴγυπτον
366 1911 505 2018 πορείαν
466 1903 713 1992 ανέποιήσατο.
745 1909 798 1971 καὶ
814 1913 910 1990 μέχρι
925 1907 1066 2022 σήμερον
1083 1840 1188 1976 λκείσε

103 1999 274 2082 σιεδιατρί
272 2006 381 2084 βουσι,
389 2000 448 2088 τὴν
460 2024 518 2066 του
503 1997 724 2086 ”δόγματος(
706 2003 876 2070 οπόθεσιν
889 2007 1007 2091 στῆσαι
1019 2007 1185 2084 θέλοντες.
1198 2024 1226 2074 ιο

247 2102 299 2163 32.
334 2097 448 2163 Ταῦτά
471 2096 603 2164 έστιν“
584 2126 605 2165 οι
627 2095 859 2186 παρεθέμην’
841 2100 911 2165 απὸ
934 2125 993 2165 του
977 2097 1186 2185 ’Ἀρχελάου

157 2195 293 2276 βιβλίου
314 2197 374 2259 τοῦ
397 2203 648 2281 προειρημένου.
678 2201 732 2262 καί
757 2194 845 2263 οὕτω
869 2203 1006 2283 συνέστη
1030 2198 1069 2262 τό
1084 2193 1186 2264 αύτού

159 2290 393 2357 διδασκαλεῖον
417 2293 629 2372 ζιζανιώδους
651 2293 684 2358 έν
706 2293 821 2378 κόσμῳ
845 2297 984 2377 σπορᾶς,
1008 2299 1061 2360 καὶ
1082 2295 1124 2360 τὰ
1138 2296 1187 2374 ζι-

160 2386 303 2474 ζανιώδη
327 2391 386 2476 τῆς
408 2383 509 2456 αύτοῦ
532 2390 748 2468 διδασκαλίας
766 2389 931 2472 ἒξεμέσας.
963 2390 1055 2455 πάσα
1078 2392 1115 2456 δέ
1134 2416 1186 2469 τις

160 2480 444 2570 ύπενέγκονπρὸς
464 2485 522 2574 τὴν
545 2487 709 2573 τοσαύτην
732 2487 892 2571 διαβολὴν
921 2489 979 2550 τοῦ
1002 2487 1225 2571 μιμολόχουιιι

157 2581 289 2661 τούτου,
312 2578 358 2660 ὦς
380 2588 483 2649 παντί
506 2606 572 2648 που
597 2585 695 2671 δῆλον
718 2585 777 2664 εἰἠ.
810 2583 869 2649 κάν
884 2610 921 2650 τε
934 2583 979 2672 μη
996 2583 1187 2663 ε’·πιξεσθῶ-

156 2702 216 2745 σιν
237 2679 272 2745 αἱ
294 2680 399 2759 λέξεις
420 2678 507 2763 πρός
529 2674 730 2768 ἀνατροπὴν,
755 2676 950 2763 ἀρκέσουσιν
967 2681 1015 2759 είς
1031 2681 1185 2769 αἰσχύνην

155 2775 262 2860 μόνον
283 2779 331 2861 τῷ
355 2777 480 2844 εἰδέναι
502 2773 555 2843 ότι
576 2781 680 2843 ταῦτα
708 2772 788 2861 παρ’
815 2772 928 2855 αύτσῖς
957 2779 1185 2860 νομιστεύεται

157 2869 331 2939 άσύστατα
354 2871 434 2940 όντα
456 2878 509 2940 καὶ
532 2876 695 2961 μηδεμίαν
724 2874 863 2957 δύναμιν
892 2875 1016 2956 ἔχοντα.
1060 2876 1102 2941 τά
1124 2876 1185 2958 μὲν

128 2969 221 3056 ογάρ
244 2973 364 3054 πρῶτα
386 2972 419 3038 έν
442 2981 514 3050 τοῖς
536 2972 702 3056 δευτέροις
723 2971 894 3049 καταλύει,
925 2972 967 3038 τά
990 2973 1026 3037 δὲ
1049 2973 1223 3056 δεύτεραιο

158 3070 256 3152 ἕτερα
283 3067 378 3152 παρὰ
404 3068 447 3133 τὰ
475 3071 594 3152 πρῶτα
622 3075 813 3156 φθέγγεται.
867 3063 922 3134 ότὲ
949 3070 1009 3152 μὲν
1037 3068 1098 3154 γὰρ
1126 3069 1184 3134 τόν

156 3164 284 3250 κόσμον
307 3165 341 3232 ἐκ
364 3168 447 3232 θεοῦ
469 3167 565 3233 θέλει
580 3169 789 3254 γεγενῆσθαι,
814 3161 869 3231 ότὲ
884 3166 921 3231 δὲ
937 3164 971 3230 lx
986 3168 1052 3231 τῶν
1068 3160 1185 3248 ἀρχόν-

156 3289 242 3341 των,
271 3265 324 3328 καὶ
347 3263 405 3329 τὸν
428 3262 511 3329 θεὸν
532 3263 576 3350 μὴ
600 3264 683 3345 ἔχειν
712 3263 760 3340 είς
781 3263 838 3328 τὸν
861 3262 985 3345 κόσμον
1008 3286 1041 3327 τι
1064 3263 1183 3342 αἴτιον,

157 3357 247 3426 ἀλλά
268 3354 497 3442 ἀπολλύμενον
519 3361 577 3424 τὸν
599 3359 739 3443 κόσμον,
773 3362 858 3426 ποτὲ
881 3361 916 3425 δὲ
944 3358 983 3423 τὸ
1014 3364 1183 3442 στερέωμα

157 3458 307 3541 δέρματα
328 3452 414 3524 εἶναι
435 3461 502 3524 τῶν
524 3453 691 3543 ἀρχόντων
715 3456 845 3543 φάσκει,
871 3458 955 3522 ποτὲ
971 3457 1007 3522 δὲ
1023 3460 1221 3539 σταυροῦ-Ἀ

156 3560 248 3621 σθαι
269 3548 353 3621 αύτά
375 3550 445 3621 άνω
468 3555 502 3621 ἒν
524 3558 571 3641 τῷ
587 3554 692 3640 πόλῳ,
715 3561 923 3638 κατατρέχειν
938 3557 993 3619 καὶ
1009 3562 1182 3640 συννεφεῖν

114 3692 123 3703 ,
156 3654 214 3719 καὶ
237 3646 338 3737 ὀργάν
358 3656 413 3718 καὶ
437 3652 695 3735 δξοιστροῦσθαι
722 3651 808 3734 πρὸς
836 3651 894 3739 τὴν
922 3654 981 3739 τῆς
1008 3657 1182 3734 παρθένου

154 3755 245 3816 θέαν
267 3752 322 3814 καλ
344 3748 430 3833 πρὸς
450 3750 509 3838 τὴν
532 3745 720 3834 ὡραιότητα
741 3751 800 3814 τού
822 3754 944 3815 νεανία.

245 3852 297 3913 33.
315 3845 383 3911 Καὶ
395 3841 422 3912 ὢ
434 3847 562 3933 πολλῆς
574 3845 736 3931 αἰσχύνης.
763 3851 797 3910 τί
810 3845 871 3932 γὰρ
883 3843 1002 3911 τούτου
1012 3843 1181 3929 μοχθηρά-

156 3966 264 4028 τερον,
281 3936 480 4028 άηδέστερόν
493 3968 530 4010 τε
544 3947 597 4010 καί
615 3943 836 4028 αἰσχρότερον,
853 3946 912 4009 τοῦ
928 3942 1067 4031 θήλειαν
1083 3939 1219 4013 ἑαυτόω

129 4038 352 4108 τάνατοπούν
373 4040 413 4106 τὸ
435 4043 566 4123 πνεῦμα
589 4044 647 4129 τῆς
669 4037 844 4126 ἀληθείας,
880 4036 935 4107 ότὲ
957 4041 994 4106 δὲ
1016 4035 1182 4123 ἀρρενοει-

155 4140 225 4218 δῶς
241 4134 456 4205 δπτάνεσθαι
469 4148 542 4216 τοῖς
557 4136 732 4222 ἀρχούσας
755 4135 891 4220 αἰσχρὸν
908 4134 1043 4220 μὲνγὰρ
1059 4159 1181 4221 παροι-

155 4246 226 4304 νεῖν
235 4234 276 4301 τὸ
289 4232 395 4321 ἀνδρα
405 4234 613 4322 θηλεύεσθαι
623 4238 676 4302 καὶ
690 4234 724 4302 έν
735 4235 875 4321 θηλείας
885 4236 998 4320 μορφῇ
1010 4228 1180 4319 ὑπάρχειν·
