<?xml version="1.0" encoding="UTF-8"?>
<!DOCTYPE html PUBLIC "-//W3C//DTD XHTML 1.0 Transitional//EN"
    "http://www.w3.org/TR/xhtml1/DTD/xhtml1-transitional.dtd">
<html xmlns="http://www.w3.org/1999/xhtml" xml:lang="en" lang="en">
 <head>
  <title>
</title>
<meta http-equiv="Content-Type" content="text/html;charset=utf-8" />
  <meta name='ocr-system' content='tesseract 3.04.00' />
  <meta name='ocr-capabilities' content='ocr_page ocr_carea ocr_par ocr_line ocrx_word'/>
</head>
<body>
  <div class='ocr_page' id='page_1' title='image "./opera01dindgoog_0290.png"; bbox 0 0 2867 5084; ppageno 0'>
   <div class='ocr_carea' id='block_1_1' title="bbox 240 941 1029 1006">
    <p class='ocr_par' dir='ltr' id='par_1_1' title="bbox 240 941 1029 1006">
     <span class='ocr_line' id='line_1_1' title="bbox 240 941 1029 1006; baseline -0.004 0"><span class='ocrx_word' id='word_1_1' title='bbox 240 941 304 1006; x_wconf 75' lang='lat'><em>260</em></span> <span class='ocrx_word' id='word_1_2' title='bbox 465 955 669 1006; x_wconf 81' lang='grc' dir='ltr'><em>ιιιιωιυιοιι</em></span> <span class='ocrx_word' id='word_1_3' title='bbox 686 955 780 1006; x_wconf 73' lang='grc' dir='ltr'><em>κιαι</em></span> <span class='ocrx_word' id='word_1_4' title='bbox 799 956 985 1005; x_wconf 63' lang='lat' dir='ltr'><em>mmm</em></span> <span class='ocrx_word' id='word_1_5' title='bbox 1000 957 1029 1003; x_wconf 82' lang='lat' dir='ltr'><em>r.</em></span> 
     </span>
    </p>
   </div>
   <div class='ocr_carea' id='block_1_2' title="bbox 143 1100 1295 4315">
    <p class='ocr_par' dir='ltr' id='par_1_2' title="bbox 216 1100 1295 1968">
     <span class='ocr_line' id='line_1_2' title="bbox 242 1100 1295 1193; baseline -0.008 -19"><span class='ocrx_word' id='word_1_6' title='bbox 242 1106 330 1174; x_wconf 67' lang='grc' dir='ltr'><em>διεσι</em></span> <span class='ocrx_word' id='word_1_7' title='bbox 350 1107 414 1193; x_wconf 87' lang='grc' dir='ltr'><em>μὴν</em></span> <span class='ocrx_word' id='word_1_8' title='bbox 436 1106 554 1190; x_wconf 75' lang='grc' dir='ltr'><em>ἕτερος.</em></span> <span class='ocrx_word' id='word_1_9' title='bbox 580 1108 633 1171; x_wconf 81' lang='grc' dir='ltr'><em>καὶ</em></span> <span class='ocrx_word' id='word_1_10' title='bbox 647 1108 900 1189; x_wconf 85' lang='grc' dir='ltr'><em>περιλείπονται</em></span> <span class='ocrx_word' id='word_1_11' title='bbox 922 1100 991 1172; x_wconf 83' lang='grc' dir='ltr'><em>άπὸ</em></span> <span class='ocrx_word' id='word_1_12' title='bbox 1013 1108 1079 1170; x_wconf 81' lang='grc' dir='ltr'><em>τῶν</em></span> <span class='ocrx_word' id='word_1_13' title='bbox 1102 1104 1295 1170; x_wconf 70' lang='grc' dir='ltr'><em>ἐπακτῶνιίλ</em></span> 
     </span>
     <span class='ocr_line' id='line_1_3' title="bbox 239 1194 1253 1290; baseline -0.002 -22"><span class='ocrx_word' id='word_1_14' title='bbox 239 1199 358 1290; x_wconf 76' lang='grc' dir='ltr'><em>ἡμέραι</em></span> <span class='ocrx_word' id='word_1_15' title='bbox 379 1205 414 1283; x_wconf 77' lang='grc' dir='ltr'><em>ἐξ</em></span> <span class='ocrx_word' id='word_1_16' title='bbox 434 1207 488 1270; x_wconf 80' lang='grc' dir='ltr'><em>καὶ</em></span> <span class='ocrx_word' id='word_1_17' title='bbox 511 1194 595 1286; x_wconf 77' lang='grc' dir='ltr'><em>ιόραι</em></span> <span class='ocrx_word' id='word_1_18' title='bbox 618 1204 669 1289; x_wconf 90' lang='grc' dir='ltr'><em>ιη’.</em></span> <span class='ocrx_word' id='word_1_19' title='bbox 702 1211 975 1288; x_wconf 70' lang='grc' dir='ltr'><strong><em>προστιθεμένων</em></strong></span> <span class='ocrx_word' id='word_1_20' title='bbox 1002 1204 1037 1268; x_wconf 84' lang='grc' dir='ltr'><em>δὲ</em></span> <span class='ocrx_word' id='word_1_21' title='bbox 1059 1202 1186 1268; x_wconf 78' lang='grc' dir='ltr'><em>τούτων</em></span> <span class='ocrx_word' id='word_1_22' title='bbox 1209 1205 1253 1287; x_wconf 76' lang='grc' dir='ltr'><em>τῷ</em></span> 
     </span>
     <span class='ocr_line' id='line_1_4' title="bbox 241 1296 1254 1418; baseline -0.003 -51"><span class='ocrx_word' id='word_1_23' title='bbox 241 1300 417 1418; x_wconf 79' lang='grc' dir='ltr'><em>ἑβδόμῳ’</em></span> <span class='ocrx_word' id='word_1_24' title='bbox 400 1327 465 1369; x_wconf 90' lang='grc' dir='ltr'><em>ετει</em></span> <span class='ocrx_word' id='word_1_25' title='bbox 492 1312 566 1379; x_wconf 90' lang='grc' dir='ltr'><em>ταῖς</em></span> <span class='ocrx_word' id='word_1_26' title='bbox 595 1326 629 1366; x_wconf 93' lang='grc' dir='ltr'><em>ια</em></span> <span class='ocrx_word' id='word_1_27' title='bbox 667 1312 741 1379; x_wconf 85' lang='grc' dir='ltr'><em>ταῖς</em></span> <span class='ocrx_word' id='word_1_28' title='bbox 770 1297 838 1367; x_wconf 77' lang='grc' dir='ltr'><em>ἀπὸ</em></span> <span class='ocrx_word' id='word_1_29' title='bbox 866 1305 924 1366; x_wconf 84' lang='grc' dir='ltr'><em>τοῦ</em></span> <span class='ocrx_word' id='word_1_30' title='bbox 955 1302 1047 1378; x_wconf 81' lang='grc' dir='ltr'><em>ἐτοις</em></span> <span class='ocrx_word' id='word_1_31' title='bbox 1074 1300 1128 1366; x_wconf 84' lang='grc' dir='ltr'><em>καὶ</em></span> <span class='ocrx_word' id='word_1_32' title='bbox 1152 1296 1254 1382; x_wconf 77' lang='grc' dir='ltr'><em>ὥραις</em></span> 
     </span>
     <span class='ocr_line' id='line_1_5' title="bbox 239 1389 1253 1496; baseline -0.002 -34"><span class='ocrx_word' id='word_1_33' title='bbox 239 1398 329 1481; x_wconf 83' lang='grc' dir='ltr'><em>τρισὶ</em></span> <span class='ocrx_word' id='word_1_34' title='bbox 354 1406 500 1483; x_wconf 75' lang='grc' dir='ltr'><em>γίνονται</em></span> <span class='ocrx_word' id='word_1_35' title='bbox 529 1400 666 1465; x_wconf 82' lang='grc' dir='ltr'><em>έπακταὶ</em></span> <span class='ocrx_word' id='word_1_36' title='bbox 698 1398 755 1484; x_wconf 82' lang='grc' dir='ltr'><em>ιη’,</em></span> <span class='ocrx_word' id='word_1_37' title='bbox 791 1389 875 1496; x_wconf 77' lang='grc' dir='ltr'><em>ὧραι</em></span> <span class='ocrx_word' id='word_1_38' title='bbox 902 1398 961 1463; x_wconf 91' lang='grc' dir='ltr'><em>κα’.</em></span> <span class='ocrx_word' id='word_1_39' title='bbox 1007 1401 1053 1482; x_wconf 63' lang='lat' dir='ltr'><em>ua</em></span> <span class='ocrx_word' id='word_1_40' title='bbox 1082 1399 1117 1463; x_wconf 84' lang='grc' dir='ltr'><em>δὲ</em></span> <span class='ocrx_word' id='word_1_41' title='bbox 1148 1391 1253 1482; x_wconf 76' lang='grc' dir='ltr'><em>όγδόῳ</em></span> 
     </span>
     <span class='ocr_line' id='line_1_6' title="bbox 216 1489 1251 1581; baseline 0.002 -24"><span class='ocrx_word' id='word_1_42' title='bbox 216 1496 305 1562; x_wconf 73' lang='grc' dir='ltr'><em>ῦέτει</em></span> <span class='ocrx_word' id='word_1_43' title='bbox 327 1503 599 1581; x_wconf 64' lang='grc' dir='ltr'><em>προστιθεμένων</em></span> <span class='ocrx_word' id='word_1_44' title='bbox 622 1495 725 1560; x_wconf 90' lang='grc' dir='ltr'><em>πάλιν</em></span> <span class='ocrx_word' id='word_1_45' title='bbox 747 1500 812 1561; x_wconf 83' lang='grc' dir='ltr'><em>τῶν</em></span> <span class='ocrx_word' id='word_1_46' title='bbox 829 1523 863 1561; x_wconf 92' lang='grc' dir='ltr'><em>ια</em></span> <span class='ocrx_word' id='word_1_47' title='bbox 895 1492 1023 1580; x_wconf 79' lang='grc' dir='ltr'><em>ἡμερῶν</em></span> <span class='ocrx_word' id='word_1_48' title='bbox 1045 1497 1097 1560; x_wconf 83' lang='grc' dir='ltr'><em>καλ</em></span> <span class='ocrx_word' id='word_1_49' title='bbox 1116 1489 1251 1578; x_wconf 81' lang='grc' dir='ltr'><em>άρῶνχ’</em></span> 
     </span>
     <span class='ocr_line' id='line_1_7' title="bbox 238 1583 1255 1680; baseline -0.004 -20"><span class='ocrx_word' id='word_1_50' title='bbox 238 1601 385 1678; x_wconf 75' lang='grc' dir='ltr'><em>γίνονται</em></span> <span class='ocrx_word' id='word_1_51' title='bbox 405 1590 523 1680; x_wconf 79' lang='grc' dir='ltr'><em>ἡμέραι</em></span> <span class='ocrx_word' id='word_1_52' title='bbox 538 1621 596 1680; x_wconf 87' lang='grc' dir='ltr'><em>κη,</em></span> <span class='ocrx_word' id='word_1_53' title='bbox 621 1592 760 1659; x_wconf 85' lang='grc' dir='ltr'><em>ἐπακταὶ</em></span> <span class='ocrx_word' id='word_1_54' title='bbox 783 1597 835 1659; x_wconf 85' lang='grc' dir='ltr'><em>καὶ</em></span> <span class='ocrx_word' id='word_1_55' title='bbox 859 1583 964 1675; x_wconf 82' lang='grc' dir='ltr'><em>ὧραι</em></span> <span class='ocrx_word' id='word_1_56' title='bbox 957 1592 1015 1670; x_wconf 88' lang='grc' dir='ltr'><em>κδ,</em></span> <span class='ocrx_word' id='word_1_57' title='bbox 1039 1595 1075 1657; x_wconf 81' lang='grc' dir='ltr'><em>αἳ</em></span> <span class='ocrx_word' id='word_1_58' title='bbox 1098 1595 1255 1656; x_wconf 82' lang='grc' dir='ltr'><em>ποιοῦσιν</em></span> 
     </span>
     <span class='ocr_line' id='line_1_8' title="bbox 238 1687 1254 1777; baseline -0.004 -20"><span class='ocrx_word' id='word_1_59' title='bbox 238 1687 360 1777; x_wconf 81' lang='grc' dir='ltr'><em>ἡμέρας</em></span> <span class='ocrx_word' id='word_1_60' title='bbox 381 1691 422 1774; x_wconf 67' lang='grc' dir='ltr'><em>ιλ.</em></span> <span class='ocrx_word' id='word_1_61' title='bbox 464 1691 498 1757; x_wconf 82' lang='grc' dir='ltr'><em>ἐκ</em></span> <span class='ocrx_word' id='word_1_62' title='bbox 526 1689 650 1755; x_wconf 76' lang='grc' dir='ltr'><em>τούτων</em></span> <span class='ocrx_word' id='word_1_63' title='bbox 677 1694 743 1754; x_wconf 85' lang='grc' dir='ltr'><em>τῶν</em></span> <span class='ocrx_word' id='word_1_64' title='bbox 766 1688 860 1773; x_wconf 78' lang='grc' dir='ltr'><em>ιόριῦν</em></span> <span class='ocrx_word' id='word_1_65' title='bbox 883 1696 1158 1772; x_wconf 70' lang='grc' dir='ltr'><em>προστιθεμένων</em></span> <span class='ocrx_word' id='word_1_66' title='bbox 1183 1699 1254 1767; x_wconf 80' lang='grc' dir='ltr'><em>ταῖς</em></span> 
     </span>
     <span class='ocr_line' id='line_1_9' title="bbox 238 1783 1252 1903; baseline 0 -51"><span class='ocrx_word' id='word_1_67' title='bbox 238 1813 276 1870; x_wconf 85' lang='grc' dir='ltr'><em>κη</em></span> <span class='ocrx_word' id='word_1_68' title='bbox 308 1783 444 1873; x_wconf 74' lang='grc' dir='ltr'><em>ἡμέραις</em></span> <span class='ocrx_word' id='word_1_69' title='bbox 465 1794 611 1871; x_wconf 75' lang='grc' dir='ltr'><em>γίνονται</em></span> <span class='ocrx_word' id='word_1_70' title='bbox 635 1783 778 1869; x_wconf 82' lang='grc' dir='ltr'><em>ὁμοῦ,</em></span> <span class='ocrx_word' id='word_1_71' title='bbox 741 1788 766 1849; x_wconf 88' lang='grc' dir='ltr'><em>λ’</em></span> <span class='ocrx_word' id='word_1_72' title='bbox 820 1791 873 1854; x_wconf 81' lang='grc' dir='ltr'><em>καὶ</em></span> <span class='ocrx_word' id='word_1_73' title='bbox 897 1795 1070 1903; x_wconf 67' lang='grc' dir='ltr'><em>συμβαίνει</em></span> <span class='ocrx_word' id='word_1_74' title='bbox 1092 1784 1177 1851; x_wconf 86' lang='grc' dir='ltr'><em>κατά</em></span> <span class='ocrx_word' id='word_1_75' title='bbox 1199 1785 1252 1852; x_wconf 86' lang='grc' dir='ltr'><em>τὸν</em></span> 
     </span>
     <span class='ocr_line' id='line_1_10' title="bbox 240 1838 1252 1970; baseline -0.001 -22"><span class='ocrx_word' id='word_1_76' title='bbox 240 1881 403 1966; x_wconf 78' lang='grc' dir='ltr'><em>όχδσον’</em></span> <span class='ocrx_word' id='word_1_77' title='bbox 390 1884 538 1949; x_wconf 87' lang='grc' dir='ltr'><em>ενιαυτόν</em></span> <span class='ocrx_word' id='word_1_78' title='bbox 568 1838 849 1968; x_wconf 73' lang='grc' dir='ltr'><em>ἐμβολιμεόεόθαι</em></span> <span class='ocrx_word' id='word_1_79' title='bbox 878 1885 983 1962; x_wconf 85' lang='grc' dir='ltr'><em>τὰςλ</em></span> <span class='ocrx_word' id='word_1_80' title='bbox 1023 1881 1160 1970; x_wconf 82' lang='grc' dir='ltr'><em>ιιιέρας,</em></span> <span class='ocrx_word' id='word_1_81' title='bbox 1199 1883 1252 1948; x_wconf 88' lang='grc' dir='ltr'><em>τὸν</em></span> 
     </span>
    </p>

    <p class='ocr_par' dir='ltr' id='par_1_3' title="bbox 202 1980 1270 2456">
     <span class='ocr_line' id='line_1_11' title="bbox 202 1980 1250 2068; baseline -0.001 -22"><span class='ocrx_word' id='word_1_82' title='bbox 202 1981 296 2047; x_wconf 74' lang='grc' dir='ltr'><em>λθὲνα</em></span> <span class='ocrx_word' id='word_1_83' title='bbox 324 1984 410 2067; x_wconf 82' lang='grc' dir='ltr'><em>μῆνα</em></span> <span class='ocrx_word' id='word_1_84' title='bbox 440 2008 485 2060; x_wconf 87' lang='grc' dir='ltr'><em>εις</em></span> <span class='ocrx_word' id='word_1_85' title='bbox 507 1980 548 2046; x_wconf 88' lang='grc' dir='ltr'><em>τὰ</em></span> <span class='ocrx_word' id='word_1_86' title='bbox 576 1980 680 2046; x_wconf 79' lang='grc' dir='ltr'><em>δόο”</em></span> <span class='ocrx_word' id='word_1_87' title='bbox 664 2009 728 2068; x_wconf 86' lang='grc' dir='ltr'><em>ειη.</em></span> <span class='ocrx_word' id='word_1_88' title='bbox 771 1986 822 2047; x_wconf 78' lang='grc' dir='ltr'><em>καὶ</em></span> <span class='ocrx_word' id='word_1_89' title='bbox 853 2008 958 2061; x_wconf 86' lang='grc' dir='ltr'><em>οιτως</em></span> <span class='ocrx_word' id='word_1_90' title='bbox 985 1983 1067 2047; x_wconf 86' lang='grc' dir='ltr'><em>καιά</em></span> <span class='ocrx_word' id='word_1_91' title='bbox 1096 1989 1176 2065; x_wconf 87' lang='grc' dir='ltr'><em>περί</em></span> <span class='ocrx_word' id='word_1_92' title='bbox 1163 1983 1250 2047; x_wconf 90' lang='grc' dir='ltr'><em>ίοδον</em></span> 
     </span>
     <span class='ocr_line' id='line_1_12' title="bbox 239 2073 1270 2165; baseline -0.001 -21"><span class='ocrx_word' id='word_1_93' title='bbox 239 2073 466 2162; x_wconf 85' lang='grc' dir='ltr'><em>δκταετηρίδος</em></span> <span class='ocrx_word' id='word_1_94' title='bbox 489 2078 677 2165; x_wconf 75' lang='grc' dir='ltr'><em>ἐνενήκοντα</em></span> <span class='ocrx_word' id='word_1_95' title='bbox 699 2076 826 2165; x_wconf 78' lang='grc' dir='ltr'><em>ἡμέραι,</em></span> <span class='ocrx_word' id='word_1_96' title='bbox 852 2082 971 2157; x_wconf 71' lang='grc' dir='ltr'><em>οἵτινές</em></span> <span class='ocrx_word' id='word_1_97' title='bbox 988 2081 1051 2146; x_wconf 83' lang='grc' dir='ltr'><em>εἰσι</em></span> <span class='ocrx_word' id='word_1_98' title='bbox 1068 2082 1270 2165; x_wconf 64' lang='grc' dir='ltr'><em>πληρωταί</em></span> 
     </span>
     <span class='ocr_line' id='line_1_13' title="bbox 237 2175 1249 2262; baseline -0.002 -20"><span class='ocrx_word' id='word_1_99' title='bbox 237 2200 291 2243; x_wconf 86' lang='grc' dir='ltr'><em>τοι</em></span> <span class='ocrx_word' id='word_1_100' title='bbox 314 2175 486 2260; x_wconf 70' lang='grc' dir='ltr'><em>ἐμβόλιμοι</em></span> <span class='ocrx_word' id='word_1_101' title='bbox 508 2180 607 2262; x_wconf 77' lang='grc' dir='ltr'><em>μηνες</em></span> <span class='ocrx_word' id='word_1_102' title='bbox 629 2188 732 2259; x_wconf 85' lang='grc' dir='ltr'><em>τρεῖς,</em></span> <span class='ocrx_word' id='word_1_103' title='bbox 769 2181 801 2242; x_wconf 81' lang='grc' dir='ltr'><em>οἳ</em></span> <span class='ocrx_word' id='word_1_104' title='bbox 828 2185 974 2261; x_wconf 86' lang='grc' dir='ltr'><em>χίνονται</em></span> <span class='ocrx_word' id='word_1_105' title='bbox 996 2176 1078 2241; x_wconf 85' lang='grc' dir='ltr'><em>κατὰ</em></span> <span class='ocrx_word' id='word_1_106' title='bbox 1100 2186 1178 2260; x_wconf 84' lang='grc' dir='ltr'><em>τρία</em></span> <span class='ocrx_word' id='word_1_107' title='bbox 1201 2179 1249 2257; x_wconf 84' lang='grc' dir='ltr'><em>ἐτη</em></span> 
     </span>
     <span class='ocr_line' id='line_1_14' title="bbox 237 2270 1250 2360; baseline -0.001 -21"><span class='ocrx_word' id='word_1_108' title='bbox 237 2274 300 2358; x_wconf 80' lang='grc' dir='ltr'><em>μὴν</em></span> <span class='ocrx_word' id='word_1_109' title='bbox 323 2271 369 2352; x_wconf 80' lang='grc' dir='ltr'><em>εἷς</em></span> <span class='ocrx_word' id='word_1_110' title='bbox 391 2274 445 2341; x_wconf 79' lang='grc' dir='ltr'><em>καὶ</em></span> <span class='ocrx_word' id='word_1_111' title='bbox 468 2274 550 2341; x_wconf 83' lang='grc' dir='ltr'><em>κατὰ</em></span> <span class='ocrx_word' id='word_1_112' title='bbox 573 2275 630 2339; x_wconf 85' lang='grc' dir='ltr'><em>δύο</em></span> <span class='ocrx_word' id='word_1_113' title='bbox 653 2274 694 2340; x_wconf 90' lang='grc' dir='ltr'><em>τὰ</em></span> <span class='ocrx_word' id='word_1_114' title='bbox 719 2272 837 2355; x_wconf 80' lang='grc' dir='ltr'><em>όστερα</em></span> <span class='ocrx_word' id='word_1_115' title='bbox 866 2276 919 2360; x_wconf 78' lang='grc' dir='ltr'><em>ἐτη</em></span> <span class='ocrx_word' id='word_1_116' title='bbox 942 2274 1005 2358; x_wconf 79' lang='grc' dir='ltr'><em>μην</em></span> <span class='ocrx_word' id='word_1_117' title='bbox 1029 2270 1084 2352; x_wconf 79' lang='grc' dir='ltr'><em>εἷς.</em></span> <span class='ocrx_word' id='word_1_118' title='bbox 1124 2275 1157 2340; x_wconf 87' lang='grc' dir='ltr'><em>ἐν</em></span> <span class='ocrx_word' id='word_1_119' title='bbox 1181 2273 1250 2339; x_wconf 85' lang='grc' dir='ltr'><em>τοό-</em></span> 
     </span>
     <span class='ocr_line' id='line_1_15' title="bbox 238 2372 1248 2456; baseline -0.001 -20"><span class='ocrx_word' id='word_1_120' title='bbox 238 2396 308 2450; x_wconf 86' lang='grc' dir='ltr'><em>τοις</em></span> <span class='ocrx_word' id='word_1_121' title='bbox 329 2383 400 2449; x_wconf 85' lang='grc' dir='ltr'><em>τοῖς</em></span> <span class='ocrx_word' id='word_1_122' title='bbox 422 2375 528 2456; x_wconf 77' lang='grc' dir='ltr'><em>τρισὶν</em></span> <span class='ocrx_word' id='word_1_123' title='bbox 552 2372 743 2455; x_wconf 72' lang='grc' dir='ltr'><em>ἐμβολίμοις</em></span> <span class='ocrx_word' id='word_1_124' title='bbox 765 2376 830 2437; x_wconf 81' lang='grc' dir='ltr'><em>τῶν</em></span> <span class='ocrx_word' id='word_1_125' title='bbox 852 2377 951 2455; x_wconf 80' lang='grc' dir='ltr'><em>τριῶν</em></span> <span class='ocrx_word' id='word_1_126' title='bbox 969 2373 1159 2439; x_wconf 84' lang='grc' dir='ltr'><em>συστάσιων</em></span> <span class='ocrx_word' id='word_1_127' title='bbox 1183 2375 1248 2436; x_wconf 88' lang='grc' dir='ltr'><em>δια-</em></span> 
     </span>
    </p>

    <p class='ocr_par' dir='ltr' id='par_1_4' title="bbox 202 2465 1247 2645">
     <span class='ocr_line' id='line_1_16' title="bbox 202 2465 1247 2556; baseline -0.003 -20"><span class='ocrx_word' id='word_1_128' title='bbox 202 2478 344 2556; x_wconf 69' lang='grc' dir='ltr'><em>Ιῧφιυνεῖ</em></span> <span class='ocrx_word' id='word_1_129' title='bbox 372 2470 409 2534; x_wconf 91' lang='grc' dir='ltr'><em>τὸ</em></span> <span class='ocrx_word' id='word_1_130' title='bbox 433 2470 552 2552; x_wconf 83' lang='grc' dir='ltr'><em>Πάσχα</em></span> <span class='ocrx_word' id='word_1_131' title='bbox 580 2468 672 2553; x_wconf 82' lang='grc' dir='ltr'><em>παρὰ</em></span> <span class='ocrx_word' id='word_1_132' title='bbox 700 2465 868 2547; x_wconf 78' lang='grc' dir='ltr'><em>Ἰουδαίοις</em></span> <span class='ocrx_word' id='word_1_133' title='bbox 896 2497 931 2536; x_wconf 88' lang='grc' dir='ltr'><em>τε</em></span> <span class='ocrx_word' id='word_1_134' title='bbox 960 2475 1011 2535; x_wconf 83' lang='grc' dir='ltr'><em>καὶ</em></span> <span class='ocrx_word' id='word_1_135' title='bbox 1036 2478 1247 2553; x_wconf 78' lang='grc' dir='ltr'><em>Χριστιανοίς</em></span> 
     </span>
     <span class='ocr_line' id='line_1_17' title="bbox 238 2564 530 2645; baseline -0.007 -13"><span class='ocrx_word' id='word_1_136' title='bbox 238 2567 292 2633; x_wconf 86' lang='grc' dir='ltr'><em>καὶ</em></span> <span class='ocrx_word' id='word_1_137' title='bbox 314 2577 385 2643; x_wconf 82' lang='grc' dir='ltr'><em>τοῖς</em></span> <span class='ocrx_word' id='word_1_138' title='bbox 408 2564 530 2645; x_wconf 74' lang='grc' dir='ltr'><em>ἄλλοις.</em></span> 
     </span>
    </p>

    <p class='ocr_par' dir='ltr' id='par_1_5' title="bbox 236 2659 1246 2944">
     <span class='ocr_line' id='line_1_18' title="bbox 301 2659 1246 2749; baseline -0.001 -20"><span class='ocrx_word' id='word_1_139' title='bbox 301 2672 373 2729; x_wconf 65' lang='grc' dir='ltr'><em>’λλ</em></span> <span class='ocrx_word' id='word_1_140' title='bbox 401 2660 449 2727; x_wconf 79' lang='grc' dir='ltr'><em>Ἑν</em></span> <span class='ocrx_word' id='word_1_141' title='bbox 471 2665 600 2740; x_wconf 84' lang='grc' dir='ltr'><em>τούτοις</em></span> <span class='ocrx_word' id='word_1_142' title='bbox 622 2659 640 2748; x_wconf 76' lang='grc' dir='ltr'>ἡ</span> <span class='ocrx_word' id='word_1_143' title='bbox 666 2663 823 2749; x_wconf 80' lang='grc' dir='ltr'><em>διαλλαγὴ</em></span> <span class='ocrx_word' id='word_1_144' title='bbox 846 2664 938 2749; x_wconf 82' lang='grc' dir='ltr'><em>παρὰ</em></span> <span class='ocrx_word' id='word_1_145' title='bbox 961 2677 1032 2742; x_wconf 89' lang='grc' dir='ltr'><em>τοῖς</em></span> <span class='ocrx_word' id='word_1_146' title='bbox 1054 2669 1246 2749; x_wconf 82' lang='grc' dir='ltr'><em>προειρημέ-</em></span> 
     </span>
     <span class='ocr_line' id='line_1_19' title="bbox 236 2755 1244 2845; baseline -0.002 -19"><span class='ocrx_word' id='word_1_147' title='bbox 236 2767 348 2843; x_wconf 88' lang='grc' dir='ltr'><em>μένοις</em></span> <span class='ocrx_word' id='word_1_148' title='bbox 370 2755 556 2837; x_wconf 86' lang='grc' dir='ltr'><em>Αόδιανοῒς</em></span> <span class='ocrx_word' id='word_1_149' title='bbox 589 2767 727 2845; x_wconf 81' lang='grc' dir='ltr'><em>γίνεται,</em></span> <span class='ocrx_word' id='word_1_150' title='bbox 762 2762 816 2826; x_wconf 78' lang='grc' dir='ltr'><em>καί</em></span> <span class='ocrx_word' id='word_1_151' title='bbox 844 2764 1015 2828; x_wconf 82' lang='grc' dir='ltr'><em>πλανιῦσιν</em></span> <span class='ocrx_word' id='word_1_152' title='bbox 1046 2762 1168 2845; x_wconf 76' lang='grc' dir='ltr'><em>ἄνδρας</em></span> <span class='ocrx_word' id='word_1_153' title='bbox 1200 2760 1244 2825; x_wconf 89' lang='grc' dir='ltr'><em>καλ</em></span> 
     </span>
     <span class='ocr_line' id='line_1_20' title="bbox 238 2857 1245 2944; baseline 0 -22"><span class='ocrx_word' id='word_1_154' title='bbox 238 2869 405 2941; x_wconf 75' lang='grc' dir='ltr'><em>γυναῖκας,</em></span> <span class='ocrx_word' id='word_1_155' title='bbox 440 2857 473 2923; x_wconf 88' lang='grc' dir='ltr'><em>ἐν</em></span> <span class='ocrx_word' id='word_1_156' title='bbox 502 2857 606 2943; x_wconf 80' lang='grc' dir='ltr'><em>τούτῳ</em></span> <span class='ocrx_word' id='word_1_157' title='bbox 640 2863 686 2943; x_wconf 76' lang='grc' dir='ltr'><em>τῷ</em></span> <span class='ocrx_word' id='word_1_158' title='bbox 708 2867 800 2943; x_wconf 82' lang='grc' dir='ltr'><em>μέρει</em></span> <span class='ocrx_word' id='word_1_159' title='bbox 823 2859 1056 2941; x_wconf 84' lang='grc' dir='ltr'><em>σεμνυνόμενοι</em></span> <span class='ocrx_word' id='word_1_160' title='bbox 1084 2858 1168 2925; x_wconf 86' lang='grc' dir='ltr'><em>κατὰ</em></span> <span class='ocrx_word' id='word_1_161' title='bbox 1195 2859 1245 2944; x_wconf 79' lang='grc' dir='ltr'><em>την</em></span> 
     </span>
    </p>

    <p class='ocr_par' dir='ltr' id='par_1_6' title="bbox 143 2949 1288 4315">
     <span class='ocr_line' id='line_1_21' title="bbox 199 2949 1245 3042; baseline 0.005 -27"><span class='ocrx_word' id='word_1_162' title='bbox 199 2954 425 3037; x_wconf 79' lang='grc' dir='ltr'><em>2οπαράδοσιν</em></span> <span class='ocrx_word' id='word_1_163' title='bbox 447 2953 504 3041; x_wconf 77' lang='grc' dir='ltr'><em>την</em></span> <span class='ocrx_word' id='word_1_164' title='bbox 527 2949 584 3021; x_wconf 55' lang='grc' dir='ltr'><em>άπ)</em></span> <span class='ocrx_word' id='word_1_165' title='bbox 609 2951 707 3042; x_wconf 71' lang='grc' dir='ltr'><em>ἀρχῆς</em></span> <span class='ocrx_word' id='word_1_166' title='bbox 730 2957 982 3042; x_wconf 68' lang='grc' dir='ltr'><em>ἐπιτελουμένην</em></span> <span class='ocrx_word' id='word_1_167' title='bbox 1014 2960 1066 3021; x_wconf 78' lang='grc' dir='ltr'><em>καὶ</em></span> <span class='ocrx_word' id='word_1_168' title='bbox 1091 2956 1174 3021; x_wconf 86' lang='grc' dir='ltr'><em>κατὰ</em></span> <span class='ocrx_word' id='word_1_169' title='bbox 1196 2954 1245 3040; x_wconf 74' lang='grc' dir='ltr'><em>τὴν</em></span> 
     </span>
     <span class='ocr_line' id='line_1_22' title="bbox 239 3049 1246 3175; baseline -0.001 -58"><span class='ocrx_word' id='word_1_170' title='bbox 239 3052 387 3130; x_wconf 82' lang='grc' dir='ltr'><em>διάταξιν</em></span> <span class='ocrx_word' id='word_1_171' title='bbox 414 3078 479 3117; x_wconf 92' lang='grc' dir='ltr'><em>των</em></span> <span class='ocrx_word' id='word_1_172' title='bbox 501 3049 708 3132; x_wconf 86' lang='grc' dir='ltr'><em>άποστολων,</em></span> <span class='ocrx_word' id='word_1_173' title='bbox 733 3057 877 3141; x_wconf 80' lang='grc' dir='ltr'><em>μηδεμιά</em></span> <span class='ocrx_word' id='word_1_174' title='bbox 900 3050 1049 3175; x_wconf 72' lang='grc' dir='ltr'><em>άκρηδείᾳ</em></span> <span class='ocrx_word' id='word_1_175' title='bbox 1072 3061 1246 3136; x_wconf 79' lang='grc' dir='ltr'><em>προσέχον-</em></span> 
     </span>
     <span class='ocr_line' id='line_1_23' title="bbox 236 3149 1247 3239; baseline 0 -24"><span class='ocrx_word' id='word_1_176' title='bbox 236 3176 299 3230; x_wconf 90' lang='grc' dir='ltr'><em>τες,</em></span> <span class='ocrx_word' id='word_1_177' title='bbox 321 3149 441 3237; x_wconf 77' lang='grc' dir='ltr'><em>μηδὲ’</em></span> <span class='ocrx_word' id='word_1_178' title='bbox 427 3149 641 3231; x_wconf 85' lang='grc' dir='ltr'><em>επιστάμενοι</em></span> <span class='ocrx_word' id='word_1_179' title='bbox 663 3154 701 3215; x_wconf 86' lang='grc' dir='ltr'><em>τδ</em></span> <span class='ocrx_word' id='word_1_180' title='bbox 726 3155 831 3239; x_wconf 77' lang='grc' dir='ltr'><em>σαφὲς</em></span> <span class='ocrx_word' id='word_1_181' title='bbox 859 3157 916 3238; x_wconf 79' lang='grc' dir='ltr'><em>της</em></span> <span class='ocrx_word' id='word_1_182' title='bbox 945 3152 978 3218; x_wconf 85' lang='grc' dir='ltr'><em>ἐν</em></span> <span class='ocrx_word' id='word_1_183' title='bbox 1009 3152 1158 3230; x_wconf 79' lang='grc' dir='ltr'><em>διατάξει</em></span> <span class='ocrx_word' id='word_1_184' title='bbox 1188 3154 1247 3215; x_wconf 83' lang='grc' dir='ltr'><em>τῶν</em></span> 
     </span>
     <span class='ocr_line' id='line_1_24' title="bbox 237 3238 1268 3334; baseline -0.001 -21"><span class='ocrx_word' id='word_1_185' title='bbox 237 3242 434 3314; x_wconf 81' lang='grc' dir='ltr'><em>ἀποστόλων</em></span> <span class='ocrx_word' id='word_1_186' title='bbox 458 3249 646 3331; x_wconf 78' lang='grc' dir='ltr'><em>ἐπιμελείας</em></span> <span class='ocrx_word' id='word_1_187' title='bbox 668 3238 705 3334; x_wconf 79' lang='grc' dir='ltr'><em>ἧς</em></span> <span class='ocrx_word' id='word_1_188' title='bbox 729 3249 939 3334; x_wconf 66' lang='grc' dir='ltr'><em>ἐποιήσαντο,</em></span> <span class='ocrx_word' id='word_1_189' title='bbox 965 3243 1002 3314; x_wconf 83' lang='grc' dir='ltr'><em>οδ</em></span> <span class='ocrx_word' id='word_1_190' title='bbox 996 3248 1082 3314; x_wconf 82' lang='grc' dir='ltr'><em>ιδιά</em></span> <span class='ocrx_word' id='word_1_191' title='bbox 1107 3249 1146 3313; x_wconf 85' lang='grc' dir='ltr'><em>τὸ</em></span> <span class='ocrx_word' id='word_1_192' title='bbox 1168 3275 1247 3314; x_wconf 82' lang='grc' dir='ltr'><em>παν</em></span> <span class='ocrx_word' id='word_1_193' title='bbox 1234 3252 1268 3301; x_wconf 65' lang='lat' dir='ltr'>b</span> 
     </span>
     <span class='ocr_line' id='line_1_25' title="bbox 237 3340 1251 3430; baseline 0.002 -22"><span class='ocrx_word' id='word_1_194' title='bbox 237 3370 301 3422; x_wconf 91' lang='grc' dir='ltr'><em>τως</em></span> <span class='ocrx_word' id='word_1_195' title='bbox 329 3343 418 3429; x_wconf 84' lang='grc' dir='ltr'><em>δι’χειν</em></span> <span class='ocrx_word' id='word_1_196' title='bbox 447 3371 523 3422; x_wconf 84' lang='grc' dir='ltr'><em>τοις</em></span> <span class='ocrx_word' id='word_1_197' title='bbox 549 3340 724 3423; x_wconf 76' lang='grc' dir='ltr'><em>Ἰουδαίοις</em></span> <span class='ocrx_word' id='word_1_198' title='bbox 757 3346 840 3429; x_wconf 85' lang='grc' dir='ltr'><em>μετὰ</em></span> <span class='ocrx_word' id='word_1_199' title='bbox 869 3343 1105 3430; x_wconf 56' lang='grc' dir='ltr'><em>άκριβείαςμν</em></span> <span class='ocrx_word' id='word_1_200' title='bbox 1084 3343 1169 3410; x_wconf 79' lang='grc' dir='ltr'><em>ἀλλὰ</em></span> <span class='ocrx_word' id='word_1_201' title='bbox 1199 3342 1251 3410; x_wconf 81' lang='grc' dir='ltr'><em>διὰ</em></span> 
     </span>
     <span class='ocr_line' id='line_1_26' title="bbox 198 3438 1252 3529; baseline 0.003 -25"><span class='ocrx_word' id='word_1_202' title='bbox 198 3439 275 3505; x_wconf 72' lang='grc' dir='ltr'><em>25τό</em></span> <span class='ocrx_word' id='word_1_203' title='bbox 299 3441 441 3524; x_wconf 74' lang='grc' dir='ltr'><em>ἐκτεμεῖν</em></span> <span class='ocrx_word' id='word_1_204' title='bbox 464 3442 521 3529; x_wconf 78' lang='grc' dir='ltr'><em>τὴν</em></span> <span class='ocrx_word' id='word_1_205' title='bbox 544 3445 748 3529; x_wconf 73' lang='grc' dir='ltr'><em>φιλονεικίαν</em></span> <span class='ocrx_word' id='word_1_206' title='bbox 770 3448 836 3508; x_wconf 78' lang='grc' dir='ltr'><em>τῶν</em></span> <span class='ocrx_word' id='word_1_207' title='bbox 851 3446 1059 3528; x_wconf 74' lang='grc' dir='ltr'><em>βουλομένων</em></span> <span class='ocrx_word' id='word_1_208' title='bbox 1082 3438 1158 3509; x_wconf 63' lang='grc' dir='ltr'><em>καθ’</em></span> <span class='ocrx_word' id='word_1_209' title='bbox 1179 3443 1252 3510; x_wconf 80' lang='grc' dir='ltr'><em>ἐαυ-</em></span> 
     </span>
     <span class='ocr_line' id='line_1_27' title="bbox 143 3538 1253 3628; baseline 0.005 -26"><span class='ocrx_word' id='word_1_210' title='bbox 143 3575 145 3578; x_wconf 49' lang='grc'><strong>&lt;</strong></span> <span class='ocrx_word' id='word_1_211' title='bbox 236 3538 314 3616; x_wconf 74' lang='grc' dir='ltr'><em>τοὺς</em></span> <span class='ocrx_word' id='word_1_212' title='bbox 341 3540 476 3606; x_wconf 78' lang='grc' dir='ltr'><em>ἕκαστον</em></span> <span class='ocrx_word' id='word_1_213' title='bbox 506 3540 685 3619; x_wconf 80' lang='grc' dir='ltr'><em>ἐπιτελεῖν,</em></span> <span class='ocrx_word' id='word_1_214' title='bbox 720 3541 776 3607; x_wconf 83' lang='grc' dir='ltr'><em>καὶ</em></span> <span class='ocrx_word' id='word_1_215' title='bbox 803 3540 847 3628; x_wconf 79' lang='grc' dir='ltr'><em>μη</em></span> <span class='ocrx_word' id='word_1_216' title='bbox 878 3541 910 3606; x_wconf 88' lang='grc' dir='ltr'><em>ἐν</em></span> <span class='ocrx_word' id='word_1_217' title='bbox 940 3538 1085 3627; x_wconf 80' lang='grc' dir='ltr'><em>ὁμονοίᾳ.</em></span> <span class='ocrx_word' id='word_1_218' title='bbox 1129 3545 1163 3608; x_wconf 79' lang='grc' dir='ltr'><em>ἐν</em></span> <span class='ocrx_word' id='word_1_219' title='bbox 1193 3541 1253 3626; x_wconf 83' lang='grc' dir='ltr'><em>γὰρ</em></span> 
     </span>
     <span class='ocr_line' id='line_1_28' title="bbox 236 3636 1254 3724; baseline 0.001 -21"><span class='ocrx_word' id='word_1_220' title='bbox 236 3636 356 3718; x_wconf 83' lang='grc' dir='ltr'><em>Πάσχα</em></span> <span class='ocrx_word' id='word_1_221' title='bbox 388 3637 535 3720; x_wconf 87' lang='grc' dir='ltr'><em>Χριστός</em></span> <span class='ocrx_word' id='word_1_222' title='bbox 566 3639 735 3721; x_wconf 70' lang='grc' dir='ltr'><em>βούλεται,</em></span> <span class='ocrx_word' id='word_1_223' title='bbox 769 3643 820 3704; x_wconf 78' lang='grc' dir='ltr'><em>καὶ</em></span> <span class='ocrx_word' id='word_1_224' title='bbox 856 3644 952 3704; x_wconf 80' lang='grc' dir='ltr'><em>τοῦτο</em></span> <span class='ocrx_word' id='word_1_225' title='bbox 987 3641 1166 3724; x_wconf 80' lang='grc' dir='ltr'><em>λογίζεται,</em></span> <span class='ocrx_word' id='word_1_226' title='bbox 1202 3640 1254 3705; x_wconf 85' lang='grc' dir='ltr'><em>καλ</em></span> 
     </span>
     <span class='ocr_line' id='line_1_29' title="bbox 236 3731 1257 3852; baseline 0.003 -52"><span class='ocrx_word' id='word_1_227' title='bbox 236 3737 454 3820; x_wconf 81' lang='grc' dir='ltr'><em>προσδέχεται</em></span> <span class='ocrx_word' id='word_1_228' title='bbox 487 3736 544 3801; x_wconf 86' lang='grc' dir='ltr'><em>τόν</em></span> <span class='ocrx_word' id='word_1_229' title='bbox 578 3731 795 3822; x_wconf 78' lang='grc' dir='ltr'><em>ἀφιλονείκως</em></span> <span class='ocrx_word' id='word_1_230' title='bbox 828 3737 1043 3805; x_wconf 74' lang='grc' dir='ltr'><em>ἐπιτελοῦντα</em></span> <span class='ocrx_word' id='word_1_231' title='bbox 1076 3744 1195 3819; x_wconf 91' lang='grc' dir='ltr'><em>μέντοι</em></span> <span class='ocrx_word' id='word_1_232' title='bbox 1221 3761 1257 3852; x_wconf 79' lang='grc' dir='ltr'><em>χε</em></span> 
     </span>
     <span class='ocr_line' id='line_1_30' title="bbox 235 3829 1258 3955; baseline 0 -55"><span class='ocrx_word' id='word_1_233' title='bbox 235 3833 318 3915; x_wconf 82' lang='grc' dir='ltr'><em>μετὰ</em></span> <span class='ocrx_word' id='word_1_234' title='bbox 340 3860 405 3898; x_wconf 90' lang='grc' dir='ltr'><em>των</em></span> <span class='ocrx_word' id='word_1_235' title='bbox 426 3833 510 3917; x_wconf 84' lang='grc' dir='ltr'><em>μετὰ</em></span> <span class='ocrx_word' id='word_1_236' title='bbox 533 3829 710 3951; x_wconf 75' lang='grc' dir='ltr'><em>ἀκριβείας</em></span> <span class='ocrx_word' id='word_1_237' title='bbox 722 3834 908 3900; x_wconf 86' lang='grc' dir='ltr'><em>ποιοόνιων</em></span> <span class='ocrx_word' id='word_1_238' title='bbox 941 3834 1024 3948; x_wconf 79' lang='grc' dir='ltr'><em>μετὰ</em></span> <span class='ocrx_word' id='word_1_239' title='bbox 1062 3834 1176 3955; x_wconf 88' lang='grc' dir='ltr'><em>πάσης</em></span> <span class='ocrx_word' id='word_1_240' title='bbox 1200 3859 1258 3950; x_wconf 85' lang='grc' dir='ltr'><em>της</em></span> 
     </span>
     <span class='ocr_line' id='line_1_31' title="bbox 197 3927 1258 4018; baseline 0.005 -26"><span class='ocrx_word' id='word_1_241' title='bbox 197 3927 331 4015; x_wconf 82' lang='grc' dir='ltr'><em>3οἆγιας</em></span> <span class='ocrx_word' id='word_1_242' title='bbox 353 3931 593 4017; x_wconf 79' lang='grc' dir='ltr'><em>ἐκκλησίας,</em></span> <span class='ocrx_word' id='word_1_243' title='bbox 555 3958 613 4017; x_wconf 90' lang='grc' dir='ltr'><em>της</em></span> <span class='ocrx_word' id='word_1_244' title='bbox 635 3932 716 3997; x_wconf 79' lang='grc' dir='ltr'><em>κατὰ</em></span> <span class='ocrx_word' id='word_1_245' title='bbox 739 3932 883 4010; x_wconf 84' lang='grc' dir='ltr'><em>πολλοις</em></span> <span class='ocrx_word' id='word_1_246' title='bbox 904 3932 1049 4015; x_wconf 87' lang='grc' dir='ltr'><em>τρόπους</em></span> <span class='ocrx_word' id='word_1_247' title='bbox 1063 3958 1122 4016; x_wconf 88' lang='grc' dir='ltr'><em>την</em></span> <span class='ocrx_word' id='word_1_248' title='bbox 1139 3931 1258 4018; x_wconf 70' lang='grc' dir='ltr'><em>ἑορτὴ-ν</em></span> 
     </span>
     <span class='ocr_line' id='line_1_32' title="bbox 237 4023 1259 4128; baseline 0.004 -35"><span class='ocrx_word' id='word_1_249' title='bbox 237 4023 386 4115; x_wconf 85' lang='grc' dir='ltr'><em>άχοόσης.</em></span> <span class='ocrx_word' id='word_1_250' title='bbox 432 4056 484 4095; x_wconf 93' lang='grc' dir='ltr'><em>και</em></span> <span class='ocrx_word' id='word_1_251' title='bbox 515 4029 543 4095; x_wconf 83' lang='grc' dir='ltr'><em>εἰ</em></span> <span class='ocrx_word' id='word_1_252' title='bbox 567 4031 631 4128; x_wconf 80' lang='grc' dir='ltr'><em>μὲν</em></span> <span class='ocrx_word' id='word_1_253' title='bbox 665 4025 734 4096; x_wconf 87' lang='grc' dir='ltr'><em>άπὸ</em></span> <span class='ocrx_word' id='word_1_254' title='bbox 763 4037 956 4096; x_wconf 87' lang='grc' dir='ltr'><em>Κωνσταντί</em></span> <span class='ocrx_word' id='word_1_255' title='bbox 958 4054 1013 4095; x_wconf 91' lang='grc' dir='ltr'><em>νου</em></span> <span class='ocrx_word' id='word_1_256' title='bbox 1044 4029 1187 4116; x_wconf 70' lang='grc' dir='ltr'><em>ἐσχίσθη</em></span> <span class='ocrx_word' id='word_1_257' title='bbox 1220 4031 1259 4097; x_wconf 86' lang='grc' dir='ltr'><em>τὸ</em></span> 
     </span>
     <span class='ocr_line' id='line_1_33' title="bbox 236 4125 1258 4248; baseline 0.007 -59"><span class='ocrx_word' id='word_1_258' title='bbox 236 4125 365 4207; x_wconf 84' lang='grc' dir='ltr'><em>Πάσχα,</em></span> <span class='ocrx_word' id='word_1_259' title='bbox 388 4126 577 4193; x_wconf 67' lang='grc' dir='ltr'><em>πιθανὸν</em></span> <span class='ocrx_word' id='word_1_260' title='bbox 559 4154 597 4212; x_wconf 91' lang='grc' dir='ltr'><em>ην</em></span> <span class='ocrx_word' id='word_1_261' title='bbox 619 4139 691 4206; x_wconf 84' lang='grc' dir='ltr'><em>τοῖς</em></span> <span class='ocrx_word' id='word_1_262' title='bbox 712 4132 810 4193; x_wconf 82' lang='grc' dir='ltr'><em>τοῦτο</em></span> <span class='ocrx_word' id='word_1_263' title='bbox 834 4130 1106 4226; x_wconf 77' lang='grc' dir='ltr'><em>συκοφαντοῦσιν,</em></span> <span class='ocrx_word' id='word_1_264' title='bbox 1138 4127 1258 4248; x_wconf 79' lang='grc' dir='ltr'><em>ἐπειδὴ</em></span> 
     </span>
     <span class='ocr_line' id='line_1_34' title="bbox 238 4216 1288 4315; baseline 0.011 -32"><span class='ocrx_word' id='word_1_265' title='bbox 238 4221 273 4284; x_wconf 83' lang='grc' dir='ltr'><em>δὲ</em></span> <span class='ocrx_word' id='word_1_266' title='bbox 300 4222 366 4306; x_wconf 87' lang='grc' dir='ltr'><em>πρὸ</em></span> <span class='ocrx_word' id='word_1_267' title='bbox 393 4229 451 4291; x_wconf 85' lang='grc' dir='ltr'><em>τοῦ</em></span> <span class='ocrx_word' id='word_1_268' title='bbox 481 4231 734 4291; x_wconf 81' lang='grc' dir='ltr'><em>Κωνσταντίνου</em></span> <span class='ocrx_word' id='word_1_269' title='bbox 769 4225 810 4291; x_wconf 88' lang='grc' dir='ltr'><em>τὰ</em></span> <span class='ocrx_word' id='word_1_270' title='bbox 842 4232 1005 4308; x_wconf 90' lang='grc' dir='ltr'><em>σχίσματα</em></span> <span class='ocrx_word' id='word_1_271' title='bbox 1034 4252 1088 4312; x_wconf 89' lang='grc' dir='ltr'><em>ην,</em></span> <span class='ocrx_word' id='word_1_272' title='bbox 1127 4225 1186 4292; x_wconf 86' lang='grc' dir='ltr'><em>καὶ</em></span> <span class='ocrx_word' id='word_1_273' title='bbox 1219 4216 1288 4315; x_wconf 85' lang='grc' dir='ltr'><em>ηνο</em></span> 
     </span>
    </p>
   </div>
   <div class='ocr_carea' id='block_1_3' title="bbox 350 4526 536 4650">
    <p class='ocr_par' dir='ltr' id='par_1_7' title="bbox 350 4526 536 4650">
     <span class='ocr_line' id='line_1_35' title="bbox 350 4526 536 4650; baseline 0 0"><span class='ocrx_word' id='word_1_274' title='bbox 350 4526 536 4650; x_wconf 55' lang='grc' dir='ltr'>Α</span> 
     </span>
    </p>
   </div>
   <div class='ocr_carea' id='block_1_4' title="bbox 0 0 1453 5084">
    <p class='ocr_par' dir='ltr' id='par_1_8' title="bbox 0 0 1453 5084">
     <span class='ocr_line' id='line_1_36' title="bbox 0 0 1453 5084; baseline 0 0"><span class='ocrx_word' id='word_1_275' title='bbox 0 0 1453 5084; x_wconf 95' lang='lat' dir='ltr'><em> </em></span> 
     </span>
    </p>
   </div>
  </div>
 </body>
</html>
