2867 5084
379 523 385 530 ι

235 932 297 994 432
460 945 667 993 οπιοκιιτοτ
684 946 779 995 τιτι
797 946 985 995 ,πταῖσαν
1001 948 1029 994 r.

233 1098 411 1181 προφορᾶς
433 1089 451 1177 ἡ
468 1093 629 1179 θεότητος
645 1089 743 1161 οὐσία
759 1102 962 1162 συνίσταται.
994 1093 1071 1160 οὔτε
1091 1093 1153 1177 γὰρ
1175 1112 1273 1159 κου-ο

232 1193 367 1276 χήσεται
389 1187 409 1277 ἡ
432 1194 498 1255 τῶν
522 1186 713 1275 ἀνθρώπων
746 1190 767 1279 ἢ
790 1191 898 1258 ἀλλων
933 1191 1093 1278 προφορά
1118 1186 1163 1268 ὡς
1185 1192 1253 1274 θεῷ

234 1288 338 1355 ἐνδεεῖ
354 1289 451 1367 δόξαν
468 1295 740 1376 περιποιουμένη,
764 1285 785 1375 ἢ
800 1291 1058 1369 καλλωπίζοοσα
1075 1287 1156 1354 θεὸν
1172 1312 1257 1352 παν-

234 1385 431 1469 τοκράτορα,
470 1384 552 1453 θεὸν
590 1386 837 1504 προσκονητόν,
873 1385 954 1452 θεόν
984 1386 1167 1470 ἐπιστάτην
1204 1383 1259 1450 καὶ

205 1489 285 1569 μκτί
287 1507 365 1568 στην
381 1510 433 1548 και
426 1485 503 1566 ’γδν
481 1484 648 1602 ,μιοοργὸν
665 1485 761 1548 ἰᾛδιον
797 1481 873 1549 0333
894 1483 955 1567 γάρ
979 1484 1096 1568 ἑαυτὴν
1120 1479 1260 1565 δπερέν·

235 1577 382 1658 δοξονς
364 1592 492 1667 ηγεῒται
529 1584 581 1646 καί
605 1581 806 1665 κοσμητριαν
828 1585 887 1645 τοῦ
913 1582 998 1646 ἰδίου
1029 1576 1131 1667 αὐτῆς
1162 1582 1261 1663 δημι-

234 1681 361 1762 ουργοῦ,
387 1674 504 1743 ἑπεί’
483 1705 523 1743 αν
546 1678 694 1764 ἑαυτὴν
685 1664 913 1764 προσκονητίην
926 1676 1106 1799 ηγησαιτο,
1133 1672 1170 1741 03
1195 1676 1260 1762 μὴν

235 1779 467 1857 προσκυνοῦσα
482 1774 563 1840 τόν
555 1776 850 1858 προσκυνούμενον.
881 1779 934 1840 καὶ
951 1775 1056 1858 μάτην
1071 1774 1157 1840 κατὰ
1171 1776 1262 1840 πάν-

234 1895 300 1934 των
324 1871 419 1954 λόγον
442 1882 525 1937 κινεῖ
548 1867 565 1934 3
589 1872 647 1950 σός
670 1872 775 1956 λόγος,
796 1867 912 1938 'Ama

149 1985 153 1989 '
198 1988 226 2037 10
319 1966 378 2046 κζ’.
411 1969 451 2033 Εἰ
474 1972 576 2033 παντὶ
596 1973 737 2055 γεννητῷ
760 1969 851 2034 αἰτία
868 1967 1140 2053 σογκεκληρωται,
1165 1962 1303 2036 &vai-333

233 2087 305 2142 τιος
330 2066 363 2131 δὲ
388 2061 404 2151 ἡ
430 2062 602 2152 ἀγέννητος
625 2067 734 2151 φύσις,
766 2063 823 2131 οάκ
846 2067 956 2131 αἰτίαν
986 2067 1081 2147 δηλοῖ
1102 2064 1142 2130 τό
1166 2059 1263 2148 ἀγεν-

235 2186 340 2247 νητον,
367 2157 451 2228 ἀλλά
474 2159 659 2228 ἀπόστασιν
683 2170 844 2245 σημαίνει.

317 2254 516 2346 Ἀνατροπη.
556 2263 622 2325 Καὶ
644 2264 744 2326 παντί
768 2264 911 2346 γεννητῷ
929 2261 1019 2324 αἰτία
1035 2259 1265 2345 σογκεκληρω-

235 2382 300 2435 ται,
324 2359 378 2422 καὶ
402 2354 459 2439 οὐχ
481 2354 704 2442 ὁμολογοῦμεν
727 2362 835 2434 τοῦτο,
861 2354 905 2435 ιός
928 2354 997 2422 ἀπὸ
1020 2360 1079 2421 σοῦ
1101 2365 1264 2441 μεμαθη-

199 2454 336 2532 ιῡκότες.
381 2460 511 2542 προορᾷ
532 2455 593 2539 γάρ
619 2452 635 2540 ἡ
660 2465 774 2532 πίστις
804 2458 862 2537 τῆς
886 2451 1047 2540 ἀληθείας
1074 2458 1175 2518 τοῦτο
1207 2458 1289 2521 καὶΒ

235 2554 461 2636 προομολογεῖ
482 2556 534 2617 καί
559 2553 722 2630 διδάσκει,
757 2550 809 2616 ὅτι
833 2552 914 2630 θεός
943 2553 1031 2618 ἐστιν
1060 2546 1078 2615 3
1107 2549 1265 2632 ἀναίτιος

235 2649 347 2734 πάσης
370 2649 479 2726 αἰτίας
502 2653 553 2714 καί
586 2646 704 2735 ἀμιγὴς
726 2653 779 2715 καὶ
807 2644 1038 2726 ἀνοπεόθονος
1059 2647 1172 2734 πάσης
1190 2649 1265 2716 ἰσό-

233 2770 340 2829 τητος.
380 2744 436 2809 διά
457 2751 554 2811 τοῦτο
577 2747 637 2831 γὰρ
661 2751 713 2811 καὶ
738 2742 833 2812 αὐτοὶ
856 2744 894 2812 03
919 2750 1168 2831 προσκυνοῦμεν
1191 2752 1264 2815 πᾶν

235 2842 273 2905 τὸ
303 2839 507 2928 ἀποβεβηκὸς
534 2845 592 2929 τὴν
622 2839 722 2908 αὐτοῦ
756 2848 814 2909 τοῦ
849 2849 932 2911 θεοῦ
967 2838 1097 2921 οὐσίαν,
1135 2846 1194 2911 διὰ
1224 2845 1265 2911 τὸ

197 2939 325 3026 νομόιηι
349 2946 490 3022 πρέπειν
513 2945 558 3025 3353
583 2937 803 3028 ἀνοπεοθιίνηι
829 2942 867 3006 τὸ
891 2949 989 3026 σέβας
1012 2947 1130 3023 νέμειν,
1156 2944 1267 3029 πατρὶ

235 3041 281 3122 τῷ
305 3033 467 3124 ἀγεννητηι
490 3040 598 3104 καί(
568 3043 626 3124 οιῴ
650 3043 695 3124 3353
721 3040 755 3118 ἐξ
777 3035 876 3103 αὐτοῦ
910 3040 964 3104 καί
987 3034 1070 3123 ἀγίτμ
1092 3039 1266 3122 πνεύματι

235 3102 323 3251 τό]
305 3163 355 3201 απ
354 3130 487 3201 αὐτοῦ
510 3136 563 3202 καί
588 3102 643 3201 δλά
665 3139 724 3200 τοῦ
747 3141 954 3258 ιιονογενηῦς,
979 3136 1094 3258 3333335
1112 3134 1266 3206 οἰδὲνέν

235 3260 273 3347 τη
298 3234 412 3370 τριάδι
431 3234 563 3299 κτιστὸν
586 3233 641 3298 καί
666 3230 731 3297 333
755 3234 863 3299 αἰτίαν
888 3235 1057 3316 ἐμπῖπτον
1080 3234 1184 3301 ἐστίν.
1225 3232 1266 3302 03

166 3394 173 3407 ,
235 3330 295 3414 γάρ
320 3331 355 3410 ἒξ
377 3326 434 3396 οἰκ
457 3329 561 3397 όντιον
589 3337 622 3396 τί
650 3331 739 3396 ἐστιν
771 3332 803 3396 ἐν
832 3336 871 3418 τῆ
900 3332 1025 3452 τριάδι,
1061 3326 1105 3409 ὡς
1135 3336 1191 3398 καί
1223 3335 1268 3401 τὰ

197 3425 320 3496 253333
347 3427 389 3493 τά
418 3424 484 3493 3333
508 3430 617 3494 αἰτίαν
642 3429 842 3494 πεπτωκότα
875 3433 928 3494 καὶ
959 3429 1067 3494 αἰτίαν
1096 3432 1268 3516 κεκληρω-

234 3533 325 3608 μένα.
365 3521 459 3590 333'
441 3533 573 3591 αναιτία
597 3515 680 3590 οὖσα
710 3552 768 3611 της
795 3527 949 3612 τοιαύτης
979 3526 1087 3602 αἰτίας
1113 3524 1135 3612 ἡ
1167 3531 1293 3612 τριάςε

234 3612 344 3708 μόνην
361 3623 478 3709 ἑαυτὴν
501 3619 659 3699 ἀπλανῶς
682 3623 811 3701 ἐδίδαξε
833 3630 1109 3707 προσκυνεῖσθαι,
1143 3625 1266 3714 ἐπειδὴ

234 3720 317 3807 μόνη
348 3718 428 3806 αάτη
462 3715 610 3797 ἀναίτιός
638 3721 717 3786 ἐστι.
767 3721 809 3786 τὰ
838 3723 873 3786 δὲ
903 3724 1014 3787 πάντα
1049 3715 1118 3786 ἀπὸ
1151 3724 1268 3793 αἰτίαν

236 3824 487 3902 περιπέπτωκε·
511 3817 552 3883 τὰ
573 3820 632 3900 μὲν
654 3817 715 3903 γάρ
733 3818 802 3884 ἐστι
817 3818 973 3903 γεγονότα
987 3820 1039 3884 καὶ
1054 3827 1268 3905 κεκτισμίνα,

197 3915 344 4001 3οπατηρ
368 3917 404 3981 δὲ
427 3912 589 3992 ἀκτιστος,
621 3915 691 3979 οίδν
721 3916 801 3997 ἔχων
830 3917 866 3994 ἐξ
894 3911 994 3981 αὐτοῦ
1017 3925 1269 4004 γεγεννημένον,

237 4007 305 4077 ἀλλ’
331 4007 367 4076 οδ
391 4013 532 4091 κτιοτόν,
571 4016 624 4078 καί
648 4009 742 4097 ἅγιον
765 4016 896 4095 πνεῦμα
920 4013 955 4092 ἐξ
976 4009 1076 4079 αὐτοῦ
1100 4013 1272 4103 ἐκπορευ-

237 4108 370 4191 όμενον,
404 4113 455 4176 καὶ
486 4105 524 4175 03
554 4112 879 4197 δεδημιουργημένον.
924 4110 1049 4176 τούτων
1084 4111 1121 4178 δὲ
1158 4111 1274 4197 οὕτως

236 4203 376 4283 ἑχόντων
399 4206 475 4274 οὔτε
497 4207 613 4286 πάθος
640 4207 839 4292 κεκλήρωται
869 4207 977 4274 αἰτίαν
1007 4203 1024 4273 δ
1053 4213 1274 4292 προσκυνού-
