2867 5084
196 941 238 1005 86
422 949 628 1001 ιειτιψιεσοτ
644 949 740 1000 τιτι
757 949 943 1000 mmm
961 952 990 1001 ιι.

194 1108 324 1193 γραφῆς
345 1106 579 1170 κατανοοῦσαν.
610 1101 639 1169 εἷ
660 1104 720 1186 μὲν
741 1101 802 1188 γὰρ
826 1103 943 1185 δένδρα
959 1097 1052 1180 είσὶν,
1076 1098 1143 1187 ίίρα
1156 1102 1212 1168 καί

195 1202 337 1288 γεωργὸν
362 1202 480 1284 έχουσι,
504 1203 557 1267 καί
580 1200 669 1286 φυτὰ
690 1199 890 1285 τυγχάνοντα
911 1204 963 1265 καί
983 1199 1119 1277 πάντως
1144 1195 1214 1265 ῦπό

194 1300 285 1378 τινός
307 1299 372 1365 είσι
395 1304 633 1387 πεφυτευμένα.
674 1301 744 1364 πᾶν
766 1298 801 1363 δὲ
823 1297 862 1362 τὸ
884 1303 1131 1383 πεφυτευμένον
1156 1291 1214 1363 οίοι

196 1398 285 1463 ἔστιν
308 1394 456 1481 δναρχον,
481 1392 564 1463 ἀλλὰ
586 1390 684 1481 ἀρχὴν
707 1395 782 1476 ἔχει.
814 1388 913 1480 ἀρχὴν
937 1395 972 1459 δὲ
995 1394 1066 1476 ίχον
1088 1398 1142 1460 καί
1160 1401 1214 1460 τί·

169 1496 253 1572 ῠλος
275 1491 396 1581 ῦφέξει.
427 1501 536 1560 τοίνυν
558 1492 596 1558 τὸ
619 1491 749 1576 σαπρὸν
766 1489 973 1577 δένδρονόῦκ
988 1481 1027 1574 ἦν
1043 1486 1103 1570 όιεί,
1128 1487 1214 1558 ἀλλὰ

195 1591 408 1679 πεφύτευται,
439 1594 491 1658 καί
515 1590 553 1655 τὸ
576 1585 704 1674 όιγαθδν
729 1590 862 1673 δένδρον
884 1592 981 1655 τοῦτο
998 1583 1036 1654 οῦ
1052 1592 1128 1671 περὶ
1146 1590 1214 1654 πό-

195 1713 255 1772 σης
275 1693 333 1775 τῆς
355 1687 486 1755 δίνωθεν
509 1684 717 1771 δγαθότητος
740 1688 910 1772 διηγεῖται.
942 1686 1008 1753 ἐκεῖ
1029 1686 1089 1771 γόιρ
1107 1684 1214 1769 ἄψευ-

196 1810 274 1864 στος
296 1781 466 1871 δγαθδτης
486 1783 669 1869 μεταβολὴν
691 1784 735 1870 μὴ
756 1785 884 1866 ἔχουσα,
908 1787 960 1850 καί
977 1783 1011 1850 ἓν
1025 1788 1103 1871 τιμῇ
1121 1779 1214 1851 όνεκ·

197 1882 325 1969 λαλήτῳ
347 1887 406 1948 τοῦ
431 1881 525 1959 ὄντος
547 1878 640 1965 ἁγίου
663 1885 747 1948 θεοῦ
769 1881 807 1946 τό
831 1881 1002 1966 διανόημα.
1034 1882 1081 1960 είς
1103 1883 1138 1948 δὲ
1154 1882 1233 1968 τὴνο

159 1980 275 2065 ιδπερὶ
297 1983 410 2067 φυτιῦν
432 1979 594 2063 ἐνέργειαν
617 1979 739 2062 ίδωμεν
762 1979 791 2045 εί.
815 1976 919 2056 οῦτως
935 1979 1009 2060 ἔχει,
1032 1985 1086 2044 καί
1102 1979 1211 2063 λάβω·

195 2104 255 2162 μεν
278 2080 390 2163 λέγειν.
425 2078 455 2144 εί
476 2079 535 2161 μὲν
557 2076 617 2161 γὰρ
640 2080 716 2159 περί
740 2079 799 2141 τοῦ
823 2076 979 2160 διαβόλου
1003 2075 1090 2143 ἐστίν
1115 2071 1134 2141 ό
1157 2076 1213 2141 λό-

195 2200 262 2261 γος,
284 2173 345 2261 ἤδη
369 2175 529 2253 πολλόοιις
552 2174 719 2257 ἐδείξαμεν
743 2171 796 2238 ὅτι
819 2168 856 2239 οδ
872 2171 1019 2260 πονηρός
1032 2180 1211 2259 γεγένηται.

196 2268 291 2340 οῦδὲν
313 2272 373 2358 γὰρ
398 2275 524 2361 φαῦλον
548 2267 565 2337 δ
582 2272 663 2350 θεὸς
679 2272 825 2358 ἐποίησε,
849 2274 901 2336 καί
917 2274 1015 2335 τοῦτο
1031 2282 1103 2350 τοῖς
1119 2295 1212 2338 συνε-

195 2382 266 2449 τοῖς
289 2371 359 2438 ἔστι
380 2371 571 2458 κατάδηλον.
604 2369 632 2436 εί
646 2370 707 2454 γὰρ
723 2369 806 2434 κατὰ
820 2372 885 2434 τῶν
902 2362 1009 2434 αῦτῶν
1025 2368 1211 2456 φερόμεθα,

160 2463 292 2535 Ιδοδδὲν
321 2469 462 2554 λυπήσει
490 2464 667 2546 ἀποδείξαι
688 2469 741 2532 καί
766 2466 799 2531 έν
821 2470 867 2551 τῷ
891 2466 1031 2548 παρόντι
1055 2465 1112 2530 τόν
1135 2470 1214 2552 περὶ

195 2570 253 2650 τῆς
275 2562 434 2651 ἀληθείας
456 2565 560 2649 λόγον.
593 2564 625 2630 ἐν
648 2568 687 2650 τῇ
711 2558 790 2649 ἀρχῇ
813 2570 922 2628 τοίνυν
946 2566 1073 2649 φαῦλος
1089 2559 1146 2630 οδκ
1162 2555 1211 2651 ἦν,

196 2659 303 2749 ἀντέβη
327 2663 363 2727 δὲ
386 2663 521 2748 φαῦλος.
568 2660 639 2726 ίδοδ
663 2656 700 2726 οῦ
724 2661 973 2746 συσταθήσεται
995 2660 1028 2726 ἒν
1051 2665 1096 2746 τῷ
1119 2668 1213 2745 μέρει

194 2758 300 2845 τοότηι
324 2753 341 2821 δ
364 2758 522 2840 περὶτοῦ
545 2761 651 2844 φυτοῦ
674 2759 779 2842 λόγος.
815 2755 942 2842 ὁριῦμεν
964 2758 1025 2842 γὰρ
1048 2761 1101 2824 καί
1124 2764 1212 2825 Σαῦ-

195 2859 252 2923 λον
282 2854 420 2940 διώκτην
448 2855 634 2939 γενόμενον,
670 2852 804 2939 ῦστερον
834 2858 867 2921 δὲ
898 2855 1096 2939 διωκόμενον
1125 2853 1258 2941 ῦπὲρί

155 2958 252 3021 θθτοῦ
286 2949 447 3035 όνόματος
481 2942 519 3017 οῦ
552 2976 635 3019 ποτε
664 2951 805 3019 έδίωκεν.
851 2949 978 3036 δρῶμεν
1004 2953 1061 3017 τόν
1086 2949 1211 3019 Ἰούδαν

194 3052 419 3135 ἐκλελεγμένον
443 3049 500 3115 σῦν
522 3060 594 3128 τοῖς
616 3049 743 3116 δώδεκα
765 3045 977 3128 ἀποστόλοις,
1001 3053 1056 3116 καὶ
1072 3047 1211 3134 ὕστερον

194 3146 384 3234 ἀποβάντα,
414 3149 468 3213 καὶ
495 3147 528 3214 ἒν
549 3150 660 3231 μερίδι
681 3151 811 3234 πονηρᾷ
833 3154 1036 3232 τεταγμένον.
1082 3144 1211 3232 ὁρῶμεν

190 3244 286 3332 Ῥαὰβ
307 3244 364 3333 τὴν
387 3245 511 3331 πόρνην
534 3239 709 3329 ἀλλοτρίαν
737 3236 838 3310 οὖσαν
860 3250 918 3310 τοῦ
941 3251 1053 3329 γένους
1072 3243 1209 3332 Ἰσραὴλ,

194 3341 329 3429 ὕστερον
352 3344 387 3409 δὲ
409 3342 656 3428 μετανοησασαν
678 3345 732 3409 καὶ
755 3345 920 3426 λαβοῦσαν
936 3346 1019 3407 θεοῦ
1034 3342 1092 3407 τὸν
1108 3343 1209 3410 ἐ’λεοιν.

155 3437 323 3525 25δρῶμεν
351 3439 407 3504 τὸν
431 3441 551 3527 ληστην
574 3441 631 3507 ἐπὶ
653 3446 846 3524 κακουργίας
870 3435 992 3505 ἁλόντα
1014 3443 1068 3504 καὶ
1090 3466 1212 3523 κρεμα-

194 3544 320 3606 σθέντα
343 3536 399 3603 ίττὶ
421 3542 478 3603 τοῦ
503 3537 608 3618 ξῦλου,
632 3541 687 3602 καὶ
709 3535 1040 3621 ίξομολογησόμενον,
1064 3546 1116 3603 καί
1142 3535 1213 3621 ἅμα

193 3640 240 3724 τῷ
262 3641 362 3720 κυρίῳ
385 3634 419 3701 ἐν
440 3638 489 3720 τῷ
512 3636 704 3720 παραδείσῳ
722 3632 970 3719 εἰσεληλυθότα.
1003 3631 1130 3716 ὁρῶμεν
1148 3644 1214 3702 Νι-

193 3734 314 3802 κόλαον
334 3731 433 3799 καλὸν
456 3729 535 3798 όντα
568 3735 623 3797 καί
645 3732 878 3816 ἐκλελεγμένον,
906 3727 1041 3814 ὕστερον
1065 3733 1100 3798 δὲ
1123 3730 1213 3799 ἀπο-

194 3832 299 3917 βάντα
319 3828 465 3916 πονηρὸν
485 3831 537 3895 καί
562 3828 595 3895 ἒν
617 3839 688 3907 τοῖς
710 3828 934 3913 αίρισιάρχαις
949 3835 1122 3911 ταχθέντα.
1154 3833 1239 3897 nain

156 3935 228 3995 ml
254 3948 314 4011 μοι
340 3926 382 3993 τὰ
403 3926 519 4013 πλήθη
542 3926 664 4011 λίγειν;
694 3933 727 3992 τί
749 3916 806 3992 οῦν
829 3926 959 3992 ἔστιτὸ
982 3926 1086 4013 φυτόν
1109 3932 1211 3995 τοῦτο

195 4023 235 4090 τὸ
262 4022 406 4111 πονηρόν
440 4018 496 4109 ἀφ’
527 4012 566 4089 οῦ
593 4018 723 4108 όιγαθὸν
756 4017 794 4088 οό
820 4032 963 4106 γίνεται,·
992 4020 1076 4090 ἀλλὰ
1105 4025 1211 4094 πόλιν

197 4117 334 4203 πράξεις
356 4119 438 4186 εἰσίν
461 4115 661 4207 ἀνθρώπων.
692 4116 731 4186 οῦ
754 4120 891 4186 δόναται
911 4120 972 4204 γὰρ
996 4120 1029 4187 έκ
1052 4129 1212 4203 πορνείας

196 4209 366 4301 δγαθότης
380 4210 481 4283 εἶναι·
503 4212 542 4283 οῦ
559 4217 694 4285 δύναται
710 4217 744 4283 ἐκ
759 4217 891 4304 φθόνου
906 4224 1068 4305 πονηρίας
1083 4219 1213 4286 δικαιο-
