<?xml version="1.0" encoding="UTF-8"?>
<!DOCTYPE html PUBLIC "-//W3C//DTD XHTML 1.0 Transitional//EN"
    "http://www.w3.org/TR/xhtml1/DTD/xhtml1-transitional.dtd">
<html xmlns="http://www.w3.org/1999/xhtml" xml:lang="en" lang="en">
 <head>
  <title>
</title>
<meta http-equiv="Content-Type" content="text/html;charset=utf-8" />
  <meta name='ocr-system' content='tesseract 3.04.00' />
  <meta name='ocr-capabilities' content='ocr_page ocr_carea ocr_par ocr_line ocrx_word'/>
</head>
<body>
  <div class='ocr_page' id='page_1' title='image "./opera01dindgoog_0603.png"; bbox 0 0 2867 5084; ppageno 0'>
   <div class='ocr_carea' id='block_1_1' title="bbox 194 953 1291 4221">
    <p class='ocr_par' dir='ltr' id='par_1_1' title="bbox 227 953 1275 1688">
     <span class='ocr_line' id='line_1_1' title="bbox 549 953 1251 1015; baseline 0.004 -3"><span class='ocrx_word' id='word_1_1' title='bbox 549 959 653 1013; x_wconf 74' lang='lat' dir='ltr'><strong><em>mx.</em></strong></span> <span class='ocrx_word' id='word_1_2' title='bbox 671 962 932 1014; x_wconf 73' lang='grc' dir='ltr'><strong><em>μεεεεειιαοι.</em></strong></span> <span class='ocrx_word' id='word_1_3' title='bbox 1056 962 1062 977; x_wconf 94' lang='grc'><strong><em>·</em></strong></span> <span class='ocrx_word' id='word_1_4' title='bbox 1189 953 1251 1015; x_wconf 72' lang='lat'><strong><em>545</em></strong></span> 
     </span>
     <span class='ocr_line' id='line_1_2' title="bbox 227 1109 1253 1200; baseline 0.004 -22"><span class='ocrx_word' id='word_1_5' title='bbox 227 1119 376 1197; x_wconf 79' lang='grc' dir='ltr'><strong><em>πορείαν</em></strong></span> <span class='ocrx_word' id='word_1_6' title='bbox 397 1113 603 1197; x_wconf 87' lang='grc' dir='ltr'><strong><em>ποιούμενοι.</em></strong></span> <span class='ocrx_word' id='word_1_7' title='bbox 641 1110 755 1192; x_wconf 82' lang='grc' dir='ltr'><strong><em>“ἀξιος</em></strong></span> <span class='ocrx_word' id='word_1_8' title='bbox 776 1111 836 1198; x_wconf 78' lang='grc' dir='ltr'><strong><em>γὰρ</em></strong></span> <span class='ocrx_word' id='word_1_9' title='bbox 859 1109 877 1179; x_wconf 87' lang='grc' dir='ltr'><strong><em>ό</em></strong></span> <span class='ocrx_word' id='word_1_10' title='bbox 900 1113 1035 1200; x_wconf 77' lang='grc' dir='ltr'><strong><em>ἐργάτης</em></strong></span> <span class='ocrx_word' id='word_1_11' title='bbox 1049 1117 1107 1181; x_wconf 90' lang='grc' dir='ltr'><strong><em>τοῦ</em></strong></span> <span class='ocrx_word' id='word_1_12' title='bbox 1121 1118 1253 1199; x_wconf 86' lang='grc' dir='ltr'><strong><em>μισθοῦ</em></strong></span> 
     </span>
     <span class='ocr_line' id='line_1_3' title="bbox 229 1205 1250 1299; baseline 0.001 -23"><span class='ocrx_word' id='word_1_13' title='bbox 229 1206 370 1276; x_wconf 80' lang='grc' dir='ltr'><strong><em>αῦτοῦ·”</em></strong></span> <span class='ocrx_word' id='word_1_14' title='bbox 397 1209 453 1276; x_wconf 77' lang='grc' dir='ltr'><strong><em>καὶ</em></strong></span> <span class='ocrx_word' id='word_1_15' title='bbox 476 1205 631 1295; x_wconf 72' lang='grc' dir='ltr'><strong><em>’ἀρκετὸν</em></strong></span> <span class='ocrx_word' id='word_1_16' title='bbox 652 1215 700 1297; x_wconf 80' lang='grc' dir='ltr'><strong><em>τῷ</em></strong></span> <span class='ocrx_word' id='word_1_17' title='bbox 724 1211 926 1298; x_wconf 70' lang='grc' dir='ltr'><em>ἐργαζομένῳ</em></span> <span class='ocrx_word' id='word_1_18' title='bbox 947 1209 966 1298; x_wconf 80' lang='grc' dir='ltr'><em>ἡ</em></span> <span class='ocrx_word' id='word_1_19' title='bbox 989 1211 1096 1299; x_wconf 80' lang='grc' dir='ltr'><strong><em>τροφὴ</em></strong></span> <span class='ocrx_word' id='word_1_20' title='bbox 1119 1207 1250 1280; x_wconf 86' lang='grc' dir='ltr'><strong><em>αύτοῦ.”</em></strong></span> 
     </span>
     <span class='ocr_line' id='line_1_4' title="bbox 229 1305 1253 1393; baseline 0.005 -20"><span class='ocrx_word' id='word_1_21' title='bbox 229 1311 289 1374; x_wconf 81' lang='grc' dir='ltr'><strong><em>καὶ</em></strong></span> <span class='ocrx_word' id='word_1_22' title='bbox 312 1319 383 1386; x_wconf 87' lang='grc' dir='ltr'><strong><em>τοῖς</em></strong></span> <span class='ocrx_word' id='word_1_23' title='bbox 404 1332 441 1374; x_wconf 90' lang='grc' dir='ltr'><strong><em>τε</em></strong></span> <span class='ocrx_word' id='word_1_24' title='bbox 463 1314 620 1392; x_wconf 79' lang='grc' dir='ltr'><em>ποιμέσιν</em></span> <span class='ocrx_word' id='word_1_25' title='bbox 653 1305 811 1386; x_wconf 80' lang='grc' dir='ltr'><em>ὡσαύτως</em></span> <span class='ocrx_word' id='word_1_26' title='bbox 838 1306 894 1374; x_wconf 85' lang='grc' dir='ltr'><strong><em>διὰ</em></strong></span> <span class='ocrx_word' id='word_1_27' title='bbox 915 1309 973 1393; x_wconf 86' lang='grc' dir='ltr'><strong><em>τὴν</em></strong></span> <span class='ocrx_word' id='word_1_28' title='bbox 994 1313 1060 1375; x_wconf 88' lang='grc' dir='ltr'><strong><em>τῶν</em></strong></span> <span class='ocrx_word' id='word_1_29' title='bbox 1082 1311 1171 1377; x_wconf 87' lang='grc' dir='ltr'><strong><em>λαῶν</em></strong></span> <span class='ocrx_word' id='word_1_30' title='bbox 1194 1334 1253 1378; x_wconf 89' lang='grc' dir='ltr'><strong><em>συ·</em></strong></span> 
     </span>
     <span class='ocr_line' id='line_1_5' title="bbox 228 1401 1253 1523; baseline 0.005 -53"><span class='ocrx_word' id='word_1_31' title='bbox 228 1404 313 1493; x_wconf 77' lang='grc' dir='ltr'><strong><em>χνην</em></strong></span> <span class='ocrx_word' id='word_1_32' title='bbox 345 1401 502 1488; x_wconf 77' lang='grc' dir='ltr'><strong><em>ἀσχολίαν</em></strong></span> <span class='ocrx_word' id='word_1_33' title='bbox 531 1408 584 1472; x_wconf 85' lang='grc' dir='ltr'><strong><em>καί</em></strong></span> <span class='ocrx_word' id='word_1_34' title='bbox 617 1406 675 1492; x_wconf 79' lang='grc' dir='ltr'><strong><em>τὴν</em></strong></span> <span class='ocrx_word' id='word_1_35' title='bbox 704 1405 970 1523; x_wconf 81' lang='grc' dir='ltr'><strong><em>έκκλησιαστικην</em></strong></span> <span class='ocrx_word' id='word_1_36' title='bbox 1005 1407 1167 1494; x_wconf 87' lang='grc' dir='ltr'><strong><em>διοίκησιν</em></strong></span> <span class='ocrx_word' id='word_1_37' title='bbox 1197 1406 1253 1475; x_wconf 81' lang='grc' dir='ltr'><strong><em>καὶ</em></strong></span> 
     </span>
     <span class='ocr_line' id='line_1_6' title="bbox 233 1499 1275 1589; baseline 0 -20"><span class='ocrx_word' id='word_1_38' title='bbox 233 1502 383 1588; x_wconf 77' lang='grc' dir='ltr'><strong><em>ἐνδελεχῆ</em></strong></span> <span class='ocrx_word' id='word_1_39' title='bbox 417 1504 621 1587; x_wconf 84' lang='grc' dir='ltr'><strong><em>λειτουργίαν</em></strong></span> <span class='ocrx_word' id='word_1_40' title='bbox 654 1499 796 1589; x_wconf 82' lang='grc' dir='ltr'><strong><em>φησίνό</em></strong></span> <span class='ocrx_word' id='word_1_41' title='bbox 825 1509 921 1582; x_wconf 86' lang='grc' dir='ltr'><strong><em>θεῖος</em></strong></span> <span class='ocrx_word' id='word_1_42' title='bbox 949 1503 1080 1589; x_wconf 80' lang='grc' dir='ltr'><strong><em>λόγος·</em></strong></span> <span class='ocrx_word' id='word_1_43' title='bbox 1084 1513 1144 1583; x_wconf 73' lang='grc' dir='ltr'><strong><em>’τίς</em></strong></span> <span class='ocrx_word' id='word_1_44' title='bbox 1173 1530 1250 1572; x_wconf 84' lang='grc' dir='ltr'><strong><em>ποι·</em></strong></span> <span class='ocrx_word' id='word_1_45' title='bbox 1238 1519 1275 1569; x_wconf 80' lang='lat'><strong><em>-5</em></strong></span> 
     </span>
     <span class='ocr_line' id='line_1_7' title="bbox 232 1595 1250 1688; baseline 0.006 -23"><span class='ocrx_word' id='word_1_46' title='bbox 232 1606 346 1684; x_wconf 89' lang='grc' dir='ltr'><strong><em>μαίνει</em></strong></span> <span class='ocrx_word' id='word_1_47' title='bbox 368 1607 520 1685; x_wconf 89' lang='grc' dir='ltr'><strong><em>ποίμνην,</em></strong></span> <span class='ocrx_word' id='word_1_48' title='bbox 543 1602 597 1666; x_wconf 83' lang='grc' dir='ltr'><strong><em>καί</em></strong></span> <span class='ocrx_word' id='word_1_49' title='bbox 621 1599 655 1666; x_wconf 75' lang='grc' dir='ltr'><strong><em>ἐκ</em></strong></span> <span class='ocrx_word' id='word_1_50' title='bbox 675 1603 735 1666; x_wconf 93' lang='grc' dir='ltr'><strong><em>τοῦ</em></strong></span> <span class='ocrx_word' id='word_1_51' title='bbox 756 1595 969 1685; x_wconf 85' lang='grc' dir='ltr'><strong><em>γάλακτος</em></strong></span> <span class='ocrx_word' id='word_1_52' title='bbox 931 1604 1030 1688; x_wconf 76' lang='grc' dir='ltr'><strong><em>αατῆς</em></strong></span> <span class='ocrx_word' id='word_1_53' title='bbox 1050 1596 1107 1668; x_wconf 86' lang='grc' dir='ltr'><strong><em>οῦκ</em></strong></span> <span class='ocrx_word' id='word_1_54' title='bbox 1122 1602 1250 1685; x_wconf 72' lang='grc' dir='ltr'><strong><em>ἐσθίεις</em></strong></span> 
     </span>
    </p>

    <p class='ocr_par' dir='ltr' id='par_1_2' title="bbox 194 1691 1291 2564">
     <span class='ocr_line' id='line_1_8' title="bbox 194 1691 1250 1785; baseline 0.005 -23"><span class='ocrx_word' id='word_1_55' title='bbox 194 1691 255 1784; x_wconf 69' lang='grc' dir='ltr'><strong><em>Βῆ</em></strong></span> <span class='ocrx_word' id='word_1_56' title='bbox 279 1704 329 1776; x_wconf 87' lang='grc' dir='ltr'><strong><em>τίς</em></strong></span> <span class='ocrx_word' id='word_1_57' title='bbox 351 1697 484 1785; x_wconf 81' lang='grc' dir='ltr'><em>φυτεύει</em></span> <span class='ocrx_word' id='word_1_58' title='bbox 507 1695 696 1784; x_wconf 75' lang='grc' dir='ltr'><strong><em>ἀμπελῶνα,</em></strong></span> <span class='ocrx_word' id='word_1_59' title='bbox 724 1697 780 1764; x_wconf 88' lang='grc' dir='ltr'><strong><em>καὶ</em></strong></span> <span class='ocrx_word' id='word_1_60' title='bbox 801 1697 836 1764; x_wconf 80' lang='grc' dir='ltr'><strong><em>ἐκ</em></strong></span> <span class='ocrx_word' id='word_1_61' title='bbox 856 1701 915 1763; x_wconf 90' lang='grc' dir='ltr'><strong><em>τοῦ</em></strong></span> <span class='ocrx_word' id='word_1_62' title='bbox 938 1701 1066 1781; x_wconf 78' lang='grc' dir='ltr'><strong><em>καρποῦ</em></strong></span> <span class='ocrx_word' id='word_1_63' title='bbox 1089 1693 1189 1766; x_wconf 80' lang='grc' dir='ltr'><strong><em>αὐτοῦ</em></strong></span> <span class='ocrx_word' id='word_1_64' title='bbox 1212 1694 1250 1767; x_wconf 88' lang='grc' dir='ltr'><strong><em>οῦ</em></strong></span> 
     </span>
     <span class='ocr_line' id='line_1_9' title="bbox 233 1794 1253 1882; baseline 0.004 -22"><span class='ocrx_word' id='word_1_65' title='bbox 233 1795 515 1879; x_wconf 74' lang='grc' dir='ltr'><strong><em>μεταλαμβάνει,·’</em></strong></span> <span class='ocrx_word' id='word_1_66' title='bbox 544 1798 597 1862; x_wconf 86' lang='grc' dir='ltr'><strong><em>καί</em></strong></span> <span class='ocrx_word' id='word_1_67' title='bbox 626 1797 747 1881; x_wconf 73' lang='grc' dir='ltr'><strong><em>(μησί</em></strong></span> <span class='ocrx_word' id='word_1_68' title='bbox 750 1794 817 1861; x_wconf 45' lang='grc' dir='ltr'><strong><em>ίτὸν</em></strong></span> <span class='ocrx_word' id='word_1_69' title='bbox 838 1798 1009 1862; x_wconf 81' lang='grc' dir='ltr'><strong><em>κοπιῶντα</em></strong></span> <span class='ocrx_word' id='word_1_70' title='bbox 1029 1796 1172 1882; x_wconf 77' lang='grc' dir='ltr'><strong><em>γεωργὸν</em></strong></span> <span class='ocrx_word' id='word_1_71' title='bbox 1201 1800 1253 1865; x_wconf 78' lang='grc' dir='ltr'><strong><em>δεῖ</em></strong></span> 
     </span>
     <span class='ocr_line' id='line_1_10' title="bbox 232 1891 1252 1980; baseline 0.005 -23"><span class='ocrx_word' id='word_1_72' title='bbox 232 1895 369 1975; x_wconf 88' lang='grc' dir='ltr'><strong><em>πρῶτον</em></strong></span> <span class='ocrx_word' id='word_1_73' title='bbox 390 1896 457 1958; x_wconf 87' lang='grc' dir='ltr'><strong><em>τῶν</em></strong></span> <span class='ocrx_word' id='word_1_74' title='bbox 478 1895 615 1977; x_wconf 81' lang='grc' dir='ltr'><strong><em>καρπῶν</em></strong></span> <span class='ocrx_word' id='word_1_75' title='bbox 636 1891 959 1976; x_wconf 69' lang='grc' dir='ltr'><strong><em>με”ταλαμβύνειν,’Η</em></strong></span> <span class='ocrx_word' id='word_1_76' title='bbox 952 1894 1006 1965; x_wconf 88' lang='grc' dir='ltr'><strong><em>ίνα</em></strong></span> <span class='ocrx_word' id='word_1_77' title='bbox 1026 1893 1085 1960; x_wconf 86' lang='grc' dir='ltr'><strong><em>τὸν</em></strong></span> <span class='ocrx_word' id='word_1_78' title='bbox 1107 1896 1252 1980; x_wconf 86' lang='grc' dir='ltr'><strong><em>πρεσβύ-</em></strong></span> 
     </span>
     <span class='ocr_line' id='line_1_11' title="bbox 231 1984 1291 2079; baseline -0.002 -24"><span class='ocrx_word' id='word_1_79' title='bbox 231 2013 329 2073; x_wconf 87' lang='grc' dir='ltr'><strong><em>τερον</em></strong></span> <span class='ocrx_word' id='word_1_80' title='bbox 349 1984 371 2077; x_wconf 78' lang='grc' dir='ltr'><em>ἢ</em></span> <span class='ocrx_word' id='word_1_81' title='bbox 392 1990 450 2055; x_wconf 88' lang='grc' dir='ltr'><strong><em>τὸν</em></strong></span> <span class='ocrx_word' id='word_1_82' title='bbox 473 1990 658 2057; x_wconf 79' lang='grc' dir='ltr'><strong><em>ἐπίσκοπον</em></strong></span> <span class='ocrx_word' id='word_1_83' title='bbox 679 1990 724 2077; x_wconf 82' lang='grc' dir='ltr'><strong><em>μὴ</em></strong></span> <span class='ocrx_word' id='word_1_84' title='bbox 748 1989 983 2072; x_wconf 79' lang='grc' dir='ltr'><strong><em>ἐλαττούμενον</em></strong></span> <span class='ocrx_word' id='word_1_85' title='bbox 1008 1994 1066 2076; x_wconf 80' lang='grc' dir='ltr'><strong><em>τῆς</em></strong></span> <span class='ocrx_word' id='word_1_86' title='bbox 1088 1991 1252 2079; x_wconf 76' lang='grc' dir='ltr'><strong><em>ἐφημέρου</em></strong></span> <span class='ocrx_word' id='word_1_87' title='bbox 1262 2004 1291 2054; x_wconf 84' lang='grc'><strong><em>10</em></strong></span> 
     </span>
     <span class='ocr_line' id='line_1_12' title="bbox 232 2086 1251 2173; baseline 0.005 -21"><span class='ocrx_word' id='word_1_88' title='bbox 232 2091 361 2173; x_wconf 75' lang='grc' dir='ltr'><strong><em>τροφῆς</em></strong></span> <span class='ocrx_word' id='word_1_89' title='bbox 381 2087 611 2173; x_wconf 80' lang='grc' dir='ltr'><strong><em>καταστήσειε,</em></strong></span> <span class='ocrx_word' id='word_1_90' title='bbox 646 2086 916 2170; x_wconf 89' lang='grc' dir='ltr'><strong><em>προτρεπόμενος</em></strong></span> <span class='ocrx_word' id='word_1_91' title='bbox 938 2088 1037 2166; x_wconf 89' lang='grc' dir='ltr'><strong><em>λαούς</em></strong></span> <span class='ocrx_word' id='word_1_92' title='bbox 1059 2089 1093 2154; x_wconf 79' lang='grc' dir='ltr'><strong><em>ἐκ</em></strong></span> <span class='ocrx_word' id='word_1_93' title='bbox 1116 2091 1251 2157; x_wconf 84' lang='grc' dir='ltr'><strong><em>δικαίων</em></strong></span> 
     </span>
     <span class='ocr_line' id='line_1_13' title="bbox 230 2182 1252 2271; baseline 0.004 -22"><span class='ocrx_word' id='word_1_94' title='bbox 230 2182 349 2250; x_wconf 90' lang='grc' dir='ltr'><strong><em>πόνων</em></strong></span> <span class='ocrx_word' id='word_1_95' title='bbox 371 2190 478 2270; x_wconf 89' lang='grc' dir='ltr'><strong><em>νέμειν</em></strong></span> <span class='ocrx_word' id='word_1_96' title='bbox 500 2185 542 2251; x_wconf 87' lang='grc' dir='ltr'><strong><em>τὰ</em></strong></span> <span class='ocrx_word' id='word_1_97' title='bbox 564 2183 650 2268; x_wconf 87' lang='grc' dir='ltr'><strong><em>πρὸς</em></strong></span> <span class='ocrx_word' id='word_1_98' title='bbox 671 2183 799 2271; x_wconf 73' lang='grc' dir='ltr'><strong><em>τροφὴν</em></strong></span> <span class='ocrx_word' id='word_1_99' title='bbox 820 2195 892 2263; x_wconf 88' lang='grc' dir='ltr'><strong><em>τοῖς</em></strong></span> <span class='ocrx_word' id='word_1_100' title='bbox 908 2185 1039 2268; x_wconf 72' lang='grc' dir='ltr'><strong><em>ἱερεῦσι,</em></strong></span> <span class='ocrx_word' id='word_1_101' title='bbox 1064 2186 1120 2252; x_wconf 88' lang='grc' dir='ltr'><strong><em>διὰ</em></strong></span> <span class='ocrx_word' id='word_1_102' title='bbox 1142 2182 1252 2271; x_wconf 89' lang='grc' dir='ltr'><strong><em>ἀπαρ-</em></strong></span> 
     </span>
     <span class='ocr_line' id='line_1_14' title="bbox 227 2272 1251 2369; baseline 0.004 -22"><span class='ocrx_word' id='word_1_103' title='bbox 227 2284 300 2364; x_wconf 79' lang='grc' dir='ltr'><strong><em>χῶν</em></strong></span> <span class='ocrx_word' id='word_1_104' title='bbox 321 2307 357 2348; x_wconf 85' lang='grc' dir='ltr'><strong><em>τε</em></strong></span> <span class='ocrx_word' id='word_1_105' title='bbox 378 2285 432 2349; x_wconf 91' lang='grc' dir='ltr'><strong><em>καί</em></strong></span> <span class='ocrx_word' id='word_1_106' title='bbox 461 2285 668 2369; x_wconf 81' lang='grc' dir='ltr'><strong><em>προσφορῶν</em></strong></span> <span class='ocrx_word' id='word_1_107' title='bbox 694 2284 747 2348; x_wconf 84' lang='grc' dir='ltr'><strong><em>καί</em></strong></span> <span class='ocrx_word' id='word_1_108' title='bbox 775 2284 840 2346; x_wconf 89' lang='grc' dir='ltr'><strong><em>τῶν</em></strong></span> <span class='ocrx_word' id='word_1_109' title='bbox 869 2280 992 2360; x_wconf 83' lang='grc' dir='ltr'><strong><em>ἀλλων,</em></strong></span> <span class='ocrx_word' id='word_1_110' title='bbox 1027 2272 1072 2349; x_wconf 87' lang='grc' dir='ltr'><strong><em>ῶν</em></strong></span> <span class='ocrx_word' id='word_1_111' title='bbox 1101 2283 1251 2363; x_wconf 72' lang='grc' dir='ltr'><strong><em>ἐξουσίαν</em></strong></span> 
     </span>
     <span class='ocr_line' id='line_1_15' title="bbox 233 2374 1252 2465; baseline 0.006 -22"><span class='ocrx_word' id='word_1_112' title='bbox 233 2379 362 2462; x_wconf 71' lang='grc' dir='ltr'><strong><em>ἔχοντες</em></strong></span> <span class='ocrx_word' id='word_1_113' title='bbox 384 2380 417 2445; x_wconf 84' lang='grc' dir='ltr'><strong><em>οί</em></strong></span> <span class='ocrx_word' id='word_1_114' title='bbox 439 2379 473 2447; x_wconf 77' lang='grc' dir='ltr'><strong><em>ἐκ</em></strong></span> <span class='ocrx_word' id='word_1_115' title='bbox 494 2384 579 2447; x_wconf 89' lang='grc' dir='ltr'><strong><em>θεοῦ</em></strong></span> <span class='ocrx_word' id='word_1_116' title='bbox 601 2378 679 2457; x_wconf 85' lang='grc' dir='ltr'><strong><em>τούς</em></strong></span> <span class='ocrx_word' id='word_1_117' title='bbox 701 2377 800 2456; x_wconf 81' lang='grc' dir='ltr'><strong><em>λαούς</em></strong></span> <span class='ocrx_word' id='word_1_118' title='bbox 826 2374 955 2464; x_wconf 80' lang='grc' dir='ltr'><strong><em>ὁδηγεῖν</em></strong></span> <span class='ocrx_word' id='word_1_119' title='bbox 971 2388 1252 2465; x_wconf 78' lang='grc' dir='ltr'><strong><em>προστεταγμένοι</em></strong></span> 
     </span>
     <span class='ocr_line' id='line_1_16' title="bbox 232 2471 1290 2564; baseline -0.004 -20"><span class='ocrx_word' id='word_1_120' title='bbox 232 2471 312 2544; x_wconf 83' lang='grc' dir='ltr'><strong><em>ούδὲ</em></strong></span> <span class='ocrx_word' id='word_1_121' title='bbox 333 2476 463 2555; x_wconf 78' lang='grc' dir='ltr'><strong><em>τούτοις</em></strong></span> <span class='ocrx_word' id='word_1_122' title='bbox 484 2483 654 2564; x_wconf 87' lang='grc' dir='ltr'><strong><em>κέχρηνται</em></strong></span> <span class='ocrx_word' id='word_1_123' title='bbox 676 2475 865 2562; x_wconf 84' lang='grc' dir='ltr'><strong><em>κατακόρως</em></strong></span> <span class='ocrx_word' id='word_1_124' title='bbox 886 2476 919 2542; x_wconf 84' lang='grc' dir='ltr'><strong><em>σί</em></strong></span> <span class='ocrx_word' id='word_1_125' title='bbox 934 2480 1005 2562; x_wconf 80' lang='grc' dir='ltr'><strong><em>θεῷ</em></strong></span> <span class='ocrx_word' id='word_1_126' title='bbox 1021 2479 1154 2558; x_wconf 89' lang='grc' dir='ltr'><strong><em>τελείως</em></strong></span> <span class='ocrx_word' id='word_1_127' title='bbox 1176 2475 1251 2546; x_wconf 88' lang='grc' dir='ltr'><strong><em>εύα-</em></strong></span> <span class='ocrx_word' id='word_1_128' title='bbox 1263 2491 1290 2541; x_wconf 72' lang='lat'><strong><em>1⁵</em></strong></span> 
     </span>
    </p>

    <p class='ocr_par' dir='ltr' id='par_1_3' title="bbox 199 2574 671 2661">
     <span class='ocr_line' id='line_1_17' title="bbox 199 2574 671 2661; baseline -0.006 -19"><span class='ocrx_word' id='word_1_129' title='bbox 199 2585 363 2660; x_wconf 73' lang='grc' dir='ltr'><strong><em>ερεστεῖν</em></strong></span> <span class='ocrx_word' id='word_1_130' title='bbox 385 2574 671 2661; x_wconf 78' lang='grc' dir='ltr'><strong><em>ἐπαγγελλόμενοι.</em></strong></span> 
     </span>
    </p>

    <p class='ocr_par' dir='ltr' id='par_1_4' title="bbox 231 2667 1291 3540">
     <span class='ocr_line' id='line_1_18' title="bbox 321 2667 1251 2758; baseline 0.004 -19"><span class='ocrx_word' id='word_1_131' title='bbox 321 2678 349 2739; x_wconf 86' lang='grc'><strong><em>6.</em></strong></span> <span class='ocrx_word' id='word_1_132' title='bbox 381 2675 446 2738; x_wconf 79' lang='grc' dir='ltr'><strong><em>Καὶ</em></strong></span> <span class='ocrx_word' id='word_1_133' title='bbox 469 2672 530 2758; x_wconf 84' lang='grc' dir='ltr'><strong><em>γὰρ</em></strong></span> <span class='ocrx_word' id='word_1_134' title='bbox 553 2672 589 2752; x_wconf 82' lang='grc' dir='ltr'><strong><em>έξ</em></strong></span> <span class='ocrx_word' id='word_1_135' title='bbox 610 2667 717 2738; x_wconf 80' lang='grc' dir='ltr'><strong><em>αὐτῶν</em></strong></span> <span class='ocrx_word' id='word_1_136' title='bbox 739 2674 798 2738; x_wconf 91' lang='grc' dir='ltr'><strong><em>τοῦ</em></strong></span> <span class='ocrx_word' id='word_1_137' title='bbox 821 2675 904 2738; x_wconf 87' lang='grc' dir='ltr'><strong><em>θεοῦ</em></strong></span> <span class='ocrx_word' id='word_1_138' title='bbox 937 2673 1049 2758; x_wconf 81' lang='grc' dir='ltr'><strong><em>ἱερέων</em></strong></span> <span class='ocrx_word' id='word_1_139' title='bbox 1080 2676 1133 2740; x_wconf 83' lang='grc' dir='ltr'><strong><em>καί</em></strong></span> <span class='ocrx_word' id='word_1_140' title='bbox 1157 2670 1251 2744; x_wconf 83' lang='grc' dir='ltr'><strong><em>αύτοί</em></strong></span> 
     </span>
     <span class='ocr_line' id='line_1_19' title="bbox 232 2766 1253 2856; baseline 0.004 -21"><span class='ocrx_word' id='word_1_141' title='bbox 232 2766 318 2852; x_wconf 83' lang='grc' dir='ltr'><strong><em>μετὰ</em></strong></span> <span class='ocrx_word' id='word_1_142' title='bbox 328 2772 386 2833; x_wconf 88' lang='grc' dir='ltr'><strong><em>τοῦ</em></strong></span> <span class='ocrx_word' id='word_1_143' title='bbox 398 2770 602 2856; x_wconf 80' lang='grc' dir='ltr'><strong><em>κηρύγματος</em></strong></span> <span class='ocrx_word' id='word_1_144' title='bbox 612 2773 670 2835; x_wconf 88' lang='grc' dir='ltr'><strong><em>τοῦ</em></strong></span> <span class='ocrx_word' id='word_1_145' title='bbox 687 2768 785 2855; x_wconf 89' lang='grc' dir='ltr'><strong><em>λόγου</em></strong></span> <span class='ocrx_word' id='word_1_146' title='bbox 797 2770 996 2855; x_wconf 79' lang='grc' dir='ltr'><strong><em>μιμούμενοι</em></strong></span> <span class='ocrx_word' id='word_1_147' title='bbox 1010 2770 1067 2837; x_wconf 90' lang='grc' dir='ltr'><strong><em>τὸν</em></strong></span> <span class='ocrx_word' id='word_1_148' title='bbox 1083 2767 1176 2856; x_wconf 83' lang='grc' dir='ltr'><strong><em>ἅγιον</em></strong></span> <span class='ocrx_word' id='word_1_149' title='bbox 1193 2767 1253 2839; x_wconf 86' lang='grc' dir='ltr'><strong><em>αύ-</em></strong></span> 
     </span>
     <span class='ocr_line' id='line_1_20' title="bbox 232 2866 1251 2955; baseline 0.006 -24"><span class='ocrx_word' id='word_1_150' title='bbox 232 2869 301 2932; x_wconf 88' lang='grc' dir='ltr'><strong><em>τῶν</em></strong></span> <span class='ocrx_word' id='word_1_151' title='bbox 314 2866 398 2950; x_wconf 86' lang='grc' dir='ltr'><strong><em>μετὰ</em></strong></span> <span class='ocrx_word' id='word_1_152' title='bbox 418 2867 572 2935; x_wconf 87' lang='grc' dir='ltr'><strong><em>τὸνθεόν</em></strong></span> <span class='ocrx_word' id='word_1_153' title='bbox 589 2867 622 2934; x_wconf 82' lang='grc' dir='ltr'><strong><em>έν</em></strong></span> <span class='ocrx_word' id='word_1_154' title='bbox 638 2871 777 2954; x_wconf 79' lang='grc' dir='ltr'><strong><em>Χριστῷ</em></strong></span> <span class='ocrx_word' id='word_1_155' title='bbox 799 2874 936 2952; x_wconf 89' lang='grc' dir='ltr'><strong><em>πατέρα,</em></strong></span> <span class='ocrx_word' id='word_1_156' title='bbox 961 2870 1045 2955; x_wconf 80' lang='grc' dir='ltr'><strong><em>φημί</em></strong></span> <span class='ocrx_word' id='word_1_157' title='bbox 1069 2869 1104 2935; x_wconf 83' lang='grc' dir='ltr'><strong><em>δὲ</em></strong></span> <span class='ocrx_word' id='word_1_158' title='bbox 1115 2871 1251 2937; x_wconf 80' lang='grc' dir='ltr'><strong><em>Παῦλον</em></strong></span> 
     </span>
     <span class='ocr_line' id='line_1_21' title="bbox 233 2959 1291 3049; baseline 0.007 -21"><span class='ocrx_word' id='word_1_159' title='bbox 233 2962 292 3030; x_wconf 88' lang='grc' dir='ltr'><strong><em>τὸν</em></strong></span> <span class='ocrx_word' id='word_1_160' title='bbox 303 2961 396 3049; x_wconf 75' lang='grc' dir='ltr'><strong><em>ἅγιον</em></strong></span> <span class='ocrx_word' id='word_1_161' title='bbox 412 2961 611 3045; x_wconf 90' lang='grc' dir='ltr'><strong><em>ἀπόστολον,</em></strong></span> <span class='ocrx_word' id='word_1_162' title='bbox 634 2970 687 3032; x_wconf 85' lang='grc' dir='ltr'><strong><em>καὶ</em></strong></span> <span class='ocrx_word' id='word_1_163' title='bbox 711 2959 805 3032; x_wconf 81' lang='grc' dir='ltr'><strong><em>αύτοὶ</em></strong></span> <span class='ocrx_word' id='word_1_164' title='bbox 826 2965 964 3032; x_wconf 82' lang='grc' dir='ltr'><strong><em>κατὰτὸ</em></strong></span> <span class='ocrx_word' id='word_1_165' title='bbox 980 2965 1128 3045; x_wconf 87' lang='grc' dir='ltr'><strong><em>δυνατὸν,</em></strong></span> <span class='ocrx_word' id='word_1_166' title='bbox 1153 2967 1182 3034; x_wconf 85' lang='grc' dir='ltr'><strong><em>εἰ</em></strong></span> <span class='ocrx_word' id='word_1_167' title='bbox 1197 2967 1291 3035; x_wconf 66' lang='grc' dir='ltr'><strong><em>καίεο</em></strong></span> 
     </span>
     <span class='ocr_line' id='line_1_22' title="bbox 232 3057 1252 3148; baseline 0.002 -21"><span class='ocrx_word' id='word_1_168' title='bbox 232 3059 280 3146; x_wconf 83' lang='grc' dir='ltr'><strong><em>μὴ</em></strong></span> <span class='ocrx_word' id='word_1_169' title='bbox 302 3062 433 3141; x_wconf 83' lang='grc' dir='ltr'><strong><em>πάντες,</em></strong></span> <span class='ocrx_word' id='word_1_170' title='bbox 457 3057 526 3128; x_wconf 79' lang='grc' dir='ltr'><strong><em>ἀλλ’</em></strong></span> <span class='ocrx_word' id='word_1_171' title='bbox 551 3062 584 3128; x_wconf 77' lang='grc' dir='ltr'><strong><em>οἱ</em></strong></span> <span class='ocrx_word' id='word_1_172' title='bbox 605 3065 743 3141; x_wconf 88' lang='grc' dir='ltr'><strong><em>πλείους</em></strong></span> <span class='ocrx_word' id='word_1_173' title='bbox 766 3073 842 3141; x_wconf 82' lang='grc' dir='ltr'><strong><em>ταῖς</em></strong></span> <span class='ocrx_word' id='word_1_174' title='bbox 864 3064 965 3143; x_wconf 86' lang='grc' dir='ltr'><strong><em>ίδίαις</em></strong></span> <span class='ocrx_word' id='word_1_175' title='bbox 985 3066 1095 3146; x_wconf 80' lang='grc' dir='ltr'><strong><em>χερσὶν</em></strong></span> <span class='ocrx_word' id='word_1_176' title='bbox 1118 3064 1252 3148; x_wconf 79' lang='grc' dir='ltr'><strong><em>ἐργαζό-</em></strong></span> 
     </span>
     <span class='ocr_line' id='line_1_23' title="bbox 232 3154 1252 3245; baseline 0.004 -22"><span class='ocrx_word' id='word_1_177' title='bbox 232 3181 338 3241; x_wconf 87' lang='grc' dir='ltr'><strong><em>μενοι,</em></strong></span> <span class='ocrx_word' id='word_1_178' title='bbox 362 3160 437 3226; x_wconf 78' lang='grc' dir='ltr'><strong><em>οἱάν</em></strong></span> <span class='ocrx_word' id='word_1_179' title='bbox 453 3155 484 3225; x_wconf 78' lang='grc' dir='ltr'><strong><em>δ’</em></strong></span> <span class='ocrx_word' id='word_1_180' title='bbox 503 3154 543 3227; x_wconf 81' lang='grc' dir='ltr'><strong><em>ἀν</em></strong></span> <span class='ocrx_word' id='word_1_181' title='bbox 558 3154 726 3245; x_wconf 73' lang='grc' dir='ltr'><strong><em>ἀναλόγως</em></strong></span> <span class='ocrx_word' id='word_1_182' title='bbox 742 3167 1003 3245; x_wconf 90' lang='grc' dir='ltr'><strong><em>συμπρέπουσαν</em></strong></span> <span class='ocrx_word' id='word_1_183' title='bbox 1024 3164 1070 3245; x_wconf 77' lang='grc' dir='ltr'><strong><em>τῷ</em></strong></span> <span class='ocrx_word' id='word_1_184' title='bbox 1087 3157 1252 3244; x_wconf 84' lang='grc' dir='ltr'><strong><em>ἀξιώματι</em></strong></span> 
     </span>
     <span class='ocr_line' id='line_1_24' title="bbox 231 3254 1250 3345; baseline 0.004 -25"><span class='ocrx_word' id='word_1_185' title='bbox 231 3257 290 3321; x_wconf 84' lang='grc' dir='ltr'><strong><em>καὶ</em></strong></span> <span class='ocrx_word' id='word_1_186' title='bbox 320 3259 377 3342; x_wconf 76' lang='grc' dir='ltr'><strong><em>τῆς</em></strong></span> <span class='ocrx_word' id='word_1_187' title='bbox 406 3257 671 3344; x_wconf 78' lang='grc' dir='ltr'><strong><em>έκκληηιαστικῇς</em></strong></span> <span class='ocrx_word' id='word_1_188' title='bbox 703 3259 881 3345; x_wconf 78' lang='grc' dir='ltr'><strong><em>φροντίδος</em></strong></span> <span class='ocrx_word' id='word_1_189' title='bbox 913 3257 1093 3344; x_wconf 78' lang='grc' dir='ltr'><strong><em>ένδελεχείη</em></strong></span> <span class='ocrx_word' id='word_1_190' title='bbox 1125 3254 1250 3342; x_wconf 80' lang='grc' dir='ltr'><strong><em>εύροιεν</em></strong></span> 
     </span>
     <span class='ocr_line' id='line_1_25' title="bbox 233 3350 1250 3444; baseline 0.004 -26"><span class='ocrx_word' id='word_1_191' title='bbox 233 3358 356 3438; x_wconf 79' lang='grc' dir='ltr'><strong><em>τέχνην,</em></strong></span> <span class='ocrx_word' id='word_1_192' title='bbox 380 3350 474 3434; x_wconf 81' lang='grc' dir='ltr'><strong><em>ὅπως</em></strong></span> <span class='ocrx_word' id='word_1_193' title='bbox 500 3355 584 3440; x_wconf 85' lang='grc' dir='ltr'><strong><em>μετὰ</em></strong></span> <span class='ocrx_word' id='word_1_194' title='bbox 610 3358 669 3423; x_wconf 85' lang='grc' dir='ltr'><strong><em>τοῦ</em></strong></span> <span class='ocrx_word' id='word_1_195' title='bbox 697 3354 795 3440; x_wconf 90' lang='grc' dir='ltr'><strong><em>λόγου</em></strong></span> <span class='ocrx_word' id='word_1_196' title='bbox 828 3355 883 3421; x_wconf 84' lang='grc' dir='ltr'><strong><em>καὶ</em></strong></span> <span class='ocrx_word' id='word_1_197' title='bbox 910 3357 969 3420; x_wconf 86' lang='grc' dir='ltr'><strong><em>τοῦ</em></strong></span> <span class='ocrx_word' id='word_1_198' title='bbox 996 3353 1198 3440; x_wconf 88' lang='grc' dir='ltr'><strong><em>κηρύγματος</em></strong></span> <span class='ocrx_word' id='word_1_199' title='bbox 1230 3352 1250 3444; x_wconf 76' lang='grc' dir='ltr'><em>ἡ</em></span> 
     </span>
     <span class='ocr_line' id='line_1_26' title="bbox 235 3451 1290 3540; baseline 0.007 -25"><span class='ocrx_word' id='word_1_200' title='bbox 235 3452 421 3537; x_wconf 85' lang='grc' dir='ltr'><strong><em>συνείδησις</em></strong></span> <span class='ocrx_word' id='word_1_201' title='bbox 440 3459 547 3539; x_wconf 82' lang='grc' dir='ltr'><strong><em>χαίρῃ,</em></strong></span> <span class='ocrx_word' id='word_1_202' title='bbox 581 3454 634 3518; x_wconf 83' lang='grc' dir='ltr'><strong><em>καί</em></strong></span> <span class='ocrx_word' id='word_1_203' title='bbox 658 3452 714 3518; x_wconf 82' lang='grc' dir='ltr'><strong><em>διὰ</em></strong></span> <span class='ocrx_word' id='word_1_204' title='bbox 733 3455 851 3535; x_wconf 88' lang='grc' dir='ltr'><strong><em>χειρῶν</em></strong></span> <span class='ocrx_word' id='word_1_205' title='bbox 875 3451 967 3518; x_wconf 81' lang='grc' dir='ltr'><strong><em>ἰδίων</em></strong></span> <span class='ocrx_word' id='word_1_206' title='bbox 989 3458 1290 3540; x_wconf 71' lang='grc' dir='ltr'><strong><em>καρποφοροῦσαιε</em></strong></span> 
     </span>
    </p>

    <p class='ocr_par' dir='ltr' id='par_1_5' title="bbox 201 3544 1290 4221">
     <span class='ocr_line' id='line_1_27' title="bbox 201 3544 1252 3637; baseline 0.005 -24"><span class='ocrx_word' id='word_1_207' title='bbox 201 3550 289 3623; x_wconf 73' lang='grc' dir='ltr'><strong><em>[ικαὶ</em></strong></span> <span class='ocrx_word' id='word_1_208' title='bbox 312 3546 409 3635; x_wconf 76' lang='grc' dir='ltr'><strong><em>ἑαυτῇ</em></strong></span> <span class='ocrx_word' id='word_1_209' title='bbox 433 3548 657 3636; x_wconf 77' lang='grc' dir='ltr'><strong><em>ἐπαρασαμένη</em></strong></span> <span class='ocrx_word' id='word_1_210' title='bbox 680 3560 752 3629; x_wconf 80' lang='grc' dir='ltr'><strong><em>τοῖς</em></strong></span> <span class='ocrx_word' id='word_1_211' title='bbox 773 3575 809 3617; x_wconf 91' lang='grc' dir='ltr'><strong><em>τε</em></strong></span> <span class='ocrx_word' id='word_1_212' title='bbox 837 3544 997 3637; x_wconf 77' lang='grc' dir='ltr'><strong><em>ἀδελφοῖς</em></strong></span> <span class='ocrx_word' id='word_1_213' title='bbox 1024 3552 1077 3615; x_wconf 80' lang='grc' dir='ltr'><strong><em>καὶ</em></strong></span> <span class='ocrx_word' id='word_1_214' title='bbox 1101 3549 1252 3635; x_wconf 86' lang='grc' dir='ltr'><strong><em>ένδεομέ-</em></strong></span> 
     </span>
     <span class='ocr_line' id='line_1_28' title="bbox 233 3642 1249 3735; baseline 0.006 -25"><span class='ocrx_word' id='word_1_215' title='bbox 233 3667 305 3722; x_wconf 89' lang='grc' dir='ltr'><strong><em>νοις</em></strong></span> <span class='ocrx_word' id='word_1_216' title='bbox 326 3643 384 3730; x_wconf 78' lang='grc' dir='ltr'><strong><em>τὴν</em></strong></span> <span class='ocrx_word' id='word_1_217' title='bbox 406 3645 490 3729; x_wconf 82' lang='grc' dir='ltr'><strong><em>μετὰ</em></strong></span> <span class='ocrx_word' id='word_1_218' title='bbox 509 3656 621 3731; x_wconf 85' lang='grc' dir='ltr'><strong><em>χεῖρας</em></strong></span> <span class='ocrx_word' id='word_1_219' title='bbox 650 3648 854 3730; x_wconf 78' lang='grc' dir='ltr'><strong><em>οἰκονομίαν,</em></strong></span> <span class='ocrx_word' id='word_1_220' title='bbox 885 3642 1043 3730; x_wconf 87' lang='grc' dir='ltr'><strong><em>ἀπαρχῶν</em></strong></span> <span class='ocrx_word' id='word_1_221' title='bbox 1071 3647 1122 3727; x_wconf 81' lang='grc' dir='ltr'><strong><em>δὲ,</em></strong></span> <span class='ocrx_word' id='word_1_222' title='bbox 1155 3652 1249 3735; x_wconf 83' lang='grc' dir='ltr'><strong><em>φημί,</em></strong></span> 
     </span>
     <span class='ocr_line' id='line_1_29' title="bbox 232 3740 1251 3831; baseline 0.004 -23"><span class='ocrx_word' id='word_1_223' title='bbox 232 3745 289 3808; x_wconf 81' lang='grc' dir='ltr'><strong><em>καὶ</em></strong></span> <span class='ocrx_word' id='word_1_224' title='bbox 311 3747 532 3830; x_wconf 71' lang='grc' dir='ltr'><strong><em>προσφορῶν,</em></strong></span> <span class='ocrx_word' id='word_1_225' title='bbox 566 3746 619 3810; x_wconf 80' lang='grc' dir='ltr'><strong><em>καί</em></strong></span> <span class='ocrx_word' id='word_1_226' title='bbox 642 3744 678 3824; x_wconf 75' lang='grc' dir='ltr'><strong><em>ἐξ</em></strong></span> <span class='ocrx_word' id='word_1_227' title='bbox 699 3740 894 3812; x_wconf 80' lang='grc' dir='ltr'><strong><em>αὐτῶντῶν</em></strong></span> <span class='ocrx_word' id='word_1_228' title='bbox 917 3745 973 3811; x_wconf 85' lang='grc' dir='ltr'><strong><em>διὰ</em></strong></span> <span class='ocrx_word' id='word_1_229' title='bbox 999 3748 1117 3830; x_wconf 85' lang='grc' dir='ltr'><strong><em>χειρῶν</em></strong></span> <span class='ocrx_word' id='word_1_230' title='bbox 1143 3747 1251 3831; x_wconf 84' lang='grc' dir='ltr'><strong><em>είργα-</em></strong></span> 
     </span>
     <span class='ocr_line' id='line_1_30' title="bbox 232 3835 1250 3928; baseline 0.004 -23"><span class='ocrx_word' id='word_1_231' title='bbox 232 3843 363 3922; x_wconf 88' lang='grc' dir='ltr'><strong><em>σμένων</em></strong></span> <span class='ocrx_word' id='word_1_232' title='bbox 386 3835 427 3907; x_wconf 78' lang='grc' dir='ltr'><strong><em>δι’</em></strong></span> <span class='ocrx_word' id='word_1_233' title='bbox 453 3836 638 3928; x_wconf 74' lang='grc' dir='ltr'><strong><em>ὑπερβολὴν</em></strong></span> <span class='ocrx_word' id='word_1_234' title='bbox 661 3841 847 3920; x_wconf 79' lang='grc' dir='ltr'><strong><em>διαθέσεως</em></strong></span> <span class='ocrx_word' id='word_1_235' title='bbox 874 3841 960 3928; x_wconf 88' lang='grc' dir='ltr'><strong><em>πρὸς</em></strong></span> <span class='ocrx_word' id='word_1_236' title='bbox 981 3842 1072 3921; x_wconf 87' lang='grc' dir='ltr'><strong><em>θεὸν,</em></strong></span> <span class='ocrx_word' id='word_1_237' title='bbox 1102 3845 1154 3907; x_wconf 81' lang='grc' dir='ltr'><strong><em>καὶ</em></strong></span> <span class='ocrx_word' id='word_1_238' title='bbox 1178 3854 1250 3923; x_wconf 81' lang='grc' dir='ltr'><strong><em>τοῖς</em></strong></span> 
     </span>
     <span class='ocr_line' id='line_1_31' title="bbox 232 3933 1290 4025; baseline 0.005 -23"><span class='ocrx_word' id='word_1_239' title='bbox 232 3938 341 4015; x_wconf 86' lang='grc' dir='ltr'><strong><em>πέλας</em></strong></span> <span class='ocrx_word' id='word_1_240' title='bbox 363 3936 520 4018; x_wconf 76' lang='grc' dir='ltr'><strong><em>ἑκουσίως</em></strong></span> <span class='ocrx_word' id='word_1_241' title='bbox 540 3939 774 4022; x_wconf 87' lang='grc' dir='ltr'><strong><em>μεταδιδοῦσα,</em></strong></span> <span class='ocrx_word' id='word_1_242' title='bbox 801 3946 909 4005; x_wconf 90' lang='grc' dir='ltr'><strong><em>καίτοι</em></strong></span> <span class='ocrx_word' id='word_1_243' title='bbox 937 3964 973 4025; x_wconf 89' lang='grc' dir='ltr'><strong><em>γε</em></strong></span> <span class='ocrx_word' id='word_1_244' title='bbox 999 3939 1043 4025; x_wconf 86' lang='grc' dir='ltr'><strong><em>μὴ</em></strong></span> <span class='ocrx_word' id='word_1_245' title='bbox 1072 3933 1290 4023; x_wconf 72' lang='grc' dir='ltr'><strong><em>ἀναγκαζο-θ)</em></strong></span> 
     </span>
     <span class='ocr_line' id='line_1_32' title="bbox 231 4029 1249 4124; baseline 0.001 -23"><span class='ocrx_word' id='word_1_246' title='bbox 231 4041 342 4119; x_wconf 87' lang='grc' dir='ltr'><strong><em>μένων</em></strong></span> <span class='ocrx_word' id='word_1_247' title='bbox 364 4029 481 4116; x_wconf 79' lang='grc' dir='ltr'><strong><em>αὐτῶν,</em></strong></span> <span class='ocrx_word' id='word_1_248' title='bbox 504 4037 899 4122; x_wconf 79' lang='grc' dir='ltr'><strong><em>μηδέκατακρινομένων,</em></strong></span> <span class='ocrx_word' id='word_1_249' title='bbox 929 4031 1013 4102; x_wconf 86' lang='grc' dir='ltr'><strong><em>ἀλλὰ</em></strong></span> <span class='ocrx_word' id='word_1_250' title='bbox 1041 4037 1249 4124; x_wconf 87' lang='grc' dir='ltr'><strong><em>δικαιοσύνης</em></strong></span> 
     </span>
     <span class='ocr_line' id='line_1_33' title="bbox 230 4130 1249 4221; baseline 0.003 -22"><span class='ocrx_word' id='word_1_251' title='bbox 230 4130 359 4211; x_wconf 85' lang='grc' dir='ltr'><strong><em>πόνους</em></strong></span> <span class='ocrx_word' id='word_1_252' title='bbox 390 4132 446 4201; x_wconf 81' lang='grc' dir='ltr'><strong><em>καὶ</em></strong></span> <span class='ocrx_word' id='word_1_253' title='bbox 468 4133 621 4218; x_wconf 73' lang='grc' dir='ltr'><strong><em>ἐργασίαν</em></strong></span> <span class='ocrx_word' id='word_1_254' title='bbox 644 4133 909 4221; x_wconf 79' lang='grc' dir='ltr'><strong><em>έκκλησιαστικὴν</em></strong></span> <span class='ocrx_word' id='word_1_255' title='bbox 932 4131 1070 4217; x_wconf 74' lang='grc' dir='ltr'><strong><em>ἐχόντων</em></strong></span> <span class='ocrx_word' id='word_1_256' title='bbox 1091 4135 1145 4198; x_wconf 85' lang='grc' dir='ltr'><strong><em>καὶ</em></strong></span> <span class='ocrx_word' id='word_1_257' title='bbox 1165 4136 1249 4203; x_wconf 86' lang='grc' dir='ltr'><strong><em>κατὰ</em></strong></span> 
     </span>
    </p>
   </div>
   <div class='ocr_carea' id='block_1_2' title="bbox 230 4226 1249 4384">
    <p class='ocr_par' dir='ltr' id='par_1_6' title="bbox 230 4226 1249 4384">
     <span class='ocr_line' id='line_1_34' title="bbox 230 4226 1249 4372; baseline 0.004 -75"><span class='ocrx_word' id='word_1_258' title='bbox 230 4229 444 4372; x_wconf 61' lang='grc' dir='ltr'><strong><em>δικὲνιοσύνην</em></strong></span> <span class='ocrx_word' id='word_1_259' title='bbox 468 4236 678 4314; x_wconf 85' lang='grc' dir='ltr'><strong><em>σιτουμένων,</em></strong></span> <span class='ocrx_word' id='word_1_260' title='bbox 702 4226 743 4299; x_wconf 78' lang='grc' dir='ltr'><strong><em>δι’</em></strong></span> <span class='ocrx_word' id='word_1_261' title='bbox 767 4228 951 4319; x_wconf 78' lang='grc' dir='ltr'><strong><em>ὑπερβολὴν</em></strong></span> <span class='ocrx_word' id='word_1_262' title='bbox 973 4231 1008 4297; x_wconf 79' lang='grc' dir='ltr'><strong><em>δέ</em></strong></span> <span class='ocrx_word' id='word_1_263' title='bbox 1023 4237 1249 4317; x_wconf 87' lang='grc' dir='ltr'><strong><em>προαιρέσεως</em></strong></span> 
     </span>
     <span class='ocr_line' id='line_1_35' title="bbox 303 4330 1096 4384; baseline 0.015 -12"><span class='ocrx_word' id='word_1_264' title='bbox 303 4330 429 4383; x_wconf 72' lang='grc' dir='ltr'><strong><em>ρίρὴεαίιιε.</em></strong></span> <span class='ocrx_word' id='word_1_265' title='bbox 449 4330 486 4376; x_wconf 84' lang='lat'>111.</span> <span class='ocrx_word' id='word_1_266' title='bbox 1064 4334 1096 4384; x_wconf 79' lang='grc'><strong><em>35</em></strong></span> 
     </span>
    </p>
   </div>
   <div class='ocr_carea' id='block_1_3' title="bbox 0 0 1438 5084">
    <p class='ocr_par' dir='ltr' id='par_1_7' title="bbox 0 0 1438 5084">
     <span class='ocr_line' id='line_1_36' title="bbox 0 0 1438 5084; baseline 0 1"><span class='ocrx_word' id='word_1_267' title='bbox 0 0 1438 5084; x_wconf 95' lang='lat' dir='ltr'><strong><em> </em></strong></span> 
     </span>
    </p>
   </div>
  </div>
 </body>
</html>
