2867 5084
604 954 688 1002 υτον
706 952 876 1014 mmm.
1189 941 1251 1003 573

232 1094 281 1172 ὧν
304 1086 441 1182 ἕκαστος
462 1097 537 1169 καθ’
561 1101 679 1169 ἑαυτὸν
702 1101 839 1185 εὔχεται,
862 1106 917 1168 καί
940 1098 978 1168 οὗ
1000 1104 1084 1186 μετά
1104 1125 1195 1181 τινος
1215 1106 1256 1171 τὸ

232 1202 407 1285 παράπαν,
445 1201 552 1282 ἕτεροι
574 1202 610 1266 δὲ
633 1199 666 1266 ἰν
688 1202 814 1277 κλοιοῖς
847 1202 940 1283 παρὰ
967 1201 1024 1266 τὸν
1047 1202 1175 1289 θεσμόν
1197 1207 1255 1287 τῆς

201 1299 415 1384 εέκκλησίας.
455 1299 572 1379 διόπερ
601 1297 657 1363 ἐπὶ
680 1299 767 1363 τέλει
789 1297 915 1375 παντὸς
946 1302 1005 1363 τοῦ
1027 1301 1125 1384 λόγου
1147 1300 1256 1367 νεάνι·

232 1397 296 1474 δας
317 1396 400 1482 ἔφην
422 1394 465 1481 μὴ
490 1394 626 1476 ἐχούσας
648 1389 805 1478 ἀριθμὸν,
844 1395 903 1472 τάς
925 1421 961 1461 τε
981 1396 1064 1461 κατά
1085 1397 1143 1483 την
1167 1399 1254 1463 ίδίαν

233 1493 364 1559 ἔννοιαν
376 1493 510 1570 ἑαυταῖς
532 1492 751 1572 νεανιζοόσας,
776 1487 813 1556 οό
836 1491 900 1577 μὴν
923 1492 969 1569 εἷς
991 1491 1029 1557 τό
1052 1491 1192 1577 ἀγαθὸν,
1215 1495 1277 1560 τὸ5

230 1590 380 1657 τελειοῦν
395 1594 454 1675 τῆς
469 1597 592 1677 σοφίας
607 1589 649 1654 τὰ
664 1590 746 1672 εἴδη,
770 1588 961 1674 φρονήσεώς
976 1615 1011 1656 τε
1033 1593 1086 1656 καί
1102 1586 1254 1675 ἀνδρείας

231 1691 290 1753 καὶ
312 1688 528 1774 σωφροσύνης
555 1690 608 1753 καί
633 1686 857 1771 δικαιοσύνης·
891 1687 927 1765 ἐξ
954 1676 999 1753 ὧν
1028 1684 1127 1753 ἀλλαι
1149 1694 1256 1754 νεανί-

235 1786 351 1864 ζουσαι
380 1784 437 1851 ἐπὶ
459 1784 498 1849 τό
521 1783 797 1868 τυραννικώτερον
825 1786 878 1848 καί
908 1779 977 1850 ἀπὸ
1004 1788 1062 1870 τῆς
1094 1781 1255 1871 ἀληθείας

233 1881 354 1959 ἑαυτὰς
376 1881 600 1963 ἐκτρέπουσιν,
626 1878 712 1946 ὥστε
733 1879 777 1965 μὴ
802 1875 885 1946 εἶναι
910 1875 1058 1964 ἀριθμὸν
1079 1883 1214 1950 τούτων.

322 1987 370 2045 14.
401 1975 499 2064 Αότη
523 1980 558 2044 δὲ
581 1974 599 2063 ἡ
623 1984 684 2061 μία
706 1976 886 2061 περιστερά
907 1981 961 2044 καὶ
984 1974 1062 2063 ἁγία
1083 1986 1255 2064 παρθένος
1265 1990 1294 2041 1⁰

231 2076 317 2143 θεὸν
341 2073 495 2160 ὁμολογεῖ
516 2082 646 2158 πατέρα
667 2078 721 2141 καὶ
744 2074 816 2140 υἱὸν
838 2074 893 2140 καὶ
909 2072 1002 2160 ἅγιον
1018 2080 1163 2159 πνεῦμα,
1188 2103 1256 2143 πα-

232 2180 314 2259 τέρα
335 2176 470 2253 τέλειον,
494 2173 566 2239 οἷόν
587 2174 723 2249 τέλειον,
747 2175 877 2255 πνεῦμα
900 2169 993 2257 ἅγιον
1010 2175 1151 2252 τέλειον,
1177 2170 1256 2255 ὃμο-

203 2273 351 2347 υοόσιον
372 2272 431 2358 την
453 2270 586 2354 τριάδα,
622 2265 660 2334 οό
684 2269 888 2354 συναλοιφὴν
916 2269 974 2352 τὴν
1001 2269 1136 2353 τριάδα,
1172 2265 1256 2337 ἀλλὰ

232 2369 292 2435 τόν
319 2368 392 2435 οἶόν
421 2369 454 2434 ἐκ
484 2367 612 2452 πατρὸς
647 2361 817 2451 ἀληθινῶς
850 2372 1095 2450 γεγεννημένον,
1130 2370 1185 2432 καὶ
1216 2367 1255 2433 τὸ

233 2463 329 2552 ἅγιον
352 2469 482 2549 πνεῦμα
511 2462 569 2530 οόκ
591 2460 766 2548 ἀλλότριον
795 2464 923 2546 πατρὸς
949 2462 1006 2528 καὶ
1033 2464 1123 2540 υἱοῦ,
1154 2454 1255 2533 οὖσαν
1267 2479 1294 2529 1⁶

233 2565 272 2630 δὲ
295 2559 347 2630 ἀεὶ
369 2563 427 2648 τὴν
450 2562 569 2645 τριάδα
590 2565 643 2626 καί
667 2562 835 2646 μηδέποτε
863 2561 1060 2646 προσθήκης
1082 2560 1257 2645 ἐπιδεομέ-

234 2687 304 2748 νην,
326 2661 370 2747 μη
395 2660 531 2742 ἔχουσαν
555 2660 637 2724 δέτι
654 2658 686 2724 ἐν
703 2658 802 2744 ἑαυτῇ
825 2653 1040 2743 όντοχληθηκός,
1064 2658 1111 2736 είς
1125 2665 1204 2740 μίαν
1221 2661 1257 2726 δὲ

235 2758 374 2844 ἑνότητα
401 2757 457 2823 καὶ
488 2763 567 2840 μίαν
590 2750 689 2842 ἀρχὴν
712 2759 771 2821 τοῦ
793 2758 878 2822 θεοῦ
900 2757 953 2820 καί
982 2755 1110 2840 πατρὸς
1139 2754 1257 2841 ἀναγο·

232 2862 345 2940 μένην,
372 2857 425 2920 καί
449 2854 483 2920 ἐκ
505 2854 625 2939 ταύτης
646 2857 704 2939 τῆς
726 2853 861 2937 τριάδος
883 2850 1010 2937 πατρὸς
1032 2856 1086 2919 καὶ
1106 2854 1179 2920 οἱοῦ
1202 2858 1258 2921 καί

181 2949 332 3038 σοοᾶγίσυ
354 2950 542 3041 πνεόματος
570 2951 612 3016 τά
633 2950 746 3017 πάντα
767 2957 950 3029 κεκτίσθαι,
981 2945 1038 3015 οόκ
1061 2947 1140 3016 ὄντα
1162 2954 1296 3032 nmmo

235 3045 315 3116 οὐδὲ
336 3048 476 3115 συνόντα
505 3051 551 3133 τῷ
580 3051 662 3133 θεῷ,
694 3043 771 3113 οὐδὲ
793 3046 1070 3131 προόντάρξαντα,
1100 3048 1257 3132 γενόμενα

236 3148 273 3214 δὲ
295 3146 332 3225 ἐξ
352 3140 410 3211 οόκ
433 3143 537 3211 όντων
560 3145 607 3222 είς
629 3144 667 3210 τό
691 3140 776 3211 εἶναι
798 3140 868 3210 ἀπὸ
889 3143 1017 3226 πατρὸς
1037 3143 1093 3209 καὶ
1108 3146 1181 3210 οἱοῦ
1203 3149 1257 3211 καί

235 3241 332 3330 ἆγίου
355 3245 550 3327 πνεύματος.
589 3241 644 3308 καὶ
665 3245 783 3307 τοῦτον
805 3241 863 3308 τόν
886 3247 1015 3325 πατέρα
1036 3244 1090 3307 καὶ
1110 3240 1181 3307 υἱόν
1203 3244 1257 3308 καί

235 3340 331 3428 ἅγιον
353 3344 483 3423 πνεῦμα
505 3350 577 3418 τοῖς
599 3336 699 3404 αὐτοῦ
723 3336 830 3422 ἁγίοις
855 3341 908 3403 καί
933 3333 989 3404 ἀπ’
1015 3338 1136 3416 αἰῶνος
1157 3364 1257 3405 κατα-

236 3439 403 3520 ξιώσαντα
426 3437 459 3505 ἐν
476 3432 656 3514 όνττασίαις
672 3439 826 3523 φανῆναι,
850 3434 1006 3521 καθάπερ
1025 3431 1166 3522 ἠδύνατο
1182 3436 1296 3503 &na-25

234 3560 316 3616 στος
335 3546 463 3620 χωρεῖν,
487 3534 570 3600 κατὰ
591 3533 630 3599 τὸ
650 3532 798 3617 χάρισμα
820 3528 920 3598 αὐτοῦ
941 3533 998 3599 διὰ
1011 3536 1070 3619 τῆς
1085 3534 1257 3620 θεότητος,

235 3631 322 3719 ὅπερ
354 3633 517 3717 ίχαρίζετο
546 3630 672 3715 ἑκάστην
705 3633 771 3695 τῶν
804 3632 1083 3714 καταξιουμένων,
1119 3658 1166 3718 πη
1199 3633 1259 3714 μὲν

235 3736 366 3815 πατέρα
395 3729 608 3807 θεάσασθαι,
641 3727 756 3805 καθώς
784 3721 925 3811 ἠδύνατο
955 3730 1091 3805 ἕκαστος
1120 3723 1260 3794 ἀκοῦσαι

234 3832 294 3914 τῆς
327 3830 440 3915 φωνῆς
472 3821 589 3905 αὐτοῦ,
630 3821 674 3902 ὡς
707 3824 837 3909 ἐχώρει·
881 3822 926 3902 ὡς
960 3825 993 3890 ἐν
1027 3824 1168 3907 στόματι
1200 3826 1259 3889 τοῦ

210 3921 374 3993 ΒἩσαίου
397 3925 504 4009 ἔλεγεν
527 3922 630 4000 “ίδοὺ,
655 3920 789 4006 συνησει
812 3918 830 3985 ό
846 3932 929 3999 παῖς
942 3944 1007 4003 μου
1021 3917 1039 3986 ό
1055 3916 1226 4005 ἀγαπητός
1234 3923 1300 3985 ‘’'30

235 4025 336 4088 τοῦτο
360 4021 453 4109 φωνὴ
482 4019 626 4103 πατρός·
664 4021 718 4084 καὶ
749 4014 794 4096 ὡς
817 4014 835 4082 ὁ
856 4017 985 4102 Δανιὴλ
1013 4012 1080 4083 εἶδε
1106 4017 1163 4082 τὸν
1191 4041 1260 4082 πα-

237 4118 333 4186 λαιὸν
363 4121 431 4186 τῶν
462 4113 607 4204 ἡμερῶν·
640 4119 739 4181 τοῦτο
773 4111 921 4180 ὀπτασία
953 4114 1090 4196 πατρός.
1146 4109 1191 4191 ὡς
1224 4114 1261 4180 δὲ

237 4216 273 4283 ἐν
292 4217 341 4301 τῷ
364 4215 521 4303 προφήτῃ
551 4212 653 4281 πάλιν
684 4212 768 4298 “ίγώ
791 4208 923 4298 δράσεις
946 4209 1120 4297 ἐπλήθυνε
1148 4215 1202 4277 καί
1225 4210 1259 4279 δν

1207 4404 1362 4624 l
