2867 5084
291 929 350 990 160
506 941 713 991 ειτιοιυιου
730 939 825 990 ποτε
843 940 1030 990 amm
1046 941 1076 989 ιι.

284 1117 322 1158 τε
344 1091 378 1158 έν
399 1087 543 1176 ὑπεροχῇ
567 1084 754 1172 ἀξιώματος
775 1085 924 1174 ὑπάρχει.
955 1083 993 1155 οῦ
1016 1087 1077 1173 γὰρ
1100 1083 1154 1155 ότι
1172 1082 1192 1153 ὑ
1207 1094 1302 1172 βασι-

287 1188 360 1266 λεῦς
382 1182 533 1270 ὑπερέχει
554 1190 620 1251 τῶν
644 1186 795 1271 ἐπάρχων
817 1189 871 1252 καλ
891 1188 1132 1272 στρατηλατῶν,
1157 1179 1197 1251 οῦ
1214 1184 1343 1267 παράῖλι

285 1288 385 1349 τοῦτο
409 1278 465 1349 οῦκ
489 1285 577 1350 έστιν
601 1279 817 1370 ὁμοιοπαθὴς
838 1287 905 1348 τιῦν
928 1282 1036 1349 ἄλλων
1058 1284 1111 1348 καὶ
1128 1282 1306 1360 σύνδουλος

287 1384 345 1467 τῆς
366 1375 465 1467 αὑτῆς
487 1387 638 1459 κτίσεως,
669 1380 793 1464 θνητός
814 1405 866 1459 τις
888 1374 949 1458 ὢν,
980 1377 1094 1464 ὥσπερ
1115 1382 1169 1446 καὶ
1195 1380 1228 1445 σί
1251 1374 1304 1445 ὑπ’

261 1473 387 1543 υαῦτοῦ
416 1472 600 1561 ἀρχόμενοι.
645 1480 699 1543 καί
731 1472 788 1558 οὐχ
818 1473 870 1542 ὅτι
899 1472 916 1541 ὑ
945 1473 1038 1564 ἥλιος
1066 1472 1221 1560 ὑπερέχει
1243 1478 1307 1541 τῶν

288 1573 395 1641 ἄλλων
419 1572 558 1658 όστρων,
582 1576 635 1641 καὶ
659 1569 677 1661 ἡ
702 1574 818 1660 σεληνη
843 1574 877 1639 έν
897 1581 1006 1659 μέρει,
1031 1568 1068 1638 οῦ
1091 1571 1185 1657 παρά
1209 1576 1308 1638 τοῦτο

287 1668 344 1738 οῦκ
367 1673 451 1739 είσλν
473 1668 721 1755 ὑποτεταγμένα
743 1682 899 1754 στοιχεῖα,
923 1674 977 1737 καλ
1000 1673 1039 1756 τῇ
1061 1673 1119 1735 τοῦ
1144 1670 1218 1748 ἑνὸς
1237 1671 1310 1737 δια-

286 1770 378 1847 τάξει
401 1769 598 1852 δημιουργοῦ
621 1771 732 1833 τεκαὶ
755 1771 906 1846 κτιστοῦ,
930 1766 1059 1852 πατρὸς
1080 1769 1134 1833 καί
1157 1767 1234 1833 υἱοῦ
1255 1769 1310 1833 καί

287 1862 382 1948 άγίου
406 1864 593 1946 πνεύματος
615 1861 802 1930 ὑπείκοντα.
833 1866 887 1931 καὶ
911 1860 969 1948 οῦχ
986 1862 1038 1931 ότι
1053 1860 1185 1948 άγγελοι
1201 1860 1312 1947 ὑπάρ-

251 1976 383 2045 ιοχοοσι
411 1964 477 2026 τιῦν
507 1956 650 2045 ὁρατῶν,
689 1964 743 2026 καί
778 1961 812 2028 έν
843 1962 935 2041 τάξει
971 1966 1037 2028 τῶν
1074 1959 1200 2039 ἄλλων,
1238 1968 1312 2040 μεί-

289 2061 362 2139 ζους
396 2057 530 2124 πάντιυν
565 2056 663 2136 είσὶν,
699 2053 756 2122 οἷα
785 2059 822 2145 δη
852 2053 990 2142 ἀόρατοι
1018 2065 1227 2137 κτισθέντες,
1257 2061 1312 2125 καὶ

287 2158 326 2222 τό
357 2159 490 2239 πρῶτον
518 2161 615 2240 γέρας
642 2157 700 2241 τῆς
726 2159 786 2220 τοῦ
823 2159 907 2223 θεοῦ
942 2161 1126 2240 θεραπείας
1161 2150 1337 2240 &noxae-1

289 2254 452 2338 ποάμενοι
489 2253 523 2319 ἐν
560 2249 676 2335 ὑμνοις
714 2253 890 2339 διηνεκέσι,
932 2255 986 2319 καλ
1024 2247 1193 2319 άθάνατοι
1230 2263 1315 2319 κατά

286 2352 380 2436 χάριν
403 2345 458 2416 ὑπ’
485 2346 584 2416 αὑτοῦ
606 2355 814 2429 κτισθέντες,
842 2353 897 2416 καὶ
919 2345 957 2416 οὑ
980 2351 1063 2417 κατὰ
1085 2348 1196 2436 φῦσιν,
1223 2345 1315 2417 άθά-

251 2455 383 2516 ιῠνατοί
404 2473 455 2525 τε,
481 2446 582 2534 φύσιν
605 2447 640 2526 ἒξ
661 2442 763 2512 αὑτοῦ
786 2451 845 2512 τοῦ
868 2441 1058 2526 ἀθανάτου,
1081 2446 1135 2512 καὶ
1159 2444 1259 2527 ὄντος
1280 2447 1315 2514 έν

289 2546 394 2631 ἑαυτῷ
425 2545 489 2630 ζωὴ
510 2547 563 2610 καὶ
588 2538 760 2611 άθανασία
782 2545 1044 2623 καταξιωθέντες
1065 2549 1243 2628 γενέσθαι,
1275 2538 1314 2610 οῦ

289 2643 382 2725 παρὰ
410 2644 508 2705 τοῦτο
531 2636 589 2706 οῦκ
612 2641 675 2707 είσί
700 2640 796 2728 φόβην
818 2643 871 2706 καλ
893 2641 1022 2728 τρόμῳ,
1051 2643 1106 2707 καί
1132 2636 1200 2706 ὑπὸ
1226 2636 1316 2708 άπα-

289 2741 413 2823 λογίαν,
436 2740 489 2801 καί
515 2737 677 2817 έξέτασιν,
701 2745 754 2804 καὶ
777 2739 940 2818 κέλευσιν,
964 2741 1017 2805 καλ
1041 2736 1234 2824 προσταγην
1257 2741 1322 2826 τῆς

290 2830 385 2919 άγίας
408 2833 570 2919 θεότητος
593 2835 842 2916 δεδουλωμένοι.

248 2945 281 2996 20
380 2937 426 2998 18.
451 2928 568 2998 Ἔνθεν
597 2931 657 3016 γάρ
687 2931 759 2998 ἔστι
787 2933 825 2998 τό
853 2933 1047 3019 ζητούμενον
1070 2935 1128 3018 τῆς
1149 2927 1316 3016 ἀληθείας

290 3025 487 3114 άκρίβασμα,
511 3029 568 3096 τόν
590 3029 663 3095 υἱόν
684 3032 743 3112 μὲν
768 3031 880 3115 λέγειν,
905 3031 1009 3116 λέγειν
1032 3031 1137 3095 δὲκαὶ
1152 3031 1239 3111 έχειν
1255 3024 1341 3113 αι’χίῑ

290 3122 406 3206 άπλιῦς
437 3123 542 3204 όνυμά
563 3153 612 3201 τι,
643 3121 727 3192 όιλλά
751 3127 821 3192 υίὸν
843 3127 927 3192 κατὰ
950 3126 1051 3214 ηνόσιν
1075 3126 1154 3192 υἱόν.
1199 3129 1260 3193 καὶ
1281 3125 1315 3194 έν

290 3220 368 3311 ἡμῖν
397 3223 458 3309 γάρ
488 3224 609 3291 πολλοὶ
638 3225 815 3291 καλοῦνται
836 3225 919 3303 υἱοί,
949 3224 992 3310 μὴ
1017 3221 1108 3303 ὄντες
1129 3219 1224 3310 ὑμῶν
1249 3225 1316 3290 υίολ

290 3321 505 3407 κατὰφύσιν.
538 3322 569 3388 οἱ
592 3323 627 3389 δὲ
651 3316 807 3408 ἀληθινοὶ
831 3321 896 3386 υἱοί
922 3322 953 3386 οἱ
975 3320 1105 3408 γνήσιοι
1122 3323 1313 3399 καλοῦνται,

249 3419 323 3483 2502
345 3419 426 3484 κατὰ
450 3417 551 3504 φύσιν
573 3413 627 3506 ὑφ’
653 3414 745 3505 ἡμῶν
767 3424 1000 3504 γεγεννημέναι.
1043 3426 1095 3485 καί
1120 3418 1149 3486 εί
1170 3419 1233 3500 μὲν
1257 3407 1316 3485 οὑν

291 3514 362 3593 υίὸς
389 3514 491 3597 μόνον
521 3514 684 3594 ἐκαλεῖτο,
720 3511 765 3594 ιῦς
792 3519 844 3581 καὶ
875 3515 999 3594 πάντες
1027 3515 1214 3603 έκληθησαν
1245 3515 1313 3582 υἱοί

290 3614 389 3691 θεοῦ,
422 3609 486 3694 άρα
512 3607 607 3679 οῦδὲν
630 3613 818 3680 διαλλάττει
840 3616 907 3680 τιῦν
930 3611 1048 3678 ἄλλων.
1093 3618 1146 3678 καί
1170 3615 1248 3692 πιῦς
1271 3607 1317 3693 ιὺς

291 3710 373 3788 θεὸς
402 3721 654 3792 προσκυνεῖται,·
684 3711 751 3777 έδει
774 3700 830 3777 οῦν
852 3711 971 3777 καὶτὰ
994 3709 1078 3776 ἄλλα
1100 3710 1228 3789 πάντα,
1261 3702 1313 3798 ἐφ’

292 3807 348 3886 οῦς
375 3805 414 3872 τὸ
444 3806 549 3889 όνομα
574 3810 633 3894 τῆς
661 3807 836 3887 υἱοθεσίας
864 3808 1088 3894 ἐπικέκληται,
1118 3802 1186 3874 κατ’
1212 3801 1317 3874 αὑτὸν

251 3911 572 3990 ευπροσκυνείσθαι,
617 3904 732 3990 ἐπειδὴ·
770 3905 837 3970 υίοὶ
874 3909 957 3970 θεοῦ
996 3903 1315 3990 προσαγορεύονται.

292 3997 414 4087 άλλάὴ
438 3998 581 4088 ἀλήθεια
604 3996 661 4068 οῦκ
683 4004 749 4085 έχει
772 3998 885 4078 οὑτως,
909 3997 977 4066 ἀλλ’
996 3997 1085 4069 ολδεν
1108 3996 1160 4069 άεὶ
1177 4002 1236 4070 ἕνα
1250 4012 1340 4088 pto-b

292 4102 404 4185 νογενῦ
433 4101 504 4166 υἱόν
533 4103 634 4180 θεοῦ,
664 4089 692 4185 ᾦ
722 4098 833 4166 πάντα
861 4098 1010 4183 λατρεόει
1038 4102 1091 4166 καὶ
1122 4104 1316 4184 προσκυνεῖ,

293 4197 366 4258 “nal
397 4200 465 4261 πᾶν
494 4199 571 4282 γόνυ
599 4197 727 4280 κάμψει
755 4194 960 4278 ἐπουρανίων
989 4201 1041 4262 καὶ
1073 4196 1232 4282 ἐπιγείων
1264 4201 1319 4268 καί
