2867 5084
232 900 274 960 24
456 909 659 960 σσιοιαιοτ
675 907 771 959 xm
787 908 975 958 Αισιιεααυ
992 912 1020 958 α.

230 1085 320 1144 ματα
340 1058 426 1145 πρὸς
447 1060 485 1126 σὲ
499 1053 675 1144 ἀναμιαῒυν
689 1055 858 1146 ἡγησάμην
873 1053 1087 1126 ἀποστεῖλαι·
1109 1060 1186 1141 πριῖ
1188 1081 1246 1123 τον

232 1158 291 1241 μὲν
313 1153 399 1240 πρὸς
421 1161 585 1243 σωτηρίαν
606 1157 664 1242 τῆς
685 1157 825 1223 σεαυτοῦ
848 1157 970 1240 ψυχῆς,
993 1155 1110 1222 ἔπειτα
1132 1155 1169 1220 δὲ
1191 1155 1245 1219 καὶ

233 1255 300 1318 τῶν
311 1246 380 1334 ἅμα
390 1253 444 1318 σοὶ
455 1251 687 1338 τυγχανόντων,
699 1251 786 1337 πρὸς
797 1251 835 1318 τὸ
849 1251 894 1339 μη
905 1247 1097 1335 ἀδιάκριτόν
1113 1275 1150 1317 σε
1161 1251 1248 1333 ’ἔχειν

233 1347 291 1414 τὸν
313 1348 478 1434 λογισμόν,
503 1345 548 1428 ιύς
569 1349 608 1416 οἵ
623 1352 689 1416 τῶν
710 1346 946 1434 ἁπλουστέρων
959 1347 1182 1433 καθηγεμόνες
1199 1349 1251 1413 δι-

210 1444 408 1525 οδάσκυυσι,
440 1447 588 1532 λέγοντες
613 1445 653 1514 τὸ
681 1441 810 1532 ἀγαθόν
837 1449 891 1512 καί
917 1445 1075 1513 τόκακὸν
1098 1441 1249 1512 ἀπὸτοῦ

236 1536 336 1608 αῦτοῦ
359 1549 534 1631 φέρεσθαι,
557 1547 612 1610 καὶ
632 1551 712 1628 μίαν
734 1540 834 1632 ἀρχὴν
856 1544 1090 1631 εἰσηγούμενοι,
1114 1537 1152 1608 οῦ
1176 1543 1251 1608 δια-

234 1646 407 1725 κρίνοντες,
434 1636 511 1708 οῦδὲ
531 1642 734 1727 διαιροῦντες
756 1638 824 1708 ἀπὸ
846 1645 905 1708 τοῦ
928 1640 1040 1730 φωτὸς
1061 1639 1100 1705 τὸ
1122 1639 1251 1718 σκότος,

235 1739 289 1803 καί
317 1737 356 1802 τὸ
373 1732 513 1823 ’ἀγαθὸν
540 1734 610 1804 ἀπό
637 1742 695 1805 τοῦ
724 1742 823 1806 κακοῦ
851 1741 904 1806 καί
934 1738 1080 1827 φαύλου,
1109 1740 1163 1803 καί
1193 1736 1252 1802 τόν

237 1833 362 1914 ἔξωθεν
384 1832 566 1919 ἄνθρωπον
582 1832 724 1903 ἀπὸτοῦ
740 1830 842 1915 ἔνδον,
866 1832 911 1915 ὡς
925 1843 1141 1919 προείπομεν,
1164 1830 1281 1900 ἀλλάυ

200 1935 410 2016 λοκιρνιῦντες
430 1935 483 1998 καλ
500 1933 787 2019 ἐγκαταμιγνύντες
801 1935 944 2018 θάτερον
959 1939 1093 2018 θατέρῳ
1110 1926 1148 1997 ού
1164 1931 1255 1997 παύ-

237 2051 340 2096 ονται.
381 2029 421 2097 σῦ
445 2032 489 2110 δὲ,
514 2020 541 2096 τό
561 2037 682 2110 τέκνον,
704 2031 749 2118 μὴ
772 2032 831 2098 ’ίσα
852 2041 924 2108 τοῖς
944 2032 1084 2108 πολλοῖς
1105 2033 1173 2094 τῶν
1195 2024 1255 2095 άν-

237 2126 388 2212 θριύπων
410 2122 592 2215 ἀλογίστως
612 2132 665 2195 καί
689 2125 807 2208 ἁπλῶς
828 2122 1009 2214 ἀμφότερα,
1033 2122 1079 2206 ὡς
1094 2122 1134 2193 ἀν
1150 2125 1252 2209 τύχοι,

238 2223 371 2312 ἐνούσης,
392 2228 475 2314 μηδὲ
495 2230 543 2314 τῷ
564 2230 623 2314 τῆς
644 2223 863 2314 ἀγαθωσύνης
884 2229 956 2312 θεῷ
972 2220 1163 2292 ἀνατίθεσο.
1194 2219 1255 2309 ἀρ-

237 2321 296 2410 χὴν
324 2322 385 2410 γὰρ
412 2323 468 2392 καὶ
494 2327 587 2404 τέλος
607 2328 662 2392 καί
683 2324 741 2391 τὸν
762 2324 888 2390 τούτων
910 2328 1039 2407 πατέρα
1059 2325 1126 2389 τιῦν
1147 2325 1256 2389 κακῶν

202 2434 232 2485 15
241 2420 297 2487 ἐπί
324 2422 382 2488 τόν
410 2422 492 2489 θεὸν
520 2418 742 2509 ἀναφέρουσιν
771 2412 837 2488 “ιῦν
864 2421 903 2487 τὸ
923 2422 1018 2498 τέλος
1038 2419 1181 2503 κατάρας
1203 2418 1256 2503 ἐγ-

239 2518 321 2603 γῦς”.
353 2515 428 2584 οῦδὲ
449 2519 510 2604 γὰρ
533 2519 566 2586 έν
588 2531 660 2598 τοῖς
681 2521 864 2604 είρημένσις
886 2513 1085 2602 εὐαγγελίοις
1099 2511 1177 2599 παρ’
1194 2513 1256 2582 αύ-

240 2617 298 2680 τοῦ
328 2618 387 2680 τοῦ
410 2619 557 2701 σωτῆρος
578 2612 670 2702 ἡμῶν
692 2619 746 2681 καί
768 2622 880 2698 κυρίου
899 2609 1003 2700 Ἰησοῦ
1025 2617 1174 2697 Χριστοῦ
1197 2639 1258 2678 πι-

242 2712 422 2790 στεύουσιν,
447 2709 500 2778 ὅτι
522 2707 580 2777 “ού
605 2710 742 2778 δύναται
764 2711 897 2795 δένδρον
919 2711 1018 2777 καλὸν
1036 2710 1183 2796 καρπούς
1198 2736 1257 2776 κα-

241 2808 319 2887 κοὺς
339 2812 490 2895 ποιῆσαι,
514 2804 590 2892 οῦδὲ
610 2809 674 2896 μὴν
696 2809 831 2892 δένδρον
851 2807 949 2874 κακὸν
971 2809 1090 2887 καλοὺς
1108 2808 1295 2894 καρποῦςςρ

205 2909 411 2991 τοποιῆσαι”.
451 2908 505 2973 καί
527 2909 601 2986 πιῦς
621 2906 680 2973 τὸν
701 2905 784 2973 θεὸν
805 2908 864 2971 τοῦ
886 2910 1013 2973 σατανῦ
1034 2909 1087 2972 καὶ
1110 2910 1176 2972 τῶν
1198 2932 1257 2973 κα-

241 3005 306 3068 κῶν
328 2998 428 3069 αύτυῦ
450 3002 651 3087 πραγμάτων
673 3004 777 3088 λέγειν
797 3003 945 3086 τολμῶσι
966 3004 1107 3090 ποιητὴν
1129 3006 1181 3070 καὶ
1199 3005 1258 3090 δη-

242 3100 398 3186 μιουργὸν
420 3101 602 3185 θαυμάζειν
622 3125 682 3185 μοι
703 3101 884 3184 ἐπέρχεται.
925 3105 979 3167 καὶ
1003 3103 1078 3170 ε’ίθε
1098 3103 1158 3184 μέν
1180 3095 1282 3186 ἀχρυ

241 3198 367 3266 τούτων
389 3199 540 3287 ἔφθασεν
561 3193 668 3264 αύτιῦν
687 3195 708 3285 ἡ
730 3205 966 3282 ματαιοπονία,
988 3201 1042 3266 καλ
1063 3198 1108 3286 μη
1123 3197 1179 3264 τόν
1195 3224 1259 3283 μο-

245 3300 357 3383 νογενῆ
379 3296 436 3362 τὸν
458 3296 493 3364 ἐκ
513 3299 578 3362 τῶν
600 3295 733 3378 κόλπων
754 3299 813 3361 τοῦ
828 3297 955 3381 πατρὸς
969 3297 1157 3381 καταβάντα
1171 3304 1259 3382 Χρι-

208 3393 325 3464 θέστὸν
346 3399 484 3479 Μαρίας
508 3393 598 3472 τινὸς
622 3393 773 3478 γυναικὸς
795 3393 904 3479 ἔλεγον
927 3389 1010 3461 εἶναι
1031 3394 1119 3476 υἱὸν,
1149 3395 1184 3474 ἐξ
1205 3396 1260 3461 αἳ-

246 3514 351 3576 ματος
376 3495 431 3558 καί
458 3489 578 3576 σαρκός
598 3493 651 3556 καὶ
672 3494 731 3578 τῆς
751 3489 852 3576 ἀλλης
874 3492 1039 3570 δυσωδίας
1059 3495 1126 3559 τῶν
1146 3516 1260 3577 γυναι-

246 3591 312 3654 κιῦν
332 3592 556 3674 γεγεννῆσθαι.
591 3590 644 3654 καὶ
665 3589 721 3654 ἵνα
741 3588 785 3675 μὴ
807 3586 849 3654 τὰ
870 3588 980 3656 πολλὰ
1002 3590 1059 3656 διὰ
1080 3590 1179 3676 τῆσδε
1200 3591 1261 3674 τῆς

248 3685 424 3771 ἐπιστολῆς
451 3688 586 3772 γράφειν
614 3686 660 3763 είς
685 3688 787 3773 μῆκος
807 3685 924 3770 χρόνου
949 3687 1094 3770 διασύρω
1116 3709 1176 3751 σου
1198 3683 1259 3771 τήν

248 3784 435 3863 ἐπιείκειαν,
459 3779 515 3849 οῦκ
537 3783 616 3865 ἔχων
638 3782 697 3862 τὰς
720 3783 860 3870 φυσικὰς
882 3784 1030 3872 φράσεις,
1055 3784 1111 3849 ἐπὶ
1126 3781 1257 3860 τούτοις

212 3876 504 3970 λυάρκεσθησομαι.
547 3879 585 3945 τὸ
615 3874 646 3945 δ’
670 3877 749 3947 ὅλον
769 3878 877 3969 γνιύοη
900 3880 1065 3966 παρόντος
1084 3903 1149 3962 μου
1171 3879 1284 3970 πρὸςΒ

249 3981 302 4058 σὲ,
330 3979 362 4048 εί
386 4005 423 4066 γε
448 3983 506 4065 τῆς
528 3981 665 4044 σεαυτοῦ
687 3985 850 4065 σωτηρίας
873 3979 922 4046 ἔτι
943 3978 1050 4065 φείδῃ.
1095 3971 1172 4044 οῦδὲ
1193 3978 1256 4062 γάρ

245 4077 364 4161 βρόχον
385 4079 450 4144 τινί
471 4075 651 4160 ἐπιβάλλω,
673 4071 718 4154 ὦς
740 4077 772 4141 ολ
788 4079 855 4142 τῶν
869 4078 1002 4143 πολλῶν
1018 4070 1260 4162 ἀφρονέστεροι

247 4177 413 4241 ποωῦσιν.
441 4174 512 4243 νόει
532 4171 554 4239 ἃ
575 4173 667 4257 λέγω,
688 4179 799 4241 τέκνον
821 4172 1024 4258 τιμιώτατε”.
