2867 5084
520 949 644 1002 um.
663 953 962 1004 κοκκινιιιιιιοι.
1190 943 1252 1006 520

229 1099 460 1183 ἐνδυσώμεθα,
489 1104 650 1185 γυναικῶν
679 1103 716 1169 δὲ
742 1102 869 1169 τούτων
896 1103 955 1190 τὴν
976 1111 1097 1186 μανίαν
1121 1105 1252 1173 διασκε·

230 1196 395 1280 δάσωμεν.
427 1200 465 1263 τὸ
488 1202 557 1263 πᾶν
579 1198 640 1283 γὰρ
664 1200 786 1284 θήλεος
810 1196 990 1287 ἡύπὸνοια
1011 1204 1064 1267 καί
1083 1201 1170 1281 Εύας
1186 1203 1254 1269 πά·

230 1297 284 1360 λιν
312 1299 370 1381 τῆς
399 1289 618 1382 άπατωμιίνης
646 1296 685 1361 τὸ
714 1298 858 1383 νόσημα,
892 1299 1019 1380 μᾶλλον
1048 1295 1079 1363 δ’
1113 1301 1162 1366 ἔτι
1193 1303 1253 1366 τοῦ

230 1391 353 1478 ύηιεως,
376 1395 435 1457 τοῦ
458 1392 666 1475 ἐρεθιστικοῦ
688 1395 795 1480 θηρὸς
822 1397 874 1460 καί
904 1398 962 1460 τοῦ
994 1395 1196 1482 λαλησαντος
1220 1398 1254 1462 ἐν

197 1485 316 1576 υαύτῇ
345 1485 446 1576 ἦτῆς
473 1489 600 1576 πλάνης
627 1488 823 1573 ὑπόσχεσις,
856 1494 958 1577 μηδὲν
987 1492 1034 1569 είς
1062 1500 1164 1574 μέσον
1193 1501 1278 1579 φέ-ίι

231 1611 347 1672 ρσυσα,
378 1583 455 1653 ούδὲ
477 1585 518 1653 τὰ
539 1583 785 1670 ύπισχνσύμενα
813 1591 985 1655 τελειοῦσα
1015 1585 1083 1654 ἀλλ’
1109 1585 1252 1676 ἢμόνον

232 1684 383 1752 θάνατον
407 1679 663 1772 ἀπεργαζομένη,
693 1685 735 1750 τὰ
757 1685 800 1770 μὴ
825 1683 904 1752 ὄντα
928 1683 973 1763 ιῦς
995 1684 1075 1752 ὄντα
1097 1689 1252 1766 καλοῦσα,

232 1783 288 1849 καὶ
312 1781 368 1848 διὰ
389 1785 447 1867 τῆς
470 1777 616 1863 ὁράσεως
644 1786 702 1848 τοῦ
733 1785 829 1861 ξύλου
858 1785 1030 1870 παρακοην
1059 1784 1254 1870 ἐργαζομένη

232 1882 287 1946 καὶ
312 1874 530 1965 ἀποστροφὴν
554 1875 610 1944 ἀπ’
636 1877 737 1966 αὐτῆς
759 1884 817 1965 τῆς
840 1876 1002 1967 ἀληθείας
1032 1884 1086 1947 καί
1116 1886 1174 1947 τοῦ
1198 1882 1255 1949 ε’πλ

234 1976 346 2043 πολλὰ
367 1983 564 2059 τρέπεσθαι.
603 1979 747 2058 νομίζειν
771 1979 806 2043 δὲ
828 1979 922 2044 ἔσται
946 1974 1050 2044 ὁποῖα
1066 1974 1084 2043 δ
1100 1974 1296 2046 άπατειῦνὶσ

235 2076 370 2156 ἔσπειρε
393 2075 493 2157 λέγων
524 2074 666 2140 “ί’σεσθε
689 2070 733 2152 ιῦς
755 2079 862 2151 θεοί,”
885 2073 971 2140 οῦτω
993 2079 1046 2141 καὶ
1070 2076 1195 2142 τούτων
1217 2076 1257 2141 τὸ

235 2170 390 2259 φρόνημα
405 2170 636 2256 κεπιγούμενον
651 2174 691 2257 τῇ
703 2174 762 2236 τοῦ
779 2177 1017 2256 προειρημένου
1031 2172 1137 2257 θηρὸς
1153 2173 1258 2256 ε’πάρ-

236 2293 298 2347 σει,
323 2263 372 2354 εἰμ’
398 2258 419 2354 ᾗ
442 2269 541 2354 φύσει
564 2268 667 2333 πάλιν
690 2268 747 2333 τὸν
770 2269 918 2333 θάνατον
941 2269 1117 2352 ἐργάζεται,
1143 2266 1187 2346 ὡς
1202 2268 1259 2334 καὶ

213 2365 398 2450 ,πολλάκις
427 2361 532 2431 εἶπον.
582 2369 716 2449 πρῶτον
744 2367 804 2448 μὲν
836 2366 897 2448 γὰρ
933 2362 1033 2442 εύθῦς
1062 2368 1257 2432 διασκοπεῖν

185 2460 295 2537 ιεσάπ’
321 2463 441 2541 αιίῦνος
463 2466 515 2528 καί
542 2463 647 2546 δεῦρο,
671 2468 737 2528 τίνι
760 2457 797 2526 ού
822 2469 927 2549 σαιγὲς
950 2462 1038 2528 ἐστιν
1063 2458 1114 2527 ὅτι
1141 2462 1259 2545 δαιμύ-
1270 2476 1296 2526 15

237 2587 303 2628 νων
337 2561 406 2626 ἐστὶ
435 2560 473 2625 τὸ
497 2561 641 2643 δίδαγμα
668 2563 721 2625 καὶ
752 2563 859 2644 σχῆμα
887 2563 940 2625 καὶ
970 2554 1191 2643 ἠλλοιωμένον
1219 2559 1259 2625 τὸ

237 2659 451 2745 ἒπιχείρημας
481 2661 552 2742 θεῷ
580 2659 640 2741 μὲν
668 2651 725 2722 ἀπ’
750 2656 872 2735 αιίῦνος
895 2653 1048 2740 οὐδαμῶς
1068 2656 1145 2742 γυνη
1170 2656 1259 2741 ἱερά-

236 2779 361 2834 τευσεν,
391 2751 449 2821 ούκ
477 2750 558 2841 αῦτη
585 2753 661 2833 Εῦα,
685 2761 795 2821 καίτοι
823 2781 859 2838 γε
882 2754 915 2820 ἓν
937 2755 1140 2837 παρεκβάσει
1167 2778 1260 2838 γενο-

236 2861 329 2940 μένη,
367 2848 434 2919 ἀλλ’
461 2849 518 2918 ούκ
542 2853 719 2939 ε’τύλμησεν
743 2853 792 2919 ἔτι
820 2848 937 2936 ἀσεβὲς
961 2855 1114 2917 τοιοῦτον
1136 2846 1259 2918 άποτε-

239 2955 333 3018 λίσαι
357 2950 568 3037 ἐπιχείρημα·
592 2944 629 3013 ού
652 2959 713 3032 μία
735 2954 801 3016 τῶν
822 2951 942 3036 ταύτης
963 2955 1165 3033 θυγατέρων,
1188 2956 1300 3014 καί-εδ

238 3074 294 3115 τοι
320 3072 358 3134 γε
384 3052 442 3112 τοῦ
462 3047 562 3132 ’Ἁγίελ
593 3043 693 3125 εύθῦς
724 3048 993 3132 ἱερουργησαντος
1021 3049 1092 3130 θεοῦ
1121 3050 1173 3110 καὶ
1202 3048 1261 3110 τοῦ

239 3146 326 3212 Κάίν
350 3145 516 3222 θύσαντος
540 3145 683 3211 ἐνώπιον
705 3152 818 3226 κυρίου
843 3149 973 3219 θυσίας,
1001 3136 1069 3206 ἀλλ’
1095 3137 1133 3205 οῦ
1156 3164 1263 3223 προσ-

241 3244 443 3328 δεδεγμένος,
466 3238 561 3323 Ἐνιύγ,
583 3268 619 3307 τε
643 3239 922 3325 εύαρεοτησοντος
944 3241 996 3302 καί
1012 3243 1261 3320 μετατεθέντος,

241 3344 320 3407 Νιῦε
342 3342 378 3406 δὲ
401 3347 681 3424 προσενέγκαντος
704 3339 738 3403 ἐκ
760 3341 825 3402 τιῦν
848 3339 905 3422 τῆς
927 3338 1068 3418 κιβωτοῦ
1087 3358 1264 3418 περισσευ-

213 3467 230 3514 ς
240 3438 355 3521 μάτων
385 3433 651 3522 εὐχαριστηρίους
680 3433 879 3519 προσφορὰς
907 3439 1024 3517 κυρίην,
1061 3427 1303 3516 εύγνώμονοςκυ

242 3537 428 3613 διαθέσεως
449 3531 724 3610 ύποδεικνύοντος
738 3531 920 3616 τεκμήριον,
947 3526 1184 3613 ὁμολογοῦντος
1205 3529 1263 3616 την

239 3632 336 3716 χάριν
364 3636 411 3718 τῷ
440 3632 609 3699 σεσωκότι.
653 3626 805 3712 Ἀβραάμ
835 3630 871 3695 δὲ
901 3623 918 3692 δ
949 3631 1073 3704 δίκαιος
1105 3628 1265 3711 ίερουργεῖ
1302 3679 1305 3686 ,

242 3733 325 3815 θεῷ,
341 3733 393 3795 καί
409 3729 613 3811 Μελχισεδὲκ
631 3722 648 3791 δ
667 3724 771 3809 ίερεῦς
785 3729 843 3791 τοῦ
859 3728 943 3791 θεοῦ
959 3729 1017 3789 τοῦ
1033 3721 1187 3805 ῦιγίστου,
1210 3727 1264 3788 καί

239 3823 347 3894 ’ίσαάκ
360 3831 430 3912 θεῷ
446 3823 620 3909 εύάρεστος
635 3820 827 3906 εὑρίσκεται,
845 3826 899 3888 καὶ
909 3818 1023 3906 Ἰακὼβ
1035 3819 1116 3886 κατὰ
1128 3822 1265 3902 δύναμιν

243 3924 464 4010 προσήνεγκεν
494 3923 550 3989 ε’πί
574 3925 631 3987 τοῦ
662 3923 778 4000 λίθου,
812 3915 880 3986 άπὸ
908 3923 967 3985 τοῦ
998 3921 1104 4005 φακοῦ
1134 3917 1307 3998 ἐπιχέαςεσ

243 4022 365 4089 ἔλαιον.
411 4021 442 4087 σί
463 4019 582 4085 τούτου
606 4021 642 4086 δὲ
667 4020 764 4096 υἱεῖς,
795 4019 901 4095 Λευὶς
922 4018 982 4099 μὲν
1005 4010 1188 4096 εύρίσκεται
1209 4039 1268 4079 κα·

242 4121 346 4203 θεξῆς
369 4116 545 4203 ἱερωσύνην
567 4111 841 4202 ἀναδεδεγμένος·
865 4114 900 4192 ἐξ
915 4109 1015 4178 αύτοῦ
1032 4113 1067 4177 δὲ
1082 4114 1140 4176 τοῦ
1155 4117 1268 4195 γένους

243 4217 277 4284 οἱ
299 4215 338 4280 τὸ
362 4213 524 4297 ἱερατικὸν
547 4212 656 4298 τάγμα
680 4209 942 4298 άναδεδεγμίνοι,
967 4212 1051 4296 φημί
1067 4210 1102 4274 δὲ
1117 4211 1269 4296 Μωυσῆς

294 4314 440 4369 Epiphanius.
460 4313 499 4357 111.
1084 4312 1116 4363 34
