2867 5084
537 924 967 979 fflx.xoaar1³1mot.
1191 914 1253 978 535

205 1080 353 1156 fluam,-
382 1072 436 1142 ὅτι
458 1076 587 1159 αἴρεται
609 1076 644 1142 έκ
665 1079 724 1165 τῆς
744 1081 802 1165 γῆς
825 1072 842 1165 ἡ
865 1075 929 1164 ζωὴ
946 1071 1057 1156 αῦτρῦ,
1080 1079 1134 1143 καί
1157 1076 1255 1142 δώσω

236 1172 316 1250 τοῦς
338 1171 503 1258 πονηροὺς
527 1168 600 1239 άντὶ
621 1177 680 1262 της
701 1178 809 1262 ταφῆς
824 1168 942 1239 οῦτοῦ”
963 1172 1075 1238 καὶτὰ
1090 1174 1172 1262 έξης.
1201 1176 1255 1238 καί

234 1272 341 1353 βλέπε
363 1273 437 1348 πῶς
458 1272 500 1336 τὰ
522 1273 640 1355 πρῶτα
662 1267 782 1353 ὕστερα
805 1272 966 1355 διηγεῖται
992 1270 1047 1336 καὶ
1072 1269 1113 1336 τά
1135 1267 1256 1354 ίίστερα

236 1361 283 1442 ιῦς
305 1367 461 1480 γεγονότα
484 1365 661 1453 ἑρμηνεῦσι,
689 1367 798 1456 (γήσας
814 1363 880 1444 “ιῦς
902 1366 1071 1451 πρόβατον
1094 1366 1151 1432 ἐπὶ
1167 1390 1256 1454 σφα-

234 1489 296 1550 γην
327 1461 443 1551 η’χθη.”
484 1470 728 1582 παριοχηγιένονῖ
755 1467 790 1530 δὲ
824 1466 951 1549 λέγεται
985 1457 1078 1530 εἶναι.
1123 1459 1161 1528 οῦ
1193 1463 1279 1549 γὰρ5

236 1555 388 1639 εἷπεν,”
365 1586 489 1646 αγεται,
513 1564 565 1626 καὶ
590 1560 686 1627 οῦπω
709 1551 747 1650 ἦν
771 1557 886 1645 ἀχθεὶς
911 1556 929 1627 ὃ
951 1557 1019 1626 ὑπὸ
1037 1555 1177 1626 Ἡσαΐου
1199 1587 1255 1647 κη-

235 1657 441 1740 ταττόμενος.
481 1658 606 1743 ἐλέγετο
631 1660 666 1725 δὲ
687 1663 735 1743 τιῦ
758 1659 934 1776 προφητηῖ
947 1653 991 1736 ὦς
1021 1655 1080 1746 ἤδη
1108 1681 1255 1743 γεγεννη-

234 1760 335 1837 μένον
366 1754 405 1820 τὸ
436 1756 538 1872 ἔργον.
561 1751 800 1919 ὁοἰπαράβατος
826 1755 887 1842 γάρ
916 1745 954 1843 ἦν
981 1750 1000 1843 ἦ
1024 1757 1107 1821 θεοῦ
1129 1776 1256 1837 μοστα·

235 1859 350 1936 γωγία.
381 1848 476 1932 ε’·’ξ
438 1855 580 1941 αοτηςὸ
581 1848 934 1938 ὲῦπσβαίνωνοῦκέτι
956 1847 1255 1937 τῦςγενόμεναὲὭλε
1353 1931 1359 1942 ι

185 1972 301 2033 ιστγεν,
325 1949 380 2014 ἵνα
401 1976 444 2038 μη
468 1950 596 2036 πλάνην
620 1949 722 2016 πάλιν
745 1945 982 2037 ἀπεργάσηται.
1024 1945 1116 2028 άλλά,
1142 1951 1252 2036 φησίν,
1265 1956 1294 2006 1⁰

235 2047 367 2129 αἴρεται
390 2046 424 2112 έκ
444 2052 502 2136 της
523 2051 581 2135 γῆς
603 2042 620 2135 ἦ
646 2047 708 2136 ζωη
734 2043 843 2113 αῦτοῦ.
885 2049 919 2114 έκ
942 2049 978 2113 δὲ
1000 2051 1065 2112 τῶν
1088 2045 1146 2112 δύο
1169 2070 1255 2131 προ-

234 2143 372 2230 φάσεων
396 2145 539 2211 δείκνυσι
562 2143 619 2231 την
642 2140 803 2232 ἀληθειαν
827 2141 931 2210 ὅτιτὸ
956 2142 1080 2232 “ιή’χθη”
1101 2141 1163 2231 ἤδη
1186 2143 1255 2209 έτε-

234 2243 381 2320 λειοῦτο,
415 2246 469 2308 καί
496 2241 535 2306 τὸ
565 2242 732 2325 “αίρεται”
758 2248 938 2325 μετέπειτα
967 2241 1165 2327 ἐπληροῦτο,
1199 2239 1255 2304 ἳνα

234 2332 307 2404 άπὸ
334 2341 393 2403 τοῦ
420 2345 589 2422 γεγονέναι
616 2337 735 2427 νοησης
763 2337 801 2404 τὸ
830 2333 955 2423 ἀληθὲς
981 2335 1036 2402 καὶ
1065 2335 1104 2401 τὸ
1131 2334 1253 2420 πάγιον

232 2437 294 2522 της
317 2438 375 2499 τοῦ
398 2440 481 2502 θεοῦ
506 2436 709 2520 ἐπαγγελίας,
749 2431 818 2500 άπὸ
842 2436 876 2500 δέ
899 2437 957 2500 τοῦ
979 2434 1156 2517 μέλλοντος
1183 2432 1292 2498 έοε-ῑε

235 2539 323 2597 σθαι
361 2531 417 2596 τὸν
451 2535 568 2616 χρόνον
603 2530 787 2618 άπεικάσης
825 2536 890 2597 τιῦν
926 2527 1252 2613 άποκαλσπτομένιον

232 2636 432 2713 μυστηρίων.

323 2733 350 2791 7
386 2723 481 2792 Θάσια
503 2726 558 2791 καὶ
581 2725 636 2792 ἐπὶ
660 2731 699 2813 τῇ
723 2724 886 2814 Μαρίᾳ
872 2753 889 2792 ο
919 2725 1053 2840 άγγελος
1078 2724 1253 2808 προέλεγεν

235 2818 324 2911 ὅπερ
343 2822 527 2903 εἰιελλεν
498 2823 723 2937 ειοεργόιιενος
746 2820 890 2912 ὁπατηρ
913 2850 973 2889 ται
975 2849 1032 2908 της
1055 2823 1102 2902 είς
1123 2821 1180 2888 τὸν
1204 2815 1253 2887 σί-

205 2942 291 2990 ιεκον
314 2918 370 2984 τὸν
394 2920 479 2985 ἲδιον
503 2921 595 3002 νεαρὰ
618 2925 701 2988 θεοῦ
723 2922 929 3005 κομίζεσθαι,
958 2919 996 2986 τὸ
1019 2915 1060 2985 δι’
1086 2914 1179 3009 εῦχῆς
1201 2919 1253 2985 αι’·
1237 2933 1292 2983 -20

233 3018 337 3097 τηθὲν
361 3016 417 3082 διὰ
438 3022 496 3105 τῆς
517 3021 575 3082 τοῦ
605 3018 734 3101 πατρὸς
761 3022 816 3084 καί
842 3018 964 3105 μητρὸς
992 3016 1168 3140 αἰτησειος,
1200 3011 1253 3081 ὅτι

234 3109 381 3190 “ίδοῦ,“
365 3141 381 3200 η
405 3115 481 3203 γυνη
507 3139 566 3180 σου
588 3115 854 3202 σονειληφεῒαέν
869 3118 1009 3236 γαστρί·’
1012 3115 1095 3179 ’ἵνα
1109 3119 1253 3198 βεβαίως

233 3210 406 3297 περαιιῦση
436 3212 495 3299 την
479 3212 675 3278 νδιάνοιαν
704 3216 762 3278 τοῦ
793 3215 914 3278 πιστοῦ
943 3212 976 3278 ἐν
1003 3214 1041 3297 τῇ
1064 3210 1250 3296 ἐπαγγελίᾳ.

233 3312 333 3372 τοῦτο
357 3309 392 3374 δέ
413 3315 525 3394 γέγονέ
546 3333 633 3374 τισιν
657 3309 703 3387 είς
726 3309 862 3395 πλάνην.
912 3304 1073 3375 άδάνατον
1094 3307 1155 3393 γάρ
1178 3332 1252 3372 τινα

232 3407 328 3519 παρά
349 3431 407 3494 την
429 3410 494 3471 τιῦν
518 3402 709 3488 ἀνθρώπων
727 3406 827 3493 φῦσιν
844 3406 899 3472 επὶ
915 3408 973 3493 της
984 3431 1045 3519 γης
1059 3408 1250 3490 γεννᾶσθαι.
1261 3416 1291 3467 23

233 3505 326 3587 μόνην
349 3503 410 3587 γὰρ
434 3499 669 3588 διέπρεψεν)
631 3506 731 3589 αοτιῦ,
754 3503 844 3589 μόνον
860 3502 1091 3618 παρεχώρησεν
1105 3498 1124 3590 ἡ
1141 3501 1250 3589 φύσις.

233 3588 332 3677 οὗτος
354 3595 399 3678 ιῦς
420 3600 570 3686 πλάστης
592 3604 644 3666 καὶ
662 3599 875 3689 ἐξονοιαστὴς
889 3603 947 3665 τοῦ
963 3598 1156 3685 πράγματος
1177 3599 1253 3666 ἑαυ-

233 3695 293 3761 τὸν
317 3691 387 3762 άπά
409 3703 583 3781 παρθένου
612 3694 725 3781 ιίσπερ
754 3692 823 3764 άπὸ
856 3723 914 3786 της
944 3723 1002 3786 γης
1031 3693 1251 3773 άνεπλάσατο,

233 3792 319 3870 θεὸς
342 3788 398 3858 ἀπ’
425 3790 573 3878 οὐρανῶν
597 3794 716 3874 ἐλθὼν,
746 3793 850 3876 σάρκα
873 3794 1129 3882 ένδσσάμενοςρ
1158 3791 1253 3876 λόγος

199 3891 272 3968 εέξ
299 3886 394 3974 ἁγίας
421 3898 609 3975 παρθένου·
644 3886 682 3957 οῦ
710 3891 774 3980 μην
808 3894 845 3958 δὲ
877 3896 1164 3974 προοκσνοομένης
1195 3891 1293 3976 τηςθθ

223 3993 418 4069 παρθένου,
443 3984 556 4056 οσδὲ”
543 4015 596 4054 ινα
618 3990 700 4055 θεὸν
720 3989 839 4074 ταύτην
858 3984 1095 4109 ἀπεργάσηται,
1119 3982 1177 4068 οὐχ
1197 3985 1253 4050 ἵνα

232 4085 282 4162 είς
304 4081 409 4168 ὄνομα
432 4081 532 4201 αὐτῆς
553 4093 773 4170 προσενέγκας
775 4112 831 4166 ιεν,
855 4080 912 4166 οῦχ
934 4085 990 4151 ι’να
1010 4093 1165 4169 γυναῖκας
1186 4081 1255 4148 πά-

230 4183 286 4248 λιν
310 4181 429 4268 ίερείας
449 4184 534 4268 μετὰ
555 4185 718 4270 τοσαάτης
739 4182 851 4270 γενεάς
873 4177 1044 4268 άιτσδείξη.
1079 4174 1136 4247 οῦκ
1156 4174 1255 4269 ηῦδό-
