<?xml version="1.0" encoding="UTF-8"?>
<!DOCTYPE html PUBLIC "-//W3C//DTD XHTML 1.0 Transitional//EN"
    "http://www.w3.org/TR/xhtml1/DTD/xhtml1-transitional.dtd">
<html xmlns="http://www.w3.org/1999/xhtml" xml:lang="en" lang="en">
 <head>
  <title>
</title>
<meta http-equiv="Content-Type" content="text/html;charset=utf-8" />
  <meta name='ocr-system' content='tesseract 3.04.00' />
  <meta name='ocr-capabilities' content='ocr_page ocr_carea ocr_par ocr_line ocrx_word'/>
</head>
<body>
  <div class='ocr_page' id='page_1' title='image "./opera01dindgoog_0157.png"; bbox 0 0 2867 5084; ppageno 0'>
   <div class='ocr_carea' id='block_1_1' title="bbox 469 951 1167 1010">
    <p class='ocr_par' dir='ltr' id='par_1_1' title="bbox 469 951 1167 1010">
     <span class='ocr_line' id='line_1_1' title="bbox 469 951 1167 1010; baseline 0.001 -1"><span class='ocrx_word' id='word_1_1' title='bbox 469 957 591 1009; x_wconf 73' lang='lat' dir='ltr'><strong><em>mm.</em></strong></span> <span class='ocrx_word' id='word_1_2' title='bbox 610 960 846 1010; x_wconf 75' lang='grc' dir='ltr'><strong><em>μειττιισοι.</em></strong></span> <span class='ocrx_word' id='word_1_3' title='bbox 1109 951 1167 1010; x_wconf 76' lang='lat'><strong><em>135</em></strong></span> 
     </span>
    </p>
   </div>
   <div class='ocr_carea' id='block_1_2' title="bbox 85 1099 1217 4307">
    <p class='ocr_par' dir='ltr' id='par_1_2' title="bbox 85 1099 1217 4307">
     <span class='ocr_line' id='line_1_2' title="bbox 143 1099 1168 1197; baseline -0.001 -22"><span class='ocrx_word' id='word_1_4' title='bbox 143 1110 206 1188; x_wconf 88' lang='grc' dir='ltr'><strong><em>σός</em></strong></span> <span class='ocrx_word' id='word_1_5' title='bbox 229 1107 335 1194; x_wconf 84' lang='grc' dir='ltr'><strong><em>ὅρκος,</em></strong></span> <span class='ocrx_word' id='word_1_6' title='bbox 360 1108 415 1176; x_wconf 82' lang='grc' dir='ltr'><strong><em>καὶ</em></strong></span> <span class='ocrx_word' id='word_1_7' title='bbox 437 1104 553 1197; x_wconf 75' lang='grc' dir='ltr'><strong><em>ἀθῷος</em></strong></span> <span class='ocrx_word' id='word_1_8' title='bbox 576 1110 642 1196; x_wconf 79' lang='grc' dir='ltr'><strong><em>ἐσῃ.</em></strong></span> <span class='ocrx_word' id='word_1_9' title='bbox 675 1111 704 1176; x_wconf 86' lang='grc' dir='ltr'><strong><em>εί</em></strong></span> <span class='ocrx_word' id='word_1_10' title='bbox 727 1111 761 1176; x_wconf 78' lang='grc' dir='ltr'><strong><em>δὲ</em></strong></span> <span class='ocrx_word' id='word_1_11' title='bbox 779 1112 907 1190; x_wconf 84' lang='grc' dir='ltr'><strong><em>δολίως,</em></strong></span> <span class='ocrx_word' id='word_1_12' title='bbox 930 1104 1006 1176; x_wconf 78' lang='grc' dir='ltr'><strong><em>καθ’</em></strong></span> <span class='ocrx_word' id='word_1_13' title='bbox 1024 1099 1064 1176; x_wconf 79' lang='grc' dir='ltr'><strong><em>οὗ</em></strong></span> <span class='ocrx_word' id='word_1_14' title='bbox 1079 1109 1168 1194; x_wconf 83' lang='grc' dir='ltr'><em>ὤμο-</em></span> 
     </span>
     <span class='ocr_line' id='line_1_3' title="bbox 145 1202 1168 1294; baseline -0.002 -20"><span class='ocrx_word' id='word_1_15' title='bbox 145 1232 217 1287; x_wconf 88' lang='grc' dir='ltr'><strong><em>σας,</em></strong></span> <span class='ocrx_word' id='word_1_16' title='bbox 242 1207 384 1294; x_wconf 82' lang='grc' dir='ltr'><strong><em>ποιήσαι</em></strong></span> <span class='ocrx_word' id='word_1_17' title='bbox 406 1206 464 1291; x_wconf 78' lang='grc' dir='ltr'><strong><em>την</em></strong></span> <span class='ocrx_word' id='word_1_18' title='bbox 485 1206 569 1280; x_wconf 82' lang='grc' dir='ltr'><strong><em>κατὰ</em></strong></span> <span class='ocrx_word' id='word_1_19' title='bbox 592 1211 651 1273; x_wconf 84' lang='grc' dir='ltr'><strong><em>σοῦ</em></strong></span> <span class='ocrx_word' id='word_1_20' title='bbox 675 1209 827 1273; x_wconf 76' lang='grc' dir='ltr'><strong><em>ἐκδικίαν.</em></strong></span> <span class='ocrx_word' id='word_1_21' title='bbox 861 1204 944 1291; x_wconf 81' lang='grc' dir='ltr'><strong><em>ὅπερ</em></strong></span> <span class='ocrx_word' id='word_1_22' title='bbox 968 1202 1026 1273; x_wconf 84' lang='grc' dir='ltr'><strong><em>οόκ</em></strong></span> <span class='ocrx_word' id='word_1_23' title='bbox 1042 1209 1089 1285; x_wconf 84' lang='grc' dir='ltr'><strong><em>εἰς</em></strong></span> <span class='ocrx_word' id='word_1_24' title='bbox 1103 1234 1168 1290; x_wconf 87' lang='grc' dir='ltr'><strong><em>μα·</em></strong></span> 
     </span>
     <span class='ocr_line' id='line_1_4' title="bbox 145 1300 1166 1390; baseline -0.003 -19"><span class='ocrx_word' id='word_1_25' title='bbox 145 1305 225 1388; x_wconf 84' lang='grc' dir='ltr'><strong><em>κράν</em></strong></span> <span class='ocrx_word' id='word_1_26' title='bbox 249 1301 338 1389; x_wconf 72' lang='grc' dir='ltr'><strong><em>αὐτῷ</em></strong></span> <span class='ocrx_word' id='word_1_27' title='bbox 360 1311 506 1389; x_wconf 82' lang='grc' dir='ltr'><strong><em>γέγονεν,</em></strong></span> <span class='ocrx_word' id='word_1_28' title='bbox 530 1300 576 1382; x_wconf 84' lang='grc' dir='ltr'><strong><em>ιός</em></strong></span> <span class='ocrx_word' id='word_1_29' title='bbox 599 1301 734 1387; x_wconf 78' lang='grc' dir='ltr'><strong><em>ὕστερον</em></strong></span> <span class='ocrx_word' id='word_1_30' title='bbox 756 1305 902 1389; x_wconf 83' lang='grc' dir='ltr'><strong><em>ἐροῦμεν.</em></strong></span> <span class='ocrx_word' id='word_1_31' title='bbox 943 1304 1166 1390; x_wconf 76' lang='grc' dir='ltr'><em>συμπράττων</em></span> 
     </span>
     <span class='ocr_line' id='line_1_5' title="bbox 116 1393 1168 1489; baseline -0.003 -18"><span class='ocrx_word' id='word_1_32' title='bbox 116 1410 258 1471; x_wconf 70' lang='grc' dir='ltr'><strong><em>ετσίνυν</em></strong></span> <span class='ocrx_word' id='word_1_33' title='bbox 281 1393 377 1481; x_wconf 81' lang='grc' dir='ltr'><strong><em>οὗτος</em></strong></span> <span class='ocrx_word' id='word_1_34' title='bbox 400 1397 567 1485; x_wconf 80' lang='grc' dir='ltr'><strong><em>δ”Αρειος</em></strong></span> <span class='ocrx_word' id='word_1_35' title='bbox 588 1398 738 1487; x_wconf 74' lang='grc' dir='ltr'><strong><em>Εόσεβίῳ</em></strong></span> <span class='ocrx_word' id='word_1_36' title='bbox 760 1406 807 1487; x_wconf 76' lang='grc' dir='ltr'><strong><em>τῷ</em></strong></span> <span class='ocrx_word' id='word_1_37' title='bbox 831 1402 1005 1489; x_wconf 83' lang='grc' dir='ltr'><strong><em>ἐπισκόπηι</em></strong></span> <span class='ocrx_word' id='word_1_38' title='bbox 1018 1411 1168 1484; x_wconf 86' lang='grc' dir='ltr'><strong><em>Νικομη-</em></strong></span> 
     </span>
     <span class='ocr_line' id='line_1_6' title="bbox 146 1495 1190 1586; baseline 0 -22"><span class='ocrx_word' id='word_1_39' title='bbox 146 1501 247 1578; x_wconf 90' lang='grc' dir='ltr'><strong><em>δείας,</em></strong></span> <span class='ocrx_word' id='word_1_40' title='bbox 271 1501 312 1566; x_wconf 86' lang='grc' dir='ltr'><strong><em>τά</em></strong></span> <span class='ocrx_word' id='word_1_41' title='bbox 336 1495 419 1565; x_wconf 87' lang='grc' dir='ltr'><strong><em>αάτά</em></strong></span> <span class='ocrx_word' id='word_1_42' title='bbox 441 1498 547 1582; x_wconf 85' lang='grc' dir='ltr'><strong><em>ταύτην</em></strong></span> <span class='ocrx_word' id='word_1_43' title='bbox 566 1503 746 1585; x_wconf 78' lang='grc' dir='ltr'><em>φρονοῦντι</em></span> <span class='ocrx_word' id='word_1_44' title='bbox 775 1506 987 1586; x_wconf 71' lang='grc' dir='ltr'><strong><em>προσηνέχθη</em></strong></span> <span class='ocrx_word' id='word_1_45' title='bbox 1014 1503 1060 1585; x_wconf 79' lang='grc' dir='ltr'><strong><em>τῷ</em></strong></span> <span class='ocrx_word' id='word_1_46' title='bbox 1077 1495 1190 1584; x_wconf 72' lang='grc' dir='ltr'><strong><em>αότηῖσ</em></strong></span> 
     </span>
     <span class='ocr_line' id='line_1_7' title="bbox 143 1591 1166 1682; baseline -0.001 -21"><span class='ocrx_word' id='word_1_47' title='bbox 143 1599 293 1680; x_wconf 75' lang='grc' dir='ltr'><strong><em>βασιλεῖ,</em></strong></span> <span class='ocrx_word' id='word_1_48' title='bbox 324 1593 370 1674; x_wconf 79' lang='grc' dir='ltr'><strong><em>ὡς</em></strong></span> <span class='ocrx_word' id='word_1_49' title='bbox 398 1599 501 1682; x_wconf 66' lang='grc' dir='ltr'><strong><em>δῆθεν</em></strong></span> <span class='ocrx_word' id='word_1_50' title='bbox 530 1592 729 1681; x_wconf 74' lang='grc' dir='ltr'><em>ἀρνούμενος</em></span> <span class='ocrx_word' id='word_1_51' title='bbox 757 1599 810 1662; x_wconf 83' lang='grc' dir='ltr'><strong><em>καί</em></strong></span> <span class='ocrx_word' id='word_1_52' title='bbox 833 1591 1086 1680; x_wconf 82' lang='grc' dir='ltr'><strong><em>ἀναθεματίζων</em></strong></span> <span class='ocrx_word' id='word_1_53' title='bbox 1108 1596 1166 1678; x_wconf 84' lang='grc' dir='ltr'><strong><em>την</em></strong></span> 
     </span>
     <span class='ocr_line' id='line_1_8' title="bbox 145 1688 1167 1779; baseline -0.003 -19"><span class='ocrx_word' id='word_1_54' title='bbox 145 1689 248 1760; x_wconf 81' lang='grc' dir='ltr'><strong><em>αάτοῦ</em></strong></span> <span class='ocrx_word' id='word_1_55' title='bbox 272 1694 409 1777; x_wconf 77' lang='grc' dir='ltr'><strong><em>αἵρεσιν.</em></strong></span> <span class='ocrx_word' id='word_1_56' title='bbox 441 1690 522 1760; x_wconf 80' lang='grc' dir='ltr'><strong><em>ὅθεν</em></strong></span> <span class='ocrx_word' id='word_1_57' title='bbox 545 1693 668 1760; x_wconf 88' lang='grc' dir='ltr'><strong><em>κελεόει</em></strong></span> <span class='ocrx_word' id='word_1_58' title='bbox 682 1694 736 1758; x_wconf 81' lang='grc' dir='ltr'><strong><em>καί</em></strong></span> <span class='ocrx_word' id='word_1_59' title='bbox 753 1693 928 1777; x_wconf 77' lang='grc' dir='ltr'><strong><em>ἐπιτρέπει</em></strong></span> <span class='ocrx_word' id='word_1_60' title='bbox 942 1688 1094 1779; x_wconf 76' lang='grc' dir='ltr'><strong><em>Εόσεβίιμ</em></strong></span> <span class='ocrx_word' id='word_1_61' title='bbox 1109 1693 1167 1758; x_wconf 91' lang='grc' dir='ltr'><strong><em>τόν</em></strong></span> 
     </span>
     <span class='ocr_line' id='line_1_9' title="bbox 146 1777 1166 1875; baseline -0.003 -18"><span class='ocrx_word' id='word_1_62' title='bbox 146 1786 248 1857; x_wconf 87' lang='grc' dir='ltr'><strong><em>αότόν</em></strong></span> <span class='ocrx_word' id='word_1_63' title='bbox 279 1790 417 1870; x_wconf 84' lang='grc' dir='ltr'><strong><em>συνάξαι</em></strong></span> <span class='ocrx_word' id='word_1_64' title='bbox 439 1791 473 1858; x_wconf 85' lang='grc' dir='ltr'><strong><em>ἐν</em></strong></span> <span class='ocrx_word' id='word_1_65' title='bbox 497 1790 850 1858; x_wconf 79' lang='grc' dir='ltr'><strong><em>Κιυνσταντινουπόλει</em></strong></span> <span class='ocrx_word' id='word_1_66' title='bbox 872 1791 928 1858; x_wconf 79' lang='grc' dir='ltr'><strong><em>ἐπὶ</em></strong></span> <span class='ocrx_word' id='word_1_67' title='bbox 950 1777 1166 1875; x_wconf 70' lang='grc' dir='ltr'><strong><em>Ἀλεξάνδρου</em></strong></span> 
     </span>
     <span class='ocr_line' id='line_1_10' title="bbox 145 1881 1165 1975; baseline -0.002 -21"><span class='ocrx_word' id='word_1_68' title='bbox 145 1889 336 1955; x_wconf 73' lang='grc' dir='ltr'><strong><em>ἐπισκόπου</em></strong></span> <span class='ocrx_word' id='word_1_69' title='bbox 366 1883 542 1971; x_wconf 77' lang='grc' dir='ltr'><em>ὁμωνύμου</em></span> <span class='ocrx_word' id='word_1_70' title='bbox 570 1891 628 1953; x_wconf 85' lang='grc' dir='ltr'><strong><em>τοῦ</em></strong></span> <span class='ocrx_word' id='word_1_71' title='bbox 658 1887 691 1954; x_wconf 88' lang='grc' dir='ltr'><strong><em>ἐν</em></strong></span> <span class='ocrx_word' id='word_1_72' title='bbox 710 1881 943 1975; x_wconf 77' lang='grc' dir='ltr'><strong><em>Ἀλεξανδρείᾳ</em></strong></span> <span class='ocrx_word' id='word_1_73' title='bbox 968 1888 1165 1965; x_wconf 83' lang='grc' dir='ltr'><strong><em>ἐπισκόπου,</em></strong></span> 
     </span>
     <span class='ocr_line' id='line_1_11' title="bbox 145 1983 1209 2063; baseline -0.006 -11"><span class='ocrx_word' id='word_1_74' title='bbox 145 1983 244 2063; x_wconf 85' lang='grc' dir='ltr'><strong><em>ὄντος</em></strong></span> <span class='ocrx_word' id='word_1_75' title='bbox 266 1987 301 2050; x_wconf 86' lang='grc' dir='ltr'><strong><em>δὲ</em></strong></span> <span class='ocrx_word' id='word_1_76' title='bbox 324 1985 512 2051; x_wconf 80' lang='grc' dir='ltr'><strong><em>ἐπισκόπου</em></strong></span> <span class='ocrx_word' id='word_1_77' title='bbox 536 1985 930 2063; x_wconf 82' lang='grc' dir='ltr'><strong><em>Κωνσταντινουπόλειυς.</em></strong></span> <span class='ocrx_word' id='word_1_78' title='bbox 1181 1997 1209 2046; x_wconf 79' lang='lat'><strong><em>10</em></strong></span> 
     </span>
     <span class='ocr_line' id='line_1_12' title="bbox 234 2077 1170 2169; baseline -0.003 -20"><span class='ocrx_word' id='word_1_79' title='bbox 234 2091 263 2149; x_wconf 81' lang='lat'><strong><em>5.</em></strong></span> <span class='ocrx_word' id='word_1_80' title='bbox 288 2080 373 2169; x_wconf 86' lang='grc' dir='ltr'><strong><em>Ἤδη</em></strong></span> <span class='ocrx_word' id='word_1_81' title='bbox 397 2084 433 2147; x_wconf 79' lang='grc' dir='ltr'><strong><em>δὲ</em></strong></span> <span class='ocrx_word' id='word_1_82' title='bbox 457 2078 474 2147; x_wconf 90' lang='grc' dir='ltr'><strong><em>ό</em></strong></span> <span class='ocrx_word' id='word_1_83' title='bbox 495 2090 676 2168; x_wconf 89' lang='grc' dir='ltr'><strong><em>μακαρίτης</em></strong></span> <span class='ocrx_word' id='word_1_84' title='bbox 689 2078 904 2164; x_wconf 80' lang='grc' dir='ltr'><strong><em>Ἀλέξανδρος</em></strong></span> <span class='ocrx_word' id='word_1_85' title='bbox 927 2077 945 2146; x_wconf 91' lang='grc' dir='ltr'><strong><em>ό</em></strong></span> <span class='ocrx_word' id='word_1_86' title='bbox 968 2082 1001 2149; x_wconf 88' lang='grc' dir='ltr'><strong><em>ἐν</em></strong></span> <span class='ocrx_word' id='word_1_87' title='bbox 1013 2079 1170 2160; x_wconf 78' lang='grc' dir='ltr'><strong><em>Ἀλεξάν-</em></strong></span> 
     </span>
     <span class='ocr_line' id='line_1_13' title="bbox 146 2179 1168 2266; baseline -0.003 -20"><span class='ocrx_word' id='word_1_88' title='bbox 146 2182 243 2266; x_wconf 82' lang='grc' dir='ltr'><strong><em>δρείᾳ</em></strong></span> <span class='ocrx_word' id='word_1_89' title='bbox 269 2179 353 2263; x_wconf 85' lang='grc' dir='ltr'><strong><em>μετὰ</em></strong></span> <span class='ocrx_word' id='word_1_90' title='bbox 380 2179 439 2264; x_wconf 79' lang='grc' dir='ltr'><strong><em>την</em></strong></span> <span class='ocrx_word' id='word_1_91' title='bbox 468 2179 619 2266; x_wconf 75' lang='grc' dir='ltr'><strong><em>τελευτὴν</em></strong></span> <span class='ocrx_word' id='word_1_92' title='bbox 642 2181 812 2246; x_wconf 78' lang='grc' dir='ltr'><strong><em>Μελετίου</em></strong></span> <span class='ocrx_word' id='word_1_93' title='bbox 840 2183 898 2245; x_wconf 88' lang='grc' dir='ltr'><strong><em>τοῦ</em></strong></span> <span class='ocrx_word' id='word_1_94' title='bbox 928 2185 1168 2263; x_wconf 80' lang='grc' dir='ltr'><strong><em>προειρημένου</em></strong></span> 
     </span>
     <span class='ocr_line' id='line_1_14' title="bbox 148 2272 1170 2364; baseline -0.005 -21"><span class='ocrx_word' id='word_1_95' title='bbox 148 2272 369 2363; x_wconf 83' lang='grc' dir='ltr'><strong><em>όμολογητοῦ,</em></strong></span> <span class='ocrx_word' id='word_1_96' title='bbox 397 2278 493 2363; x_wconf 75' lang='grc' dir='ltr'><strong><em>ζῆλον</em></strong></span> <span class='ocrx_word' id='word_1_97' title='bbox 516 2272 702 2364; x_wconf 79' lang='grc' dir='ltr'><strong><em>ἀνειληφὼς</em></strong></span> <span class='ocrx_word' id='word_1_98' title='bbox 724 2275 807 2341; x_wconf 85' lang='grc' dir='ltr'><strong><em>κατὰ</em></strong></span> <span class='ocrx_word' id='word_1_99' title='bbox 829 2280 886 2341; x_wconf 79' lang='grc' dir='ltr'><strong><em>τοῦ</em></strong></span> <span class='ocrx_word' id='word_1_100' title='bbox 910 2283 1090 2357; x_wconf 86' lang='grc' dir='ltr'><strong><em>σχίσματος</em></strong></span> <span class='ocrx_word' id='word_1_101' title='bbox 1111 2278 1170 2360; x_wconf 74' lang='grc' dir='ltr'><strong><em>τῆς</em></strong></span> 
     </span>
     <span class='ocr_line' id='line_1_15' title="bbox 117 2367 1170 2461; baseline -0.003 -21"><span class='ocrx_word' id='word_1_102' title='bbox 117 2374 329 2461; x_wconf 79' lang='grc' dir='ltr'><strong><em>οέκκλησίας,</em></strong></span> <span class='ocrx_word' id='word_1_103' title='bbox 354 2377 461 2460; x_wconf 81' lang='grc' dir='ltr'><strong><em>πάντη</em></strong></span> <span class='ocrx_word' id='word_1_104' title='bbox 484 2372 560 2452; x_wconf 85' lang='grc' dir='ltr'><strong><em>τοὺς</em></strong></span> <span class='ocrx_word' id='word_1_105' title='bbox 584 2374 652 2459; x_wconf 83' lang='grc' dir='ltr'><strong><em>ἰδίᾳ</em></strong></span> <span class='ocrx_word' id='word_1_106' title='bbox 675 2372 884 2456; x_wconf 90' lang='grc' dir='ltr'><strong><em>συνάγοντας,</em></strong></span> <span class='ocrx_word' id='word_1_107' title='bbox 908 2367 975 2437; x_wconf 89' lang='grc' dir='ltr'><strong><em>όπό</em></strong></span> <span class='ocrx_word' id='word_1_108' title='bbox 1000 2374 1036 2438; x_wconf 79' lang='grc' dir='ltr'><strong><em>δὲ</em></strong></span> <span class='ocrx_word' id='word_1_109' title='bbox 1058 2373 1170 2437; x_wconf 83' lang='grc' dir='ltr'><strong><em>Μελε·</em></strong></span> 
     </span>
     <span class='ocr_line' id='line_1_16' title="bbox 145 2469 1208 2557; baseline -0.005 -20"><span class='ocrx_word' id='word_1_110' title='bbox 145 2478 221 2537; x_wconf 88' lang='grc' dir='ltr'><strong><em>τίου</em></strong></span> <span class='ocrx_word' id='word_1_111' title='bbox 243 2473 538 2557; x_wconf 79' lang='grc' dir='ltr'><strong><em>καταλειφθέντας,</em></strong></span> <span class='ocrx_word' id='word_1_112' title='bbox 562 2470 669 2537; x_wconf 88' lang='grc' dir='ltr'><strong><em>ἐδόκει</em></strong></span> <span class='ocrx_word' id='word_1_113' title='bbox 691 2469 869 2551; x_wconf 79' lang='grc' dir='ltr'><strong><em>ταράσσειν</em></strong></span> <span class='ocrx_word' id='word_1_114' title='bbox 891 2472 994 2536; x_wconf 76' lang='grc' dir='ltr'><strong><em>τεκαὶ</em></strong></span> <span class='ocrx_word' id='word_1_115' title='bbox 1013 2474 1167 2550; x_wconf 77' lang='grc' dir='ltr'><strong><em>συνέχειν,</em></strong></span> <span class='ocrx_word' id='word_1_116' title='bbox 1183 2475 1208 2524; x_wconf 77' lang='lat'><strong><em>¹⁵</em></strong></span> 
     </span>
     <span class='ocr_line' id='line_1_17' title="bbox 145 2563 1168 2654; baseline -0.005 -20"><span class='ocrx_word' id='word_1_117' title='bbox 145 2569 328 2652; x_wconf 62' lang='grc' dir='ltr'><strong><em>βιάζεσθαί</em></strong></span> <span class='ocrx_word' id='word_1_118' title='bbox 348 2595 385 2636; x_wconf 86' lang='grc' dir='ltr'><strong><em>τε</em></strong></span> <span class='ocrx_word' id='word_1_119' title='bbox 408 2565 501 2646; x_wconf 81' lang='grc' dir='ltr'><strong><em>ὅπως</em></strong></span> <span class='ocrx_word' id='word_1_120' title='bbox 522 2568 566 2653; x_wconf 84' lang='grc' dir='ltr'><strong><em>μη</em></strong></span> <span class='ocrx_word' id='word_1_121' title='bbox 590 2563 804 2654; x_wconf 73' lang='grc' dir='ltr'><strong><em>ἀηνηνιάσωσι</em></strong></span> <span class='ocrx_word' id='word_1_122' title='bbox 823 2570 880 2653; x_wconf 77' lang='grc' dir='ltr'><strong><em>τῆς</em></strong></span> <span class='ocrx_word' id='word_1_123' title='bbox 894 2571 973 2650; x_wconf 86' lang='grc' dir='ltr'><strong><em>μιάς</em></strong></span> <span class='ocrx_word' id='word_1_124' title='bbox 989 2567 1168 2652; x_wconf 86' lang='grc' dir='ltr'><strong><em>ἐκκλησίας.</em></strong></span> 
     </span>
     <span class='ocr_line' id='line_1_18' title="bbox 147 2663 1169 2752; baseline -0.005 -21"><span class='ocrx_word' id='word_1_125' title='bbox 147 2665 183 2731; x_wconf 81' lang='grc' dir='ltr'><strong><em>ολ</em></strong></span> <span class='ocrx_word' id='word_1_126' title='bbox 212 2667 248 2731; x_wconf 79' lang='grc' dir='ltr'><strong><em>δὲ</em></strong></span> <span class='ocrx_word' id='word_1_127' title='bbox 275 2663 318 2752; x_wconf 77' lang='grc' dir='ltr'><strong><em>μη</em></strong></span> <span class='ocrx_word' id='word_1_128' title='bbox 341 2665 539 2750; x_wconf 68' lang='grc' dir='ltr'><strong><em>βουλόμενοι</em></strong></span> <span class='ocrx_word' id='word_1_129' title='bbox 561 2665 740 2749; x_wconf 76' lang='grc' dir='ltr'><strong><em>ἐτάραττον</em></strong></span> <span class='ocrx_word' id='word_1_130' title='bbox 763 2668 815 2731; x_wconf 86' lang='grc' dir='ltr'><strong><em>καί</em></strong></span> <span class='ocrx_word' id='word_1_131' title='bbox 840 2665 983 2746; x_wconf 85' lang='grc' dir='ltr'><strong><em>ταραχὰς</em></strong></span> <span class='ocrx_word' id='word_1_132' title='bbox 1005 2663 1169 2748; x_wconf 82' lang='grc' dir='ltr'><strong><em>ἐνηργουν.</em></strong></span> 
     </span>
     <span class='ocr_line' id='line_1_19' title="bbox 148 2757 1171 2845; baseline -0.005 -16"><span class='ocrx_word' id='word_1_133' title='bbox 148 2763 185 2829; x_wconf 81' lang='grc' dir='ltr'><strong><em>ἐκ</em></strong></span> <span class='ocrx_word' id='word_1_134' title='bbox 212 2762 331 2828; x_wconf 85' lang='grc' dir='ltr'><strong><em>τούτου</em></strong></span> <span class='ocrx_word' id='word_1_135' title='bbox 361 2762 552 2845; x_wconf 81' lang='grc' dir='ltr'><strong><em>πιεζόμενοι</em></strong></span> <span class='ocrx_word' id='word_1_136' title='bbox 580 2765 635 2828; x_wconf 82' lang='grc' dir='ltr'><strong><em>καί</em></strong></span> <span class='ocrx_word' id='word_1_137' title='bbox 663 2761 874 2844; x_wconf 75' lang='grc' dir='ltr'><strong><em>συνεχόμενοι</em></strong></span> <span class='ocrx_word' id='word_1_138' title='bbox 896 2757 962 2827; x_wconf 81' lang='grc' dir='ltr'><strong><em>ἀπὸ</em></strong></span> <span class='ocrx_word' id='word_1_139' title='bbox 984 2759 1043 2826; x_wconf 83' lang='grc' dir='ltr'><strong><em>τοῦ</em></strong></span> <span class='ocrx_word' id='word_1_140' title='bbox 1065 2785 1171 2843; x_wconf 87' lang='grc' dir='ltr'><strong><em>μακα-</em></strong></span> 
     </span>
     <span class='ocr_line' id='line_1_20' title="bbox 146 2853 1171 2946; baseline -0.004 -20"><span class='ocrx_word' id='word_1_141' title='bbox 146 2866 223 2943; x_wconf 89' lang='grc' dir='ltr'><strong><em>ρίου</em></strong></span> <span class='ocrx_word' id='word_1_142' title='bbox 243 2855 462 2946; x_wconf 77' lang='grc' dir='ltr'><strong><em>Ἀλεξάνδρου</em></strong></span> <span class='ocrx_word' id='word_1_143' title='bbox 484 2858 691 2943; x_wconf 73' lang='grc' dir='ltr'><strong><em>ἐπιχειροῦσί</em></strong></span> <span class='ocrx_word' id='word_1_144' title='bbox 712 2884 800 2936; x_wconf 88' lang='grc' dir='ltr'><strong><em>τινες</em></strong></span> <span class='ocrx_word' id='word_1_145' title='bbox 823 2859 858 2937; x_wconf 85' lang='grc' dir='ltr'><strong><em>ἐξ</em></strong></span> <span class='ocrx_word' id='word_1_146' title='bbox 879 2854 988 2924; x_wconf 81' lang='grc' dir='ltr'><strong><em>αότιῦν</em></strong></span> <span class='ocrx_word' id='word_1_147' title='bbox 1011 2853 1171 2941; x_wconf 88' lang='grc' dir='ltr'><strong><em>ἀκραίμο-</em></strong></span> 
     </span>
     <span class='ocr_line' id='line_1_21' title="bbox 147 2953 1210 3044; baseline -0.004 -22"><span class='ocrx_word' id='word_1_148' title='bbox 147 2982 203 3036; x_wconf 86' lang='grc' dir='ltr'><strong><em>νες</em></strong></span> <span class='ocrx_word' id='word_1_149' title='bbox 230 2958 286 3022; x_wconf 83' lang='grc' dir='ltr'><strong><em>καὶ</em></strong></span> <span class='ocrx_word' id='word_1_150' title='bbox 314 2957 355 3024; x_wconf 86' lang='grc' dir='ltr'><strong><em>τὰ</em></strong></span> <span class='ocrx_word' id='word_1_151' title='bbox 383 2966 533 3040; x_wconf 78' lang='grc' dir='ltr'><strong><em>πρωτεῖα</em></strong></span> <span class='ocrx_word' id='word_1_152' title='bbox 549 2954 808 3044; x_wconf 80' lang='grc' dir='ltr'><strong><em>ἀποφερόμενοι</em></strong></span> <span class='ocrx_word' id='word_1_153' title='bbox 831 2959 864 3022; x_wconf 85' lang='grc' dir='ltr'><strong><em>ἐν</em></strong></span> <span class='ocrx_word' id='word_1_154' title='bbox 886 2981 922 3023; x_wconf 89' lang='grc' dir='ltr'><strong><em>τε</em></strong></span> <span class='ocrx_word' id='word_1_155' title='bbox 945 2954 1094 3041; x_wconf 62' lang='grc' dir='ltr'><strong><em>εὐσεβείᾳ</em></strong></span> <span class='ocrx_word' id='word_1_156' title='bbox 1116 2953 1210 3019; x_wconf 66' lang='grc' dir='ltr'><strong><em>καὶλθ</em></strong></span> 
     </span>
     <span class='ocr_line' id='line_1_22' title="bbox 148 3051 1171 3140; baseline -0.005 -19"><span class='ocrx_word' id='word_1_157' title='bbox 148 3056 185 3121; x_wconf 86' lang='grc' dir='ltr'><strong><em>ἐν</em></strong></span> <span class='ocrx_word' id='word_1_158' title='bbox 216 3061 296 3140; x_wconf 77' lang='grc' dir='ltr'><strong><em>βίην,</em></strong></span> <span class='ocrx_word' id='word_1_159' title='bbox 330 3054 387 3120; x_wconf 83' lang='grc' dir='ltr'><strong><em>καὶ</em></strong></span> <span class='ocrx_word' id='word_1_160' title='bbox 418 3055 612 3122; x_wconf 81' lang='grc' dir='ltr'><strong><em>στέλλονται</em></strong></span> <span class='ocrx_word' id='word_1_161' title='bbox 645 3053 700 3119; x_wconf 81' lang='grc' dir='ltr'><strong><em>ἐπὶ</em></strong></span> <span class='ocrx_word' id='word_1_162' title='bbox 735 3051 774 3118; x_wconf 92' lang='grc' dir='ltr'><strong><em>τό</em></strong></span> <span class='ocrx_word' id='word_1_163' title='bbox 806 3053 990 3138; x_wconf 84' lang='grc' dir='ltr'><strong><em>κυμητατον</em></strong></span> <span class='ocrx_word' id='word_1_164' title='bbox 1024 3052 1171 3134; x_wconf 81' lang='grc' dir='ltr'><strong><em>ἐντυχίας</em></strong></span> 
     </span>
     <span class='ocr_line' id='line_1_23' title="bbox 148 3145 1170 3235; baseline -0.007 -16"><span class='ocrx_word' id='word_1_165' title='bbox 148 3153 259 3229; x_wconf 78' lang='grc' dir='ltr'><strong><em>ἕνεκα,</em></strong></span> <span class='ocrx_word' id='word_1_166' title='bbox 287 3153 347 3217; x_wconf 82' lang='grc' dir='ltr'><strong><em>τοῦ</em></strong></span> <span class='ocrx_word' id='word_1_167' title='bbox 376 3150 519 3233; x_wconf 73' lang='grc' dir='ltr'><strong><em>ἐντυχεῖν</em></strong></span> <span class='ocrx_word' id='word_1_168' title='bbox 547 3150 602 3217; x_wconf 86' lang='grc' dir='ltr'><strong><em>καὶ</em></strong></span> <span class='ocrx_word' id='word_1_169' title='bbox 631 3145 796 3235; x_wconf 71' lang='grc' dir='ltr'><strong><em>ἀνεθῆναι</em></strong></span> <span class='ocrx_word' id='word_1_170' title='bbox 822 3152 881 3215; x_wconf 81' lang='grc' dir='ltr'><strong><em>τοῦ</em></strong></span> <span class='ocrx_word' id='word_1_171' title='bbox 911 3149 1061 3234; x_wconf 81' lang='grc' dir='ltr'><strong><em>συνάγειν</em></strong></span> <span class='ocrx_word' id='word_1_172' title='bbox 1091 3149 1170 3233; x_wconf 78' lang='grc' dir='ltr'><strong><em>ἰδίᾳ,</em></strong></span> 
     </span>
     <span class='ocr_line' id='line_1_24' title="bbox 147 3237 1171 3334; baseline -0.004 -20"><span class='ocrx_word' id='word_1_173' title='bbox 147 3247 270 3334; x_wconf 83' lang='grc' dir='ltr'><strong><em>καὶμὴ</em></strong></span> <span class='ocrx_word' id='word_1_174' title='bbox 293 3246 493 3316; x_wconf 75' lang='grc' dir='ltr'><strong><em>κωλύεσθαι.</em></strong></span> <span class='ocrx_word' id='word_1_175' title='bbox 535 3237 574 3334; x_wconf 78' lang='grc' dir='ltr'><strong><em>ἦν</em></strong></span> <span class='ocrx_word' id='word_1_176' title='bbox 597 3249 632 3314; x_wconf 83' lang='grc' dir='ltr'><strong><em>δέ</em></strong></span> <span class='ocrx_word' id='word_1_177' title='bbox 656 3246 873 3333; x_wconf 79' lang='grc' dir='ltr'><strong><em>Παιγνοότιός</em></strong></span> <span class='ocrx_word' id='word_1_178' title='bbox 895 3272 945 3326; x_wconf 89' lang='grc' dir='ltr'><strong><em>τις</em></strong></span> <span class='ocrx_word' id='word_1_179' title='bbox 966 3253 1068 3330; x_wconf 89' lang='grc' dir='ltr'><strong><em>μέγας</em></strong></span> <span class='ocrx_word' id='word_1_180' title='bbox 1091 3241 1171 3331; x_wconf 84' lang='grc' dir='ltr'><strong><em>ἀνηρ</em></strong></span> 
     </span>
     <span class='ocr_line' id='line_1_25' title="bbox 85 3338 1171 3432; baseline -0.006 -17"><span class='ocrx_word' id='word_1_181' title='bbox 85 3341 378 3432; x_wconf 67' lang='grc' dir='ltr'><strong><em>ῖῖιάναχιυρητης,</em></strong></span> <span class='ocrx_word' id='word_1_182' title='bbox 412 3347 465 3411; x_wconf 84' lang='grc' dir='ltr'><strong><em>καί</em></strong></span> <span class='ocrx_word' id='word_1_183' title='bbox 500 3338 598 3423; x_wconf 87' lang='grc' dir='ltr'><strong><em>αότός</em></strong></span> <span class='ocrx_word' id='word_1_184' title='bbox 632 3344 702 3422; x_wconf 86' lang='grc' dir='ltr'><strong><em>υίὸς</em></strong></span> <span class='ocrx_word' id='word_1_185' title='bbox 730 3341 968 3431; x_wconf 88' lang='grc' dir='ltr'><strong><em>όμολογητρίας</em></strong></span> <span class='ocrx_word' id='word_1_186' title='bbox 995 3344 1171 3428; x_wconf 85' lang='grc' dir='ltr'><strong><em>τυγχάνων,</em></strong></span> 
     </span>
     <span class='ocr_line' id='line_1_26' title="bbox 147 3436 1213 3528; baseline -0.006 -18"><span class='ocrx_word' id='word_1_187' title='bbox 147 3441 398 3528; x_wconf 85' lang='grc' dir='ltr'><strong><em>παραψάμενσς</em></strong></span> <span class='ocrx_word' id='word_1_188' title='bbox 424 3445 477 3508; x_wconf 86' lang='grc' dir='ltr'><strong><em>καί</em></strong></span> <span class='ocrx_word' id='word_1_189' title='bbox 504 3436 604 3520; x_wconf 87' lang='grc' dir='ltr'><strong><em>αάτός</em></strong></span> <span class='ocrx_word' id='word_1_190' title='bbox 626 3444 744 3518; x_wconf 81' lang='grc' dir='ltr'><strong><em>ποσῶς</em></strong></span> <span class='ocrx_word' id='word_1_191' title='bbox 766 3444 824 3527; x_wconf 75' lang='grc' dir='ltr'><strong><em>τῆς</em></strong></span> <span class='ocrx_word' id='word_1_192' title='bbox 847 3438 1038 3526; x_wconf 84' lang='grc' dir='ltr'><strong><em>ὁμολογίας,</em></strong></span> <span class='ocrx_word' id='word_1_193' title='bbox 1066 3436 1213 3507; x_wconf 62' lang='lat' dir='ltr'><strong><em>’iamir-25</em></strong></span> 
     </span>
     <span class='ocr_line' id='line_1_27' title="bbox 147 3533 1172 3628; baseline -0.007 -19"><span class='ocrx_word' id='word_1_194' title='bbox 147 3567 210 3628; x_wconf 84' lang='grc' dir='ltr'><strong><em>νης</em></strong></span> <span class='ocrx_word' id='word_1_195' title='bbox 231 3565 267 3607; x_wconf 86' lang='grc' dir='ltr'><strong><em>τε</em></strong></span> <span class='ocrx_word' id='word_1_196' title='bbox 289 3539 473 3618; x_wconf 84' lang='grc' dir='ltr'><strong><em>ἐπίσκοπος</em></strong></span> <span class='ocrx_word' id='word_1_197' title='bbox 495 3542 561 3605; x_wconf 83' lang='grc' dir='ltr'><strong><em>τῶν</em></strong></span> <span class='ocrx_word' id='word_1_198' title='bbox 585 3536 701 3617; x_wconf 77' lang='grc' dir='ltr'><strong><em>αὐτῶν,</em></strong></span> <span class='ocrx_word' id='word_1_199' title='bbox 727 3533 807 3624; x_wconf 80' lang='grc' dir='ltr'><strong><em>ἀνηρ</em></strong></span> <span class='ocrx_word' id='word_1_200' title='bbox 830 3542 883 3605; x_wconf 81' lang='grc' dir='ltr'><strong><em>καί</em></strong></span> <span class='ocrx_word' id='word_1_201' title='bbox 900 3534 999 3618; x_wconf 89' lang='grc' dir='ltr'><strong><em>αότός</em></strong></span> <span class='ocrx_word' id='word_1_202' title='bbox 1012 3538 1172 3623; x_wconf 84' lang='grc' dir='ltr'><strong><em>τιμιώτα-</em></strong></span> 
     </span>
     <span class='ocr_line' id='line_1_28' title="bbox 145 3631 1173 3723; baseline -0.008 -17"><span class='ocrx_word' id='word_1_203' title='bbox 145 3663 219 3718; x_wconf 83' lang='grc' dir='ltr'><strong><em>τος,</em></strong></span> <span class='ocrx_word' id='word_1_204' title='bbox 242 3635 440 3716; x_wconf 84' lang='grc' dir='ltr'><strong><em>Καλλίνικός</em></strong></span> <span class='ocrx_word' id='word_1_205' title='bbox 461 3663 497 3704; x_wconf 88' lang='grc' dir='ltr'><strong><em>τε</em></strong></span> <span class='ocrx_word' id='word_1_206' title='bbox 519 3631 537 3702; x_wconf 90' lang='grc' dir='ltr'><strong><em>ό</em></strong></span> <span class='ocrx_word' id='word_1_207' title='bbox 560 3635 594 3703; x_wconf 87' lang='grc' dir='ltr'><strong><em>ἐν</em></strong></span> <span class='ocrx_word' id='word_1_208' title='bbox 616 3638 796 3723; x_wconf 83' lang='grc' dir='ltr'><strong><em>Πηλουσίῳ</em></strong></span> <span class='ocrx_word' id='word_1_209' title='bbox 819 3635 1013 3715; x_wconf 85' lang='grc' dir='ltr'><strong><em>ἐπίσκοπος,</em></strong></span> <span class='ocrx_word' id='word_1_210' title='bbox 1037 3641 1091 3702; x_wconf 83' lang='grc' dir='ltr'><strong><em>καὶ</em></strong></span> <span class='ocrx_word' id='word_1_211' title='bbox 1114 3633 1173 3700; x_wconf 80' lang='grc' dir='ltr'><strong><em>ἀλ-</em></strong></span> 
     </span>
     <span class='ocr_line' id='line_1_29' title="bbox 146 3728 1172 3821; baseline -0.006 -20"><span class='ocrx_word' id='word_1_212' title='bbox 146 3738 207 3803; x_wconf 89' lang='grc' dir='ltr'><strong><em>λοι</em></strong></span> <span class='ocrx_word' id='word_1_213' title='bbox 226 3737 314 3814; x_wconf 72' lang='grc' dir='ltr'><strong><em>τινες</em></strong></span> <span class='ocrx_word' id='word_1_214' title='bbox 335 3736 369 3802; x_wconf 84' lang='grc' dir='ltr'><strong><em>ολ</em></strong></span> <span class='ocrx_word' id='word_1_215' title='bbox 390 3737 488 3801; x_wconf 83' lang='grc' dir='ltr'><strong><em>τοῦτο</em></strong></span> <span class='ocrx_word' id='word_1_216' title='bbox 504 3733 735 3821; x_wconf 87' lang='grc' dir='ltr'><strong><em>ποιησάμενοι,</em></strong></span> <span class='ocrx_word' id='word_1_217' title='bbox 759 3732 880 3812; x_wconf 74' lang='grc' dir='ltr'><strong><em>οἵτινες</em></strong></span> <span class='ocrx_word' id='word_1_218' title='bbox 895 3728 1103 3810; x_wconf 78' lang='grc' dir='ltr'><strong><em>ἀπελθόντες</em></strong></span> <span class='ocrx_word' id='word_1_219' title='bbox 1118 3733 1172 3796; x_wconf 82' lang='grc' dir='ltr'><strong><em>καὶ</em></strong></span> 
     </span>
     <span class='ocr_line' id='line_1_30' title="bbox 145 3826 1171 3919; baseline -0.011 -17"><span class='ocrx_word' id='word_1_220' title='bbox 145 3832 339 3916; x_wconf 84' lang='grc' dir='ltr'><strong><em>ἐντυχόντες</em></strong></span> <span class='ocrx_word' id='word_1_221' title='bbox 365 3835 413 3919; x_wconf 80' lang='grc' dir='ltr'><strong><em>τῷ</em></strong></span> <span class='ocrx_word' id='word_1_222' title='bbox 444 3831 579 3917; x_wconf 69' lang='grc' dir='ltr'><strong><em>βασιλεῖ</em></strong></span> <span class='ocrx_word' id='word_1_223' title='bbox 605 3826 835 3914; x_wconf 84' lang='grc' dir='ltr'><strong><em>ἀπετρέποντο</em></strong></span> <span class='ocrx_word' id='word_1_224' title='bbox 864 3833 918 3896; x_wconf 80' lang='grc' dir='ltr'><strong><em>καί</em></strong></span> <span class='ocrx_word' id='word_1_225' title='bbox 947 3829 1171 3914; x_wconf 68' lang='grc' dir='ltr'><strong><em>ἐξεβάλλοντο.</em></strong></span> 
     </span>
     <span class='ocr_line' id='line_1_31' title="bbox 145 3922 1217 4016; baseline -0.011 -17"><span class='ocrx_word' id='word_1_226' title='bbox 145 3931 183 3999; x_wconf 83' lang='grc' dir='ltr'><strong><em>ολ</em></strong></span> <span class='ocrx_word' id='word_1_227' title='bbox 206 3933 270 4016; x_wconf 84' lang='grc' dir='ltr'><strong><em>γὰρ</em></strong></span> <span class='ocrx_word' id='word_1_228' title='bbox 292 3929 327 3998; x_wconf 84' lang='grc' dir='ltr'><strong><em>ἐν</em></strong></span> <span class='ocrx_word' id='word_1_229' title='bbox 349 3933 396 4016; x_wconf 81' lang='grc' dir='ltr'><strong><em>τῷ</em></strong></span> <span class='ocrx_word' id='word_1_230' title='bbox 419 3930 572 4014; x_wconf 80' lang='grc' dir='ltr'><strong><em>παλατίηι</em></strong></span> <span class='ocrx_word' id='word_1_231' title='bbox 594 3922 794 4005; x_wconf 80' lang='grc' dir='ltr'><strong><em>ἀκούσαντες</em></strong></span> <span class='ocrx_word' id='word_1_232' title='bbox 817 3929 1034 3995; x_wconf 83' lang='grc' dir='ltr'><strong><em>Μελετιανῶν</em></strong></span> <span class='ocrx_word' id='word_1_233' title='bbox 1056 3922 1172 4008; x_wconf 88' lang='grc' dir='ltr'><strong><em>όνομυ,</em></strong></span> <span class='ocrx_word' id='word_1_234' title='bbox 1185 3935 1217 3987; x_wconf 71' lang='lat' dir='ltr'><strong><em>w</em></strong></span> 
     </span>
     <span class='ocr_line' id='line_1_32' title="bbox 143 4019 1172 4113; baseline -0.01 -16"><span class='ocrx_word' id='word_1_235' title='bbox 143 4032 205 4098; x_wconf 80' lang='grc' dir='ltr'><strong><em>καί</em></strong></span> <span class='ocrx_word' id='word_1_236' title='bbox 234 4025 428 4113; x_wconf 82' lang='grc' dir='ltr'><strong><em>ἀγνοοῦντες</em></strong></span> <span class='ocrx_word' id='word_1_237' title='bbox 454 4034 487 4093; x_wconf 89' lang='grc' dir='ltr'><strong><em>τί</em></strong></span> <span class='ocrx_word' id='word_1_238' title='bbox 510 4020 549 4093; x_wconf 86' lang='grc' dir='ltr'><strong><em>ἀν</em></strong></span> <span class='ocrx_word' id='word_1_239' title='bbox 573 4025 623 4111; x_wconf 82' lang='grc' dir='ltr'><strong><em>είη</em></strong></span> <span class='ocrx_word' id='word_1_240' title='bbox 646 4024 684 4089; x_wconf 90' lang='grc' dir='ltr'><strong><em>τό</em></strong></span> <span class='ocrx_word' id='word_1_241' title='bbox 707 4028 859 4090; x_wconf 85' lang='grc' dir='ltr'><strong><em>τοιοῦτον</em></strong></span> <span class='ocrx_word' id='word_1_242' title='bbox 867 4074 876 4104; x_wconf 92' lang='grc'><strong><em>,</em></strong></span> <span class='ocrx_word' id='word_1_243' title='bbox 907 4019 944 4091; x_wconf 86' lang='grc' dir='ltr'><strong><em>οό</em></strong></span> <span class='ocrx_word' id='word_1_244' title='bbox 968 4022 1172 4105; x_wconf 84' lang='grc' dir='ltr'><strong><em>συνεχώρουν</em></strong></span> 
     </span>
     <span class='ocr_line' id='line_1_33' title="bbox 143 4121 662 4210; baseline -0.021 -13"><span class='ocrx_word' id='word_1_245' title='bbox 143 4121 268 4205; x_wconf 74' lang='grc' dir='ltr'><strong><em>αὐτοῖς</em></strong></span> <span class='ocrx_word' id='word_1_246' title='bbox 291 4125 432 4208; x_wconf 80' lang='grc' dir='ltr'><strong><em>ἐντυχεῖν</em></strong></span> <span class='ocrx_word' id='word_1_247' title='bbox 454 4127 501 4210; x_wconf 80' lang='grc' dir='ltr'><strong><em>τῷ</em></strong></span> <span class='ocrx_word' id='word_1_248' title='bbox 519 4125 662 4209; x_wconf 73' lang='grc' dir='ltr'><strong><em>βασιλεῖ.</em></strong></span> 
     </span>
     <span class='ocr_line' id='line_1_34' title="bbox 241 4215 1174 4307; baseline -0.011 -15"><span class='ocrx_word' id='word_1_249' title='bbox 241 4229 272 4292; x_wconf 84' lang='grc'><strong><em>6.</em></strong></span> <span class='ocrx_word' id='word_1_250' title='bbox 303 4223 371 4290; x_wconf 81' lang='grc' dir='ltr'><strong><em>Καὶ</em></strong></span> <span class='ocrx_word' id='word_1_251' title='bbox 398 4223 431 4290; x_wconf 90' lang='grc' dir='ltr'><strong><em>έν</em></strong></span> <span class='ocrx_word' id='word_1_252' title='bbox 459 4219 566 4307; x_wconf 80' lang='grc' dir='ltr'><strong><em>τούτῳ</em></strong></span> <span class='ocrx_word' id='word_1_253' title='bbox 599 4222 781 4303; x_wconf 71' lang='grc' dir='ltr'><strong><em>συμβέβηκε</em></strong></span> <span class='ocrx_word' id='word_1_254' title='bbox 811 4219 1067 4304; x_wconf 68' lang='grc' dir='ltr'><strong><em>χρονοτριβῆσαι</em></strong></span> <span class='ocrx_word' id='word_1_255' title='bbox 1098 4215 1174 4297; x_wconf 76' lang='grc' dir='ltr'><strong><em>τοὺς</em></strong></span> 
     </span>
    </p>
   </div>
   <div class='ocr_carea' id='block_1_3' title="bbox 0 0 1438 5084">
    <p class='ocr_par' dir='ltr' id='par_1_3' title="bbox 0 0 1438 5084">
     <span class='ocr_line' id='line_1_35' title="bbox 0 0 1438 5084; baseline 0 0"><span class='ocrx_word' id='word_1_256' title='bbox 0 0 1438 5084; x_wconf 95' lang='lat' dir='ltr'><strong><em> </em></strong></span> 
     </span>
    </p>
   </div>
  </div>
 </body>
</html>
