2867 5084
596 936 634 986 iu
654 937 796 989 votuutu
816 938 845 987 u.
1165 929 1229 991 735

206 1081 292 1164 νήθη
314 1087 347 1163 V]
369 1078 414 1145 ὅτι
437 1081 453 1147 ὁ
476 1089 532 1147 τοῦ
552 1087 631 1151 θεοῦ
653 1081 815 1167 ἀγέννητος
836 1084 926 1167 λόγος
947 1087 980 1148 ἓν
1001 1095 1056 1150 τοῦ
1076 1093 1154 1153 θεοῦ

209 1177 260 1232 23.
283 1175 326 1247 μῦ
348 1168 402 1246 (μύ
417 1173 460 1247 8)]
483 1177 732 1248 τεσσαρακσστοῦ
746 1176 775 1238 V,
798 1177 876 1232 litere
897 1179 943 1249 μῦ
964 1194 1013 1251 pro
1036 1189 1099 1235 uota
1121 1184 1229 1240 numeri

206 1261 243 1315 ab
265 1258 375 1314 librario
398 1269 517 1332 acceptu,
541 1261 574 1315 de
589 1276 644 1334 quo
660 1261 762 1316 erroris
776 1277 879 1335 genere
900 1261 953 1316 dixi
968 1279 1050 1334 supra
1070 1263 1104 1319 ud
1118 1268 1226 1338 putu,

209 1346 260 1402 30.
286 1344 357 1407 230,
378 1345 425 1401 13.
514 1343 563 1401 24.
579 1338 699 1418 ἐποίησε
715 1343 747 1417 V]
762 1339 908 1419 ἐποίησαν
991 1352 1230 1428 τεσσαρακοστῷ

208 1437 354 1523 δευτέρῳ]
375 1442 423 1516 μβ
445 1443 465 1497 V
552 1446 601 1502 27.
625 1439 822 1521 Σουλπικίου]
844 1439 1043 1501 ααοαλιτικίοα
1065 1442 1116 1502 καὶ
1139 1449 1159 1500 V

206 1524 394 1605 Καμηρίνοα
421 1529 526 1585 correxi
554 1546 586 1584 ex
613 1529 681 1585 locis
709 1529 872 1604 scriptorum
901 1530 935 1586 ab
957 1530 1082 1588 Cliutouo
1104 1531 1229 1588 indicatis

208 1615 284 1671 Vnst.
301 1612 370 1669 Hell.
393 1614 445 1668 vol.
464 1616 491 1672 3.
514 1631 542 1687 p.
560 1614 631 1671 274.
655 1623 684 1670 ut
706 1631 787 1689 supra
810 1633 837 1689 p.
855 1616 925 1681 487,
943 1616 972 1674 8.
1005 1617 1183 1694 καμμαριοῦ
1196 1616 1227 1682 V,

207 1693 406 1774 καμμαρίνοῦ
428 1698 457 1753 B.
503 1698 578 1768 Quae
600 1707 663 1770 post
689 1700 744 1756 hoc
772 1716 872 1756 nomen
899 1698 1029 1773 leguntur
1050 1710 1178 1774 corrupta
1201 1710 1229 1757 et

207 1785 316 1841 deiectu
338 1798 400 1839 esse
421 1783 607 1845 animadvertit
629 1783 768 1850 Veturius,
802 1785 849 1857 qui
875 1782 999 1857 pluribus
1026 1783 1061 1840 de
1087 1785 1140 1841 hoc
1167 1785 1228 1841 loco

207 1868 326 1924 dinit'in
348 1868 524 1924 annotatione
556 1867 782 1941 coniectumque
809 1868 962 1942 proposuit
1006 1867 1070 1923 Nem
1098 1876 1130 1924 ut
1157 1885 1231 1924 niinc

207 1953 279 2009 hoec
300 1952 438 2024 leguntur,
462 1968 517 2008 non
542 1960 654 2025 apparet
669 1952 733 2025 quid
750 1952 829 2008 dativi
847 1953 884 2008 illi
899 1946 1020 2030 Βεττίῳ
1034 1947 1233 2030 Πομπηιανρῦ

203 2030 340 2103 ὑπάτοις
360 2035 412 2091 sibi
434 2036 531 2101 velint,
566 2044 593 2092 et
619 2037 730 2092 nomina
757 2036 815 2110 ipse
844 2045 971 2111 suspectu
993 2046 1066 2092 suut.
1115 2029 1232 2109 βεττέω

207 2131 253 2180 est
275 2121 303 2176 in
326 2120 355 2185 V,
377 2113 499 2200 βηττὲρι
521 2120 548 2176 in
571 2120 600 2175 B.
653 2120 745 2176 Simile
767 2129 810 2176 est
836 2121 917 2178 Vettii
938 2137 1046 2185 nornen,
1076 2121 1127 2176 etsi
1149 2121 1233 2177 huius

206 2223 265 2265 non
289 2205 376 2278 mugio
398 2221 478 2277 quem
500 2205 655 2276 Pompeiani
678 2204 761 2259 ullum
785 2205 812 2259 in
834 2205 921 2261 Vestis
943 2204 1085 2274 vestigium
1108 2215 1159 2261 est.

209 2294 261 2350 23.
287 2281 315 2344 oi
338 2288 369 2362 V]
391 2286 441 2345 καὶ
465 2281 494 2344 oi
580 2291 630 2346 30.
653 2278 741 2343 eluar
758 2288 788 2362 V]
811 2277 896 2344 elnon
982 2290 1031 2345 32.
1052 2280 1234 2367 ηὑρήκαμεν

206 2374 309 2448 scripsi
334 2390 385 2447 pro
408 2364 580 2449 εὑρήκαμεν
664 2365 831 2448 πρσιτόσων
845 2371 876 2445 V]
898 2362 1098 2448 προτιόσιιινσς
1118 2372 1146 2428 8.
1184 2373 1233 2429 ln·

207 2469 309 2518 tectam
332 2457 429 2531 reliqui
451 2458 613 2532 scripturam
635 2465 805 2530 corruptum,
840 2457 873 2512 de
902 2473 954 2529 qua
977 2472 1040 2511 suas
1061 2455 1232 2530 aliorumque

207 2544 383 2603 coniecturas
405 2542 464 2599 Pet.
487 2543 515 2597 in
538 2542 713 2598 annotatione
736 2541 871 2614 exposuit.
987 2542 1036 2597 33.
1058 2529 1232 2615 ἑνδεκάτης]

206 2628 287 2686 io'V
368 2619 577 2705 Ἰανουαρίων]
600 2621 804 2703 ἰαννουαρίοιν
824 2623 896 2680 libri.
1106 2626 1111 2639 '

298 2764 370 2828 495,
391 2765 416 2819 i.
445 2752 625 2838 θεοφάνεια]
654 2752 810 2836 θεαφάνια
837 2758 915 2824 libri,
949 2768 980 2819 ut
1007 2748 1152 2836 ἓτιιφιίνια
1179 2774 1232 2831 pro

203 2840 388 2925 Ἐπιφάνεια
470 2849 498 2905 3.
514 2835 624 2923 εῦροις]
640 2833 784 2920 εῦροιενν
867 2848 896 2900 4.
911 2837 1063 2920 apollon]
1078 2858 1098 2898 σ
1124 2834 1233 2896 άλσαν

256 2935 284 2990 5.
300 2923 478 3008 γὰρῆμέν
491 2922 550 3005 γὰρ
640 2921 893 3004 ἡβεβαίαοιαΝ
959 2929 987 2983 6.
999 2916 1155 2999 c‘rtltxmp]
1172 2925 1233 2981 io’aeV

253 3011 351 3094 φασὶν
366 3007 416 3090 ὡς]
432 3010 509 3092 φασὶ
527 3014 555 3080 V,
572 3015 673 3071 omisso
690 3004 735 3079 ὥς
806 3016 833 3070 7.
857 3002 948 3084 ὀκτὼ]
969 3017 987 3084 ι’]
1003 3009 1023 3063 V
1095 3011 1125 3068 8.
1141 3004 1235 3065 δεκα-

207 3113 299 3176 ntm
321 3148 364 3158 -
378 3109 541 3191 τέσσαρας]
564 3122 596 3172 n
611 3145 653 3157 -
669 3097 695 3169 ιῑ
703 3112 725 3167 v
811 3113 841 3170 o.
855 3104 902 3185 τὸ]
918 3110 998 3191 τρο
1077 3110 1121 3189 up
1134 3109 1233 3165 annu

254 3197 447 3274 Σολομῶνα]
462 3201 526 3273 Sap.
544 3203 571 3263 l,
590 3200 618 3256 2.
711 3200 757 3254 ll.
780 3186 937 3271 ἱνῦεκάτῃ]
961 3196 995 3250 tio
1007 3194 1039 3249 V.
1119 3195 1165 3251 12.
1185 3186 1234 3249 ἴν-

209 3302 330 3363 σαριιας
351 3285 381 3359 V]
404 3279 437 3341 ἓν
458 3278 549 3360 σαρκὶ
571 3283 591 3338 Β
694 3284 740 3338 46.
764 3271 873 3337 διὰτὸ
895 3273 964 3336 τότε
985 3271 1180 3353 γεγενημένον
1202 3276 1233 3350 V]

208 3362 280 3429 τότε
303 3363 339 3426 τὸ
361 3359 522 3444 γενόμενον
543 3367 577 3432 il,
609 3366 710 3422 omisso
733 3355 794 3421 διά.
901 3356 1095 3437 θεοσήμειον]
1117 3359 1234 3434 θεοση-

208 3457 301 3531 μεῖον
323 3453 368 3509 VB
390 3452 435 3510 hio
457 3461 485 3509 et
506 3451 571 3508 alibi
592 3468 683 3524 saepe.
772 3449 821 3506 20.
844 3442 987 3522 μαθηταὶ
1004 3446 1034 3519 V]
1057 3438 1191 3500 διάκονοι

209 3541 307 3597 Ιστιιιι.
322 3539 349 3603 2,
363 3540 392 3597 8.
481 3537 530 3595 22.
553 3527 596 3602 ὥς
618 3527 704 3591 αὐτοὶ
725 3532 823 3590 acld.V
910 3535 960 3590 23.
984 3526 1033 3587 καὶ
1047 3522 1187 3607 ἡμέτεροι
1203 3526 1234 3600 V]

208 3617 356 3700 ἡμέτεροι
384 3614 419 3678 δι’
536 3622 587 3678 24.
614 3614 722 3676 πολλοὶ
745 3618 776 3691 V]
804 3612 854 3673 nol
882 3611 989 3673 πολλοὶ
1108 3615 1157 3670 25.
1180 3611 1239 3668 τοῦ

211 3707 315 3767 aunt
401 3707 452 3766 28.
467 3696 576 3779 οῦτως]
593 3695 715 3761 αὐτῶν
803 3704 853 3760 29.
867 3692 1106 3775 τεσσαράκοντα]
1127 3695 1193 3768 μ]

213 3792 413 3857 30.-438,
431 3793 481 3850 23.
510 3780 659 3856 ἐλθόντος
684 3820 729 3830 -
754 3782 843 3864 τρίτῃ
871 3779 982 3864 ἡμέρᾳ]
1011 3785 1056 3839 Sic
1077 3781 1108 3836 V.
1164 3779 1238 3835 tnlt

212 3888 268 3944 est,
292 3866 449 3946 ἐλθόντος,
472 3869 522 3930 καὶ
545 3868 743 3946 rutilantem>
765 3863 849 3937 τινὰς
873 3871 935 3927 τῶν
956 3858 1052 3924 αὐτοῦ
1072 3862 1238 3938 μαθητῶν,

212 3957 265 4021 καὶ
288 3952 495 4039 ἓναρξαμένοα
516 3953 595 4031 μετὰ
616 3946 847 4033 τεσσαράκοντα
860 3947 978 4029 ἡμέρας
996 3950 1052 4008 τοῦ
1065 3946 1238 4024 πειρασμοῦ

211 4039 384 4124 κηρύττειν.
421 4038 471 4099 καὶ
500 4034 597 4099 αὐτοῦ
619 4030 826 4106 κατελθόντος
852 4033 894 4105 εἰς
921 4029 976 4093 τὸν
1002 4023 1157 4112 ἷσρῦάνην,
1186 4024 1237 4086 καὶ

210 4119 463 4204 συναντήσαντος
484 4122 638 4203 τοῖςπερὶ
660 4115 832 4198 ναθαναὴλ,
855 4116 905 4177 καὶ
928 4107 1163 4197 παραλαβόντος
1177 4106 1237 4170 αῦ-

209 4206 298 4287 τοῦς,
320 4203 371 4272 ὅτε
393 4205 515 4286 ἔμειναν
535 4202 608 4288 παρ’
625 4201 710 4289 αῦτῳ
731 4199 788 4264 δύο
810 4199 936 4283 ἡμέρας,
964 4198 1016 4260 καὶ
1038 4192 1140 4258 αῦτιῦν
1161 4190 1240 4253 ἀνα-

1030 4297 1086 4350 47*

1255 4442 1330 4624 Δ
