2867 5084
686 526 691 541 ί

491 978 586 1032 Lm.
605 981 810 1033 πκπικκιοι.
1122 971 1163 1035 89

143 1123 236 1216 αύτῷ
246 1124 497 1216 “χαίρεῬαββί”.
512 1133 567 1198 καὶ
579 1130 795 1217 ἐλεγχόμενος,
808 1136 860 1199 καί
874 1126 1011 1212 ἀκούων,
1023 1133 1162 1218 “ίταῒρε,

144 1221 196 1315 ἐφ’
231 1217 259 1314 ᾦ
287 1228 389 1312 πάρει
395 1231 423 1309 ,·”
452 1219 549 1308 οὗτος
578 1227 595 1295 ό
621 1225 743 1308 Ἰούδας
771 1229 953 1316 ἐμιμήσατο
981 1231 1039 1297 τόν
1067 1233 1163 1310 Κόϊν,

113 1324 265 1413 ε’ίπειδη
299 1320 579 1411 ἀνθρωποκτόνος
608 1327 748 1412 ἐγένετο,
785 1327 989 1413 ψευδόμενος
1017 1328 1164 1396 ἐναντίον

143 1424 205 1489 τοῦ
231 1428 362 1507 κυρίου,
392 1426 444 1489 καλ
474 1424 591 1509 λέγων,
621 1424 685 1511 *μὴ
717 1424 827 1512 ιγύλαξ
847 1424 915 1507 είμὶ
935 1428 995 1490 τοῦ
1017 1419 1163 1513 ἀδελφοῦ

141 1543 229 1604 μους
252 1514 311 1586 ούκ
331 1516 409 1587 οῖδα
429 1524 497 1587 πού
520 1520 616 1588 ἐστί’.
647 1524 702 1588 καί
724 1515 823 1600 αύτός
843 1520 926 1588 κατὰ
939 1528 1077 1610 μίμησιν
1093 1524 1188 1603 υίόςε

143 1623 330 1704 γεγένηται,
362 1616 417 1684 καί
443 1618 527 1684 κατὰ
548 1625 696 1702 θεωρίαν
717 1621 776 1705 τῆς
797 1619 831 1687 ίν
852 1622 900 1704 τῷ
923 1616 1000 1706 ὄφει
1021 1621 1165 1708 λαλησά-

142 1737 206 1800 σης
229 1714 437 1801 ψευδηγόρου
459 1719 573 1803 φωνῆς
593 1719 651 1805 τῆς
672 1716 828 1802 λεγούσης
851 1716 993 1784 “ὲ’σεσθε
1015 1714 1061 1797 ιός
1075 1722 1163 1799 θεοί,

141 1810 362 1898 γινώσκοντες
382 1812 482 1879 καλὸν
504 1817 558 1879 καλ
580 1813 751 1901 πονηρόν”.
795 1807 882 1879 τοῦτ’
908 1813 979 1880 ἔστι
1001 1815 1039 1881 τὸ
1061 1815 1096 1883 ίν
1116 1818 1164 1903 τῷ

144 1903 324 1996 εύαγγελίιμ
346 1910 440 1994 παρὰ
456 1914 515 1977 τοῦ
531 1914 679 1998 σωτῆρος
695 1910 863 1994 εἰρημένον
880 1906 994 1995 “ύμεῖς
1008 1913 1076 1980 υίοί
1091 1913 1165 1980 ίστε

141 2010 204 2074 τοῦ
227 2007 414 2092 διαβόλου”.
455 2009 540 2093 λέγει
562 2007 623 2094 γόιρ
647 2004 740 2090 “ούχὶ
762 2009 888 2075 δώδεκα
910 2002 995 2090 ὑμᾶς
1018 2010 1203 2091 ἐξελεξά-ιο

142 2130 228 2191 μηυς
258 2099 305 2182 είς
333 2103 369 2184 ἒξ
395 2100 486 2189 ύμιόν
514 2105 586 2172 ίστι
617 2105 783 2190 διάβολος.
829 2105 945 2192 ἐπειδὴ
976 2102 1033 2173 ἀπ’
1066 2103 1164 2195 ἀρχῆς

114 2201 294 2287 μψεόστης
322 2201 391 2269 ίστλ
413 2204 467 2269 καλ
490 2197 784 2287 ἀνθρωποκτόνος,
815 2199 868 2268 ότι
890 2197 908 2267 ό
931 2201 1040 2290 πατήρ
1063 2200 1163 2272 αὐτοῦ

144 2299 294 2385 ψεύστης
321 2289 390 2387 ἦν’.
434 2304 489 2367 καί
518 2301 648 2367 λέλυται
670 2295 690 2387 ἡ
713 2299 832 2365 τούτου
855 2297 996 2386 ζήτησις.
1042 2296 1080 2366 ού
1101 2300 1163 2386 γάρ

140 2399 203 2463 τοῦ
227 2397 385 2482 διαβόλου
408 2387 491 2485 ἦσαν
512 2403 608 2464 τέκνα
630 2398 662 2463 σί
681 2394 845 2475 Ἰουδαῖοι,
867 2395 913 2481 μη
934 2401 1072 2481 γίνοιτο.
1112 2400 1165 2464 λί-

142 2519 197 2580 γει
226 2494 286 2580 γὰρ
313 2491 332 2583 ἡ
355 2501 556 2581 Σαμαρεῖτις
583 2494 668 2578 πρὸς
695 2493 754 2560 τὸν
783 2497 915 2580 σωτῆρα
947 2489 1001 2559 ὅτι
1023 2483 1109 2561 ’κύδε
1130 2494 1164 2562 ίν
1175 2513 1202 2562 15

143 2595 195 2676 τῷ
229 2589 297 2676 όρει
327 2593 435 2681 τούτῳ
463 2592 709 2680 προσεκύνησαν
738 2591 772 2658 οἱ
800 2598 941 2674 πατέρες
969 2585 1078 2677 ἡμῶν,
1110 2595 1163 2660 καί

143 2684 241 2771 ὑμεῖς
270 2691 306 2757 δὲ
334 2693 442 2776 λέγετε
477 2687 529 2756 ότι
558 2691 592 2758 ἐν
623 2686 859 2773 Ἱεροσολύμοις
889 2688 979 2755 ίστλν
1008 2684 1026 2753 ό
1059 2690 1174 2773 τόπος

146 2783 237 2854 όπου
260 2790 312 2855 δεῖ
333 2800 539 2873 προσκυνεῖν.
578 2783 648 2856 ελτα
669 2786 754 2870 μετά
776 2785 887 2853 πολλὰ
909 2781 927 2851 ό
950 2787 1058 2871 σωτὴρ
1082 2783 1163 2875 αὐτῇ
1213 2822 1217 2829 ·

145 2885 210 2972 ἔφη
240 2881 295 2951 ότι
325 2883 367 2953 “ἀ
395 2887 531 2970 σ’ίδαμεν
554 2886 731 2967 λαλοῦμεν,
756 2880 810 2950 ότι
830 2880 850 2970 ἡ
873 2891 1019 2970 σωτηρία
1041 2887 1076 2953 ίκ
1097 2889 1164 2954 τῶν

140 2978 310 3050 Ἰουδαίων
332 2982 428 3051 low.
458 2986 513 3049 καλ
534 2983 636 3050 πόλιν
659 2979 677 3047 ό
700 2977 899 3060 ἀπόστολος,
924 2982 1044 3068 ’δῆλον
1061 2979 1114 3049 ὅτι
1129 2983 1203 3063 ἔξω

138 3081 247 3147 Ἰούδα
269 3078 482 3148 ἀνατέταλκεν
505 3075 523 3146 ό
544 3080 683 3166 κύριος’.
713 3083 768 3147 καί
783 3079 894 3146 πολλὰ
908 3079 979 3146 ἔστι
994 3085 1071 3164 περί
1087 3081 1164 3148 τού·

143 3202 206 3246 του
228 3180 333 3264 λέγειν
355 3182 408 3246 καί
430 3179 570 3264 ἐλέγχειν
592 3179 649 3264 τὴν
672 3177 801 3265 πλάνην
818 3176 947 3243 τούτου.

92 3295 139 3346 618
233 3283 284 3344 64.
313 3277 424 3344 Πάλιν
454 3277 490 3345 δὲ
518 3275 781 3360 ἐπιλαμβάνεται
809 3279 868 3361 τῆς
897 3274 1015 3353 λέξεως
1045 3273 1165 3358 ταύτης

144 3371 201 3442 ότι
232 3373 292 3441 “τὸ
319 3379 393 3460 φῶς
414 3375 448 3442 ἓν
468 3377 508 3462 τῇ
531 3382 646 3461 σκοτίᾳ
669 3381 797 3459 (μαίνει,
825 3372 881 3439 καί
903 3367 922 3457 ἡ
945 3378 1061 3438 σκοτία
1082 3367 1163 3439 αύτὸ

143 3469 185 3540 ού
201 3474 407 3556 κατίλιιβεν,”
425 3469 486 3552 ότι,
510 3475 621 3560 φησίν,
645 3471 760 3538 ίδίωκε
774 3469 813 3537 τό
828 3468 944 3547 σκότος
958 3468 998 3534 τό
1013 3473 1095 3556 φῶς,
1118 3466 1202 3549 ιόςυι

143 3574 214 3638 τῶν
230 3573 384 3657 πονηρῶν
399 3565 564 3656 ἀρχόντων
580 3568 767 3637 διωκόντων
780 3570 834 3634 καί
851 3566 1084 3651 πολεμούντων
1105 3567 1164 3655 τήν

141 3668 304 3754 θεότητα.
336 3668 417 3736 είδὲ
430 3669 678 3752 πολεμούμενον
690 3664 729 3733 τὸ
746 3669 818 3753 φῶς
840 3664 994 3733 διώκεται
1016 3662 1083 3732 ύπὸ
1104 3670 1163 3732 τοῦ

142 3765 301 3846 σκότους,
330 3763 395 3851 ἀρα
422 3765 645 3850 δυνατιύτερόν
668 3764 739 3832 ἐστι
760 3767 818 3831 τοῦ
842 3761 954 3851 φωτὸς
974 3762 1014 3828 τό
1036 3763 1162 3842 σκότος,

143 3862 264 3951 ἐπειδὴ
285 3859 528 3948 ἀποδιδράσκει
548 3856 618 3929 ἀπό
641 3860 828 3947 προσώπου
849 3863 908 3927 τού
931 3860 1077 3941 σκότους,
1108 3859 1164 3926 καὶ

143 3955 204 4046 σύγ
225 3956 408 4049 όφίστατσι
429 3963 546 4046 στῆναι
568 3958 817 4044 ἰνδαλλόμενον,
841 3958 958 4027 διὰτὸ
980 3957 1202 4026 δυνατώτε-εο

143 4083 204 4144 ρον
231 4056 358 4139 σκότος.
403 4052 472 4126 ἀλλ’
497 4053 556 4142 ούχ
582 4054 688 4138 ούτως
716 4057 790 4142 ἕχει.
836 4050 913 4124 ούδί
940 4055 1003 4142 γὰρ
1028 4055 1067 4122 τό
1090 4059 1163 4144 φῶς

145 4156 263 4245 φεύγει
289 4151 347 4224 ἀπ’
372 4156 566 4241 ἔμπροσθεν
592 4158 651 4222 τοῦ
681 4153 835 4234 σκότους,
865 4148 951 4220 ἀλλά
971 4152 1010 4219 τό
1033 4156 1106 4241 φῶς
1128 4154 1163 4222 ίν

143 4258 186 4343 τῇ
208 4261 325 4342 σκοτίη
345 4260 475 4343 φαίνει,
498 4254 553 4322 καί
574 4248 594 4340 ἦ
617 4261 732 4321 σκοτία
753 4246 834 4320 αύτό
857 4246 896 4319 σύ
916 4251 1102 4337 κατέλαβεν.
1132 4254 1162 4322 εί
