2867 5084
570 944 703 997 mm
722 947 930 997 ιωιοιειτιι.
1190 938 1253 1001 483

233 1104 351 1183 φέναι,
391 1090 474 1163 άλλά
495 1099 621 1180 μάλλον
648 1099 705 1183 τῆς
734 1092 896 1182 ἀληθείας
918 1106 1086 1177 πεσεῖται,
1121 1097 1254 1184 δοκήσει

234 1191 406 1279 ὁμολογῶν
427 1194 485 1281 τὴν
509 1195 664 1280 ἕνσαρκου
686 1198 837 1280 Χριστοῦ
859 1203 1062 1280 παρουσίαν·
1089 1192 1254 1263 οὕτωκαὶ

234 1293 270 1361 έν
292 1294 340 1378 τῷ
363 1292 506 1376 παρόντι
527 1304 599 1372 τοῖς
615 1288 784 1379 ἡμετέροις
802 1288 960 1380 άάελφοῖς
976 1294 1069 1360 ἔσται
1084 1290 1103 1381 ἡ
1118 1295 1253 1377 χυάαιο-

235 1393 332 1475 λογία
354 1397 479 1472 ματαία
498 1390 592 1474 χάρις
613 1390 825 1475 τυγχάνουσα.
860 1385 1068 1476 ὡμολόγηται
1089 1391 1149 1476 γάρ
1172 1387 1251 1475 παρ’

235 1482 351 1566 αὐτοῖς
372 1490 482 1554 τεκαὶ
505 1485 582 1572 παρ’
606 1483 693 1573 ἡμῖν,
717 1488 774 1555 ε’άν
795 1487 839 1572 μὴ
861 1490 1008 1554 θέλωσιν
1031 1486 1149 1571 ἑτέρως
1170 1504 1278 1575 ‹ppo-b

206 1596 314 1663 Βνεῖν,
337 1584 453 1663 καθώς
474 1610 561 1663 τινες
582 1582 789 1665 πολλάκις’
771 1580 828 1652 απ’
854 1580 961 1652 αυτῶν
989 1581 1081 1664 άντες
1103 1586 1252 1652 ἑάλωσαν

235 1682 444 1799 πιεζόμενοι,
484 1683 540 1749 διὰ
567 1685 665 1749 τοῦτο
693 1686 747 1749 καὶ
778 1677 972 1801 ἀρνούμενοι
1000 1683 1105 1806 σάρκα
1132 1679 1254 1769 άληθι-

235 1781 373 1867 νηκτόν
396 1779 544 1864 Χριστὸν
567 1780 746 1867 εἰληφέναι,
784 1806 828 1859 ως
850 1778 919 1847 άνω
947 1805 1007 1863 μοι
1032 1781 1167 1867 είρηται,
1202 1778 1255 1848 ὅτι

234 1880 323 1957 τινὲς
323 1877 562 1995 ,ἐτόλμησαν
550 1884 653 1962 λέγειν
677 1873 856 1962 όμοοόσιον
888 1873 973 1946 εἶναι
1001 1878 1059 1961 τὴν
1088 1878 1192 1963 σάρκα
1213 1882 1253 1966 τῇ

236 1970 339 2043 αὐτοῦ
371 1975 518 2055 θεότητι.
571 1969 640 2041 άλλ
670 1975 790 2044 ἐκείνοι
816 1978 876 2059 μὲν
905 1977 1254 2061 παρεκβαλλεοθωσαν
1266 1993 1295 2043 ιο

235 2068 284 2154 ὥς
303 2073 518 2158 μεταγνόντες
546 2073 599 2139 καὶ
628 2073 835 2159 ἐλεγχθέντες
863 2073 920 2140 ε’πλ
942 2077 989 2160 τῷ
1011 2073 1152 2159 τοιούτῳ
1175 2069 1253 2140 άτο·

234 2170 367 2257 πήματι
388 2170 482 2254 παρά
502 2181 574 2250 τοῖς
596 2175 675 2256 περὶ
696 2170 816 2255 σαρκὸς
845 2171 878 2237 έν
905 2166 1018 2249 αὐτοῖς
1040 2173 1148 2250 καλῶς
1170 2172 1253 2257 φρά-

235 2272 341 2336 νοῡσι.
374 2267 508 2347 πάντως
529 2269 590 2353 γάρ
613 2292 680 2334 που
704 2263 837 2348 όαότὸς
858 2263 1096 2351 εόλαβέστατος
1115 2263 1254 2334 Ἀπολι-

236 2365 352 2450 νάριος
375 2360 432 2431 οάκ
455 2360 639 2452 άρνησεται.

205 2486 227 2538 c
323 2470 374 2530 26.
404 2462 446 2529 Εί
467 2470 577 2530 τοίνυν
600 2463 704 2547 σάρκα
730 2465 863 2550 εἴληφεν
892 2463 1002 2530 ἐλθών
1030 2461 1047 2527 ὃ
1078 2463 1173 2550 λόγος
1199 2468 1294 2536 καλιε

233 2556 308 2631 άπὸ
331 2568 468 2647 Μαρίας
490 2561 523 2626 ἰν
546 2556 698 2648 άληθείρ,
729 2556 787 2627 οὐκ
814 2555 883 2627 άπό
906 2568 1096 2645 σπέρματος
1124 2556 1251 2647 άνάρός,

234 2656 323 2729 ἄλλά
345 2658 400 2726 διὰ
422 2659 609 2742 πνεύματος
630 2654 736 2742 άγίου,
759 2658 992 2743 έγκυμονηθεὶς
1009 2661 1045 2726 δὲ
1060 2660 1094 2726 ἐν
1110 2653 1253 2746 άληθείᾳ

234 2760 293 2825 καλ
308 2751 580 2839 άναπλασάμενος
597 2757 725 2835 ἑαυτοῦ,
749 2751 795 2835 ὥς
809 2755 891 2835 θεὸς
902 2759 956 2823 καὶ
971 2757 1121 2844 πλάστης
1133 2752 1180 2824 ὢν
1194 2760 1255 2823 τοῦ

234 2854 505 2940 πρωτοπλάστου
523 2849 706 2938 άνθρώπου
722 2857 775 2920 καὶ
791 2853 936 2934 πάντων,
953 2853 1017 2940 άρα
1031 2881 1067 2941 γε
1083 2850 1140 2922 οόκ
1156 2851 1254 2943 ι’γλατ·

232 2952 332 3038 τώθη
356 2952 466 3020 ἐλθὼν
488 2949 505 3017 ὁ
528 2952 633 3037 λόγος,
657 2946 726 3018 ἀλλ’
751 2953 875 3036 ἔμεινεν
897 2952 932 3019 έν
952 2956 993 3040 τῇ
1016 2952 1086 3040 ίδίρ
1100 2948 1295 3039 άτρέπτῳοη

234 3050 347 3138 φύσει.
387 3047 423 3116 οά
446 3050 507 3136 γάρ
529 3050 639 3135 λαβὼν
666 3049 725 3136 τὴν
754 3049 859 3135 σάρκα
888 3050 1015 3135 τροπὴν
1043 3047 1179 3138 ὑπέστη,
1209 3046 1253 3127 ὠς

234 3143 416 3232 όμοοόσιος
437 3151 509 3234 θεῷ
531 3149 644 3232 πατρὶ,
667 3153 719 3213 καί
744 3142 802 3213 οἰκ
817 3144 989 3230 άλλότριος
1005 3149 1097 3231 παρὰ
1112 3148 1169 3212 τὸν
1186 3174 1254 3212 πα-

232 3253 317 3329 τέρα
338 3248 390 3312 καί
412 3245 452 3311 τὸ
474 3242 567 3331 άγιον
589 3240 690 3311 αὐτοῦ
718 3248 857 3328 πνεῦμα.
902 3244 931 3310 εί
952 3250 1062 3310 τοίνυν
1085 3241 1253 3330 ὡμολόγη-

232 3369 295 3411 ται
317 3346 435 3431 σαφῶς
456 3344 562 3427 σάρκα
583 3337 682 3409 αὐτὸν
705 3342 875 3429 εἰληφέναι
902 3344 955 3407 καί
983 3336 1158 3428 ἡάρόνθαι,
1189 3339 1253 3426 άρα

196 3438 300 3521 ῃοόκ
321 3440 412 3520 ἐκτὸς
434 3444 540 3527 ψυχῆς
567 3439 725 3525 τυγχάνει.
770 3441 838 3505 πᾶν
865 3439 926 3524 γάρ
954 3437 993 3505 τὸ
1023 3434 1295 3524 άάρυνόριενον,ρς

231 3538 325 3625 πλην
346 3542 413 3605 τῶν
435 3533 604 3624 άκινήτων,
629 3536 664 3604 έκ
687 3540 793 3624 ψυχῆς
813 3538 867 3604 καί
889 3536 1042 3621 σώματος
1069 3544 1251 3620 συνέστηκε,

229 3635 381 3705 κατὰτὸ
403 3637 572 3721 εἰρημένου
595 3632 634 3700 “ὁ
657 3637 693 3702 δὲ
711 3629 834 3721 Ἰησοῦς
855 3641 1061 3720 προέκοπτεν
1091 3635 1124 3701 ἐν
1147 3642 1252 3721 σοφίᾳ

228 3736 291 3803 καὶ
315 3728 451 3821 ἧλικίρ,”
473 3734 527 3801 ἵνα
551 3734 638 3819 άείξη
661 3732 720 3820 τὴν
741 3728 868 3820 ἡλικίαν
892 3731 948 3799 διά
962 3731 1020 3819 τὴν
1035 3732 1149 3817 σάρκα.
1183 3728 1254 3818 ἡλι-

229 3840 294 3902 κία
316 3833 352 3899 όέ
374 3826 443 3900 άπὸ
465 3835 523 3919 της
545 3834 660 3914 ψυχῆς,
685 3828 730 3909 ὡς
752 3831 843 3917 ε’φην,
866 3833 919 3896 καί
942 3830 1095 3912 σώματος
1109 3830 1254 3896 τελειοῦ-

228 3956 305 4000 ται.
334 3930 418 4015 μετὰ
441 3931 475 3996 δὲ
490 3953 529 3996 το
516 3928 676 3996 εἰπεῖν·
679 3934 894 4012 προέκοπτεν
911 3923 1037 4042 ηλικίρ”
1060 3921 1295 4042 duo-lomna

229 4031 321 4119 φησί
345 4032 418 4095 “καλ
442 4029 572 4114 σοφί.”ρ
616 4019 703 4092 όων
726 4025 762 4091 δὲ
785 4033 890 4142 σοφία
917 4023 1045 4107 πατρὸς
1073 4024 1146 4100 πῶς
1157 4045 1253 4140 „Q

230 4134 377 4197 έκοπτεν
400 4123 434 4192 έν
456 4130 571 4211 σοφίη,
600 4123 630 4192 εἰ
652 4111 872 4207 άλλότριον’
853 4148 892 4208 ην
914 4120 952 4185 τὸ
974 4122 1088 4198 σκεῦος
1117 4123 1173 4186 νοῦ
1196 4114 1254 4187 άν-

185 4227 433 4310 εοθρωπίνους
464 4223 519 4290 καί
542 4220 617 4289 εί”
594 4246 671 4289 ανευ
693 4216 771 4298 νοός
793 4217 951 4305 έτάγχανε,
984 4242 1062 4373 mog
1086 4223 1191 4354 ροφία
1219 4217 1262 4289 ἐν,

1067 4324 1076 4373 l
