2867 5084
222 987 264 1047 54
452 997 655 1047 mammo?
672 995 767 1045 ιικνκ
785 994 971 1044 mamm
988 994 1017 1040 ιι.

222 1146 438 1230 οιίσχρότατον
471 1147 506 1212 δὲ
536 1146 638 1212 πόλιν
667 1144 769 1212 τὸτὰ
796 1144 913 1229 γὺναια
943 1126 1162 1224 ἀνδρίζεσθαι
1189 1137 1245 1205 καὶ

221 1247 280 1309 τοῦ
304 1239 423 1328 ἀνδρὸς
446 1248 558 1330 φέρειν
580 1241 618 1308 τό
642 1246 759 1357 σχῆμα.
797 1244 851 1308 καὶ
874 1244 948 1319 πῶς
971 1233 1043 1320 οὑχὶ
1064 1232 1184 1324 ἀρετῆς
1207 1230 1244 1301 δν

222 1344 353 1456 πνεῦμα
387 1342 441 1406 καὶ
478 1346 576 1406 θεῖον
611 1336 823 1424 ὑβριζόμενον
860 1340 985 1421 μᾶλλον
1026 1330 1244 1421 εὑρεθὺσεται

224 1437 317 1522 παρὰ
338 1440 396 1503 τοῦ
420 1438 651 1521 πλαστουργοῐι
673 1435 792 1503 τούτου
798 1435 929 1533 Μάνη·
953 1436 1027 1509 πῶς
1049 1433 1083 1497 δὲ
1100 1455 1133 1497 οι
1123 1431 1245 1497 (ἐκδα-

201 1540 332 1618 ορέντες
355 1534 582 1619 οιστροῦνται,·
606 1535 678 1618 λέγε
691 1557 760 1616 μοι,
786 1534 811 1596 ὠ
829 1523 934 1610 οὑτος.
966 1534 1040 1607 πῶς
1056 1530 1091 1594 δὲ
1106 1526 1192 1611 μετὰ
1207 1526 1245 1591 τὸ

198 1635 461 1720 σταυρωθῆναι
484 1630 699 1717 ἓξεδάρησανς
726 1629 813 1695 εἰδὲ
835 1628 890 1694 καί
913 1626 1147 1710 ε’·σταόρωνται,
1163 1628 1245 1740 Ιπῶς

225 1728 435 1813 ἐπιτρέχουσι
448 1755 487 1814 τη
472 1723 731 1844 ἀιηαντουμίνῃ
745 1725 948 1808 δυνάιιειςί
915 1752 933 1790 τ
936 1732 965 1802 ς
977 1725 1012 1790 δε
1025 1719 1175 1801 ἀνέξεται
1186 1725 1243 1787 τοῦ

224 1825 433 1912 βλαοιγημου,
450 1828 508 1889 τοῦ
526 1819 595 1890 ἀπὸ
612 1818 794 1908 ἱδρωτων’
776 1823 941 1905 αρχόντων
958 1817 1041 1909 ὑμᾶς
1056 1825 1267 1906 τρέφεσθαιῐι

226 1919 416 2006 ὁριζομένου
444 1920 499 1987 καί
522 1915 591 1986 ἀπὸ
621 1921 793 2004 ἐκκρίσεως
821 1919 1035 2005 αίσχρότητος
1063 1917 1120 1982 τὸν
1150 1913 1245 1982 ὑετὸν

189 2015 628 2104 1οἡμῖνκαταπέμπεσθαι,
662 2017 773 2084 πόθεν
802 2018 837 2082 δὲ
861 2012 959 2093 αὑτός
981 2014 1076 2097 πόμα
1098 2020 1192 2079 πίνει
1213 2013 1248 2091 ίξ

225 2111 328 2182 ὑετῶν
351 2109 530 2197 ἀρυόμενος
551 2112 635 2196 μετὰ
657 2118 723 2179 τῶν
739 2114 831 2180 ίδίων
851 2109 951 2178 αὑτοῦ
967 2114 1150 2197 μαθητιῦν,·
1174 2113 1247 2186 πῶς

227 2213 262 2279 δὲ
285 2208 322 2277 οὑ
346 2213 586 2296 καταγέλαστος
609 2212 658 2297 είη
682 2208 867 2297 ἡττώμενος
898 2214 937 2297 τῇ
960 2211 1026 2274 τῶν
1050 2212 1246 2290 σωματικῶν

225 2318 326 2397 χρείᾳ,
352 2310 493 2393 ἱδρῶτας
515 2316 640 2390 πίνων,·
674 2312 727 2374 καὶ
751 2309 811 2392 γὰρ
835 2304 980 2392 ἁμαρτία
1003 2306 1166 2390 διάφορος
1188 2307 1246 2387 μὲν

227 2403 376 2491 ὑπάρχει,
407 2402 443 2472 03
468 2405 609 2492 τοσαύτη
634 2406 669 2472 δὲ
693 2406 786 2472 ἐ’σται
810 2401 827 2493 3
851 2411 995 2488 τιμωρία
1016 2406 1063 2488 τῷ
1084 2398 1248 2479 ἀκουσίως

191 2500 449 2591 ιεὺμαρτάνοντι
472 2501 517 2581 ιὺς
538 2505 584 2587 τῷ
606 2503 690 2584 μετὰ
706 2503 858 2580 ἑκουσίας
872 2501 1002 2587 γνώμης
1016 2501 1055 2565 τό
1071 2498 1249 2585 ἁμάρτημα

228 2601 444 2668 ἐπιτελοῦντι.
480 2601 512 2664 οἱ
534 2601 593 2681 μὲν
615 2599 676 2683 γὰρ
700 2598 797 2664 ἄλλοι
813 2599 1002 2681 ἅνθρωποι,
1026 2597 1055 2662 εί
1070 2601 1123 2662 καὶ
1143 2594 1295 2674 οὑτωςίιν

229 2689 275 2781 ἦν,
300 2695 383 2778 ὅπερ
405 2696 448 2781 μη
472 2702 599 2779 γίνοιτο
623 2695 838 2780 (φαντάζεται
868 2695 928 2779 γὰρ
953 2690 970 2759 3
994 2694 1139 2782 ε’μμανης
1161 2693 1250 2760 πλά-

228 2808 311 2872 νος),
345 2787 538 2876 ἀγνοοῦντες
566 2791 708 2874 ἱδρῶτος
736 2794 789 2857 καὶ
819 2791 979 2876 ἐκκρίσεις
1007 2791 1159 2875 αἰσχρὰς,
1196 2787 1250 2857 ὅτι

226 2886 420 2974 ὑδρεύονται
449 2891 503 2954 καὶ
536 2894 709 2967 πίνουσιν,
745 2887 990 3003 οὑγγνωστοιγ
993 2890 1105 2955 ιᾶλλον
1139 2888 1251 2967 ἐλέους

189 2981 431 3070 κοὺπάρχουσιν
464 2982 573 3101 ἤπερ
579 2980 596 3048 3
627 2984 711 3066 μετὰ
743 2988 801 3050 τοῦ
835 2985 1025 3063 συνειδότος
1058 2992 1250 3071 νενυγμένυς

226 3083 347 3199 μάτην,
382 3080 438 3147 διὰ
466 3108 524 3169 την
553 3069 653 3164 ἧτταν
681 3085 739 3170 τῆς
768 3077 946 3161 ἀσθενείας
969 3078 1085 3161 αὑτοῦ,
1121 3082 1156 3149 ἐκ
1183 3087 1250 3148 τῶν

227 3175 327 3246 αὑτοῦ
350 3179 511 3262 πομάτων
532 3177 698 3262 χρώμενος
726 3182 780 3245 καὶ
808 3184 874 3246 τῶν
897 3177 1006 3245 ἀλλων
1034 3182 1100 3246 τῶν
1129 3179 1164 3246 ίκ
1193 3183 1251 3267 τῆς

229 3277 348 3362 σαρκὸς
369 3276 525 3362 χρήσεων.

313 3383 363 3442 34.
395 3377 461 3440 Καὶ
485 3370 595 3439 πολλὰ
618 3371 707 3438 ἔστιν
731 3373 763 3440 ἕν
787 3367 838 3450 οἷς
854 3362 950 3452 οὗτος
965 3374 1108 3456 στόματι
1125 3376 1250 3461 ψευδη·

189 3477 340 3559 κῡγορίυις
355 3471 432 3549 τοίς
453 3465 540 3556 αὑτῳ
529 3464 802 3548 ιτειοθίντας’
785 3470 944 3556 ηπάτηοε.
975 3482 1076 3537 ποῖον
1091 3471 1152 3554 γάρ
1169 3467 1248 3555 παρ’

228 3564 317 3654 αὑτῷ
341 3562 378 3633 οὑ
402 3569 662 3651 καταγέλαστον,
684 3566 724 3632 τὸ
746 3564 905 3655 ἡγεῖσθαι
927 3569 986 3652 μὲν
1009 3568 1051 3634 τὰ
1073 3575 1250 3672 σπέρματα

227 3667 377 3753 βοτανῶν
399 3690 435 3730 τε
457 3663 512 3731 καὶ
533 3663 741 3748 γεννημάτων
769 3663 824 3730 καὶ
847 3661 997 3749 ὀσπρίων
1020 3665 1129 3747 ψυχὰς
1153 3661 1248 3744 εἶναι,

229 3761 273 3843 ιὺς
295 3761 351 3829 καί
377 3760 550 3846 γελοῖον’
536 3760 787 3848 επιχειρησομεν
817 3763 921 3849 λέγειν
950 3761 1033 3828 κατά
1061 3762 1119 3850 την
1149 3758 1277 3835 αὑτοῦε

228 3866 438 3946 μυθοποιίαν
461 3858 547 3942 πρὸς
569 3858 697 3943 ἔλεγχον
720 3854 837 3937 αὑτοῦ,
873 3856 925 3926 ὅτι
954 3861 983 3926 εί
1008 3862 1109 3943 ψυχαὶ
1132 3861 1251 3944 τυγχά-

190 3970 347 4026 3ονουσαι
374 3954 484 4022 κόκκοι
514 3959 620 4040 φακοῦ
649 3958 702 4022 καί
726 3956 892 4042 φαοιόλου
920 3960 973 4023 καί
997 3957 1173 4041 ἐρεβίνθου
1196 3957 1252 4024 καὶ

228 4059 294 4122 τῶν
317 4052 435 4132 ἀλλων,
459 4050 547 4136 ψυχὴ
572 4053 607 4116 δὲ
623 4055 676 4118 καὶ
691 4053 813 4138 ταὺρου
828 4051 847 4143 3
865 4051 956 4140 αὕτη,
980 4054 1149 4121 ἐπαινεταὶ
1166 4057 1253 4137 μᾶλ·

230 4152 287 4217 λον
310 4151 342 4217 οί
365 4152 631 4238 κρεωφαγοὺντες
658 4150 742 4217 κατὰ
768 4151 826 4217 τὸν
855 4147 963 4218 αὐτῶν
989 4151 1086 4238 λόγον
1108 4149 1194 4237 ἤπερ
1219 4153 1253 4218 οὑ

229 4249 289 4325 τὰς
311 4250 483 4325 πολιτείας
505 4245 726 4324 ίξασκοὺντες.
770 4247 859 4315 δέδιε
879 4248 940 4334 γὰρ
962 4252 1045 4316 κατὰ
1068 4249 1126 4334 τὴν
1149 4245 1252 4315 αὑτοῦ

102 4546 230 4676 k.
