2867 5084
351 500 358 511 x

286 939 349 1000 410
514 949 717 997 τοιοιινισν
734 948 830 997 τιτι
849 948 1036 997 mmm
1052 947 1081 995 r.

282 1101 404 1186 τούσης
437 1099 522 1183 πρὸς
549 1098 591 1163 τά
618 1097 826 1184 βουλήματα,
868 1094 932 1164 ὅσα
959 1096 1046 1182 πρὸς
1072 1094 1112 1160 τὸ
1142 1089 1338 1166 άὸύνατονυ

283 1197 536 1279 ίπεκτείνεσθαι
558 1196 647 1262 ἔστιν
670 1194 704 1261 έν
727 1191 814 1282 ἡμῖν.
849 1194 904 1260 καὶ
920 1189 991 1260 οὐδ’
1011 1190 1064 1259 ὅτι
1086 1192 1228 1275 εἴπομεν
1250 1192 1310 1258 τὸν

282 1294 365 1360 θεὸν
381 1293 540 1377 πράττειν
557 1291 574 1359 ὃ
589 1292 754 1376 βούλεται,
778 1291 913 1369 πάντως
939 1293 1041 1370 λέξειέ
1056 1315 1107 1368 τις
1130 1285 1183 1356 ὅτι
1199 1288 1311 1374 πράτ-

283 1416 332 1458 τει
356 1381 412 1457 σύν
435 1390 477 1458 τά
498 1390 542 1478 μή
565 1397 739 1474 πρέποντα
763 1384 800 1454 σύ
824 1389 966 1467 πάντως.
1012 1389 1120 1454 ἐκεῖνα
1142 1387 1205 1471 γὰρ
1228 1386 1310 1472 βού-

258 1491 385 1569 δλεται,
409 1487 430 1556 ἃ
453 1493 506 1555 καὶ
529 1489 679 1571 πράττει,
704 1482 872 1570 ἀναλόγως
894 1490 951 1572 τής
974 1480 1073 1551 αύτσύ
1097 1478 1203 1562 άξίας,
1232 1482 1309 1552 οὕτε

282 1591 341 1654 τοῦ
363 1587 570 1672 βουλήματος
594 1583 873 1668 ἀντιπράττοντος
895 1584 981 1667 πρὸς
1003 1579 1041 1647 τά
1063 1580 1106 1668 μή
1124 1581 1307 1661 δύνασθαι,

283 1683 359 1751 οὔτε
386 1688 445 1749 τοῦ
475 1684 642 1750 δύνασθαι
671 1677 848 1748 άντιθέτσυ
878 1678 974 1759 ὄντος
1007 1678 1093 1761 πρὸς
1120 1677 1160 1743 τὸ
1188 1679 1309 1762 βούλε-

283 1788 382 1857 σθαι,
413 1775 450 1845 ού
475 1779 590 1845 διὰτὸ
613 1780 656 1864 μή
681 1777 863 1856 δύνασθαι,
894 1773 979 1844 ἀλλὰ
1007 1774 1063 1842 διά
1091 1775 1130 1841 τὸ
1157 1778 1203 1862 μή
1226 1776 1309 1860 βού-

283 1880 415 1943 λέσθαι.
495 1950 504 1963 ⁸

245 1984 274 2035 10
368 1981 396 2040 2.
429 1976 495 2039 Καὶ
518 1972 635 2051 άλλως.
674 1974 773 2040 Μετὰ
801 1973 858 2060 τήν
887 1971 1042 2057 τοιαύτην
1070 1964 1248 2038 άπάθειαν
1272 1972 1306 2039 έν

280 2075 353 2157 θεῷ
377 2068 598 2154 ύπάρχουσαν,
627 2070 661 2136 έν
682 2067 762 2157 ἡμῖν
786 2072 821 2136 δὲ
843 2069 898 2136 καὶ
921 2067 1035 2146 ἄλλοις
1056 2076 1214 2151 κτίσμασι
1238 2094 1307 2135 πα-

280 2170 387 2257 θητήν
416 2160 533 2250 οὖσαν,
573 2169 628 2235 ἐὰν
659 2172 766 2254 συμβή
801 2164 905 2244 σύτως
934 2168 1164 2244 διανοεῖσθαι,
1199 2167 1348 2233 πάλινθυι

281 2268 391 2350 ἕτερον
420 2269 537 2346 πάθος
564 2265 647 2332 κατὰ
680 2267 738 2351 τήν
768 2260 931 2352 ἀλήθειάν
960 2265 1049 2331 ἐστιν
1073 2259 1305 2350 ὁμολογητέον,

270 2365 363 2449 ’μετὰ
386 2365 481 2432 δὲτὸ
505 2365 655 2449 δεύτερον
677 2363 732 2429 καί
755 2370 865 2447 τρίτον
888 2363 960 2429 ἔστι
975 2364 1204 2447 διανοηθῆναι.
1238 2361 1307 2428 πά-

243 2469 339 2529 Ιὸθει
360 2467 522 2547 γεννῶμεν
544 2464 599 2529 καὶ
621 2462 824 2547 γεννώμεθα,
849 2463 907 2546 τής
920 2455 1079 2546 ἡμετέρας
1095 2458 1228 2545 φύσεως
1250 2462 1307 2525 καί

279 2564 337 2646 τής
359 2566 424 2626 τιῦν
448 2559 556 2627 άλλιυν
579 2563 644 2625 τῶν
667 2563 876 2643 γεννωμένων
906 2556 962 2623 καὶ
989 2556 1176 2642 γεννώντων
1198 2555 1305 2642 τομήν

278 2653 521 2741 ὑποδεχομένης
554 2661 608 2723 καὶ
631 2656 725 2738 ῥύσιν
749 2655 937 2739 ἐπεχούσης,
973 2653 1166 2736 πλατυσμόν
1188 2678 1226 2720 τε
1249 2651 1306 2719 καὶ

278 2755 450 2840 συστσλήν,
482 2755 576 2836 άγκον
599 2779 634 2819 τε
657 2756 709 2818 καί
732 2759 881 2835 μείωσιν,
916 2751 971 2818 καί
1001 2751 1043 2817 τά
1072 2748 1157 2817 ἄλλα
1179 2748 1303 2829 πάντα,

279 2847 407 2934 ὅσαπερ
430 2851 540 2916 πάθει
563 2855 732 2931 συνέχεται
761 2848 817 2915 διὰ
846 2849 904 2936 τήν
930 2848 1085 2936 τοιαύτην
1109 2848 1229 2914 αἰτίαν.
1270 2847 1304 2915 ἐν

239 2951 349 3033 Mag]
374 2950 409 3014 δὲ
432 2942 527 3013 σύδὲν
549 2947 675 3013 τούτων
698 2947 732 3013 έν
755 2951 801 3033 τῷ
823 2948 880 3013 τὸν
900 2946 971 3013 υἱὸν
985 2951 1205 3031 γεγεννηκέναι
1230 2945 1307 3012 ένο-

277 3047 409 3132 ττήρξεν.
449 3045 478 3112 εἰ
499 3046 559 3131 γὰρ
585 3040 728 3130 ύπήρξεν
759 3046 792 3112 ἓν
821 3071 854 3110 τι
882 3049 948 3110 τῶν
978 3044 1138 3110 τσιούτιον
1161 3043 1193 3109 έν
1216 3046 1303 3129 θεῷ,

276 3144 360 3211 κατὰ
381 3144 438 3231 τήν
461 3143 731 3232 προφασιστικήν
754 3143 801 3220 εἰς
823 3137 1013 3227 ἀνατροπὴν
1029 3145 1087 3208 τοῦ
1102 3139 1335 3226 γεννήματσςΒ

277 3238 450 3321 ὑπόνοιαν,
485 3238 554 3309 άπὸ
578 3244 636 3306 τού
660 3241 773 3323 ἑτέρου
801 3235 884 3305 καθ’
910 3235 996 3324 ἡμᾶς
1017 3245 1136 3323 μέρους
1164 3233 1306 3304 ἀντιθέ-

276 3364 341 3415 τως
375 3338 460 3421 πρὸς
490 3335 610 3417 αύτούς
632 3340 747 3425 ῥητέον
778 3334 830 3403 ὅτι
859 3337 891 3404 έν
920 3333 999 3422 ήμῒν
1027 3347 1099 3414 τοῖς
1128 3335 1161 3402 έν
1190 3335 1306 3402 πάθει

238 3440 414 3520 τσγεννιῡσί
442 3461 477 3501 τε
510 3440 563 3503 καὶ
592 3443 807 3521 γεννωμένοις
844 3435 959 3511 πάθος
988 3433 1056 3500 ἐστὶ
1087 3433 1239 3517 δεύτερον
1268 3433 1303 3501 ἐν

276 3535 322 3617 τῷ
345 3530 463 3611 κτίζειν
486 3536 540 3598 καὶ
563 3534 733 3617 πάσχομεν
763 3533 796 3600 ἐν
825 3536 871 3618 τῷ
899 3534 1013 3616 γεννᾶν
1041 3557 1077 3596 τε
1104 3532 1157 3597 καὶ
1186 3533 1304 3615 γεννᾶ·

276 3637 370 3697 σθαι.
408 3628 490 3706 θεὸς
519 3632 554 3696 δὲ
579 3627 596 3694 ὁ
619 3628 703 3715 παρ’
728 3626 806 3714 ύμῖν
828 3637 959 3715 κτίστης
986 3632 1039 3694 καὶ
1071 3622 1107 3694 ού
1137 3626 1302 3713 γεννήτωρ

276 3728 528 3810 ἓπινοσύμενος,
564 3731 598 3792 οἳ
620 3727 677 3794 διὰ
698 3731 758 3812 μὲν
780 3728 820 3793 τὸ
848 3733 962 3813 γεννᾶν
992 3722 1240 3809 άνατρεπτικῶς
1263 3749 1303 3791 το

275 3827 391 3903 πάθος
423 3830 649 3912 παραφέρετε,
684 3827 740 3893 ἵνα
770 3825 828 3912 τήν
862 3827 935 3893 υἱοῦ
969 3823 1167 3910 γνησιύτητο
1200 3816 1304 3910 ἀρνή-

235 3930 398 4006 ῧθσησθε,
431 3923 518 4010 λήθη
543 3925 578 3988 δὲ
601 3923 830 4007 τιαραδιδύατε
856 3924 894 3986 τὸ
925 3923 982 3989 ἐπὶ
1013 3926 1059 4006 τῷ
1088 3922 1207 4000 κτίζειν
1230 3919 1303 3986 πά·

274 4027 354 4099 θος,
394 4016 476 4106 ὅπερ
499 4023 553 4086 καὶ
576 4016 657 4086 αύτὸ
686 4022 720 4087 ἐν
744 4022 831 4105 θεῷ,
866 4017 904 4085 σύ
928 4019 1044 4096 πάθος
1066 4013 1223 4101 ὑπάρχει,
1252 4016 1300 4099 μύ

272 4124 409 4200 γένοιτο.
456 4116 532 4185 οὔτε
560 4118 620 4202 γὰρ
648 4115 743 4204 ἡμεῖς
771 4116 887 4194 πάθος
921 4112 1009 4201 αύτῷ
1044 4114 1331 4199 προσάπτσμεν,0

273 4207 510 4298 ὁμολογοῦντες
532 4211 632 4281 αύτὸν
654 4224 787 4301 κτίστην
816 4212 896 4280 ὄντα
923 4217 990 4279 τῶν
1020 4208 1189 4289 ἁπάντων,
1219 4210 1301 4281 ούττ
