2867 5084
715 542 722 561 Ι

579 990 700 1044 ικκιιι.
722 994 922 1046 mmmm.
1200 984 1261 1048 ³21

237 1141 440 1228 πσεήσαιτο;
472 1136 493 1230 ή
516 1145 614 1227 δήλου
643 1140 689 1223 ῶς
720 1145 846 1223 παντὸς
873 1140 1053 1229 ἀρχομένου
1081 1151 1136 1213 καί
1165 1147 1266 1233 λόγου

236 1243 294 1305 καὶ
317 1240 412 1326 ἔργου
434 1241 594 1328 προσήκει
627 1242 685 1329 τήν
708 1242 836 1328 εἰρήνην
866 1241 966 1330 ἀρχήν
995 1250 1175 1311 ποιεῖσθαι
1207 1245 1263 1311 καὶ

236 1339 342 1416 τέλος,
377 1341 432 1404 καὶ
455 1334 513 1404 ἀπ’
538 1335 639 1426 αῦτής
666 1333 865 1423 ἀρχομένους
892 1340 948 1406 καὶ
971 1341 1018 1420 εἰς
1040 1336 1140 1426 αῦτήν
1161 1368 1263 1408 κατα-

238 1435 368 1519 λήγειν,·
403 1439 502 1501 τοῦτο
530 1437 590 1520 γάρ
621 1460 722 1522 φησιν
752 1432 770 1500 ό
799 1431 990 1515 ἀπόστολος
1022 1433 1261 1524 ἀποβήσεσθαι

240 1531 288 1610 είς
316 1539 482 1617 σωτηρίαν
512 1534 568 1599 διά
595 1537 653 1619 τής
681 1530 772 1616 ὑμῶν
800 1533 942 1620 δεήσεως
970 1534 1025 1599 καὶ
1047 1533 1285 1621 ἐπιχορηγίαςε

235 1632 297 1694 τοῦ
321 1628 518 1711 πνεύματος,
543 1629 561 1694 ὃ
584 1632 722 1697 δίδωσιν
741 1626 863 1715 Ἰησοῦς
884 1642 955 1710 τοῖς
976 1631 1191 1698 πιστεύουσιν
1214 1633 1261 1712 είς

212 1721 348 1792 ὓαῦτόν.
379 1731 431 1792 καί
457 1728 522 1794 εἴτε
545 1728 721 1813 οἰκοδομήν
744 1730 858 1814 λαλσίη
874 1753 934 1806 τις,
959 1730 1025 1795 εἴτε
1041 1729 1259 1815 παράκλησιν,

237 1824 305 1890 εἴτε
320 1824 537 1907 παραμύθιον
554 1819 693 1910 ἀγάπης,
718 1826 785 1892 εἴτε
798 1832 972 1891 κοινωνίαν
988 1826 1184 1910 πνεύματος,
1203 1825 1259 1893 διά

235 1923 295 2005 τής
317 1920 446 2007 εἰρήνης
463 1925 522 2008 τής
544 1922 627 1988 κατὰ
649 1923 731 1988 θεὸν
754 1929 980 2006 παραγίνεται,
1006 1918 1044 1988 οῦ
1066 1923 1130 2010 μήν
1153 1928 1258 1990 πᾶσιν

234 2012 446 2101 ἀδιορίστως,
461 2015 546 2085 ἀλλὰ
557 2031 628 2097 τοῖς
640 2014 796 2102 ἀγαπῶσι
807 2021 865 2085 τόν
878 2021 988 2102 νόμον,
997 2017 1043 2099 ῶς
1054 2017 1072 2085 ὁ
1085 2022 1259 2108 προφήτης
1270 2037 1298 2087 10

235 2123 340 2200 φησί·
361 2115 420 2181 τόν
443 2116 543 2198 νόμον
567 2112 605 2181 οῦ
621 2117 678 2181 τόν
694 2117 891 2197 σωματικόν,
917 2117 953 2195 ὃς
968 2119 1078 2184 είκόνα
1094 2121 1146 2184 καὶ
1164 2119 1259 2185 σκιάν

235 2213 301 2292 ἔχει
324 2216 391 2277 τῶν
413 2214 608 2296 μελλόντων,
636 2209 721 2279 ἀλλὰ
743 2213 800 2278 τόν
822 2216 1053 2298 πνευματικὸν,
1085 2214 1121 2293 ὃς
1144 2220 1260 2301 σοφῶς

235 2304 460 2377 ἀνακαλύπτει
478 2315 544 2377 τῶν
567 2318 925 2398 προαναφωνηθὲντων
947 2312 1004 2398 τήν
1024 2313 1166 2394 ἔκβασιν.
1191 2313 1260 2379 “εί·

234 2407 315 2493 ρήνη
339 2405 417 2492 γάρ”
440 2409 523 2494 φησὶ
546 2407 673 2495 “πολλή
695 2420 767 2487 τοῖς
783 2405 940 2493 ἀγαπῶσί
955 2433 1001 2487 σε,
1025 2413 1078 2475 καὶ
1095 2405 1152 2475 οῦκ
1168 2411 1258 2476 ἔστιν

236 2500 352 2582 αῦτοίς
374 2505 584 2584 σκάνδαλον,”
618 2502 663 2583 ῶς
686 2507 784 2590 δήλου
807 2501 892 2572 εἶναι
915 2502 968 2572 ὅτι
989 2506 1067 2585 τοῦς
1088 2509 1146 2594 τήν
1170 2507 1257 2594 είρή-
1269 2524 1296 2574 15

236 2626 294 2686 νην
326 2602 548 2688 μεμισηκότας
575 2608 666 2685 μένει
699 2603 738 2667 τὸ
772 2604 968 2681 σκάνδαλον,
1009 2605 1064 2669 καὶ
1095 2605 1257 2691 προσήκει

185 2713 219 2763 c
235 2697 314 2776 τοὺς
335 2699 461 2765 τούτων
484 2700 754 2787 ίλευίίερωθήναι
787 2705 980 2779 ποθοῦντας
1012 2700 1169 2785 καθάπερ
1192 2710 1258 2768 δυ·

232 2795 310 2878 ρτόν
332 2822 407 2862 τινα
429 2798 683 2881 προβάλλεσθαι
704 2797 763 2883 τήν
785 2794 915 2885 ἀγάπην
938 2799 1024 2883 πρὸς
1052 2800 1109 2864 τὸν
1131 2800 1253 2884 κόριον.

233 2889 358 2971 “αῦτὸς
378 2893 439 2979 γάρ
462 2895 551 2961 ἐστιν
572 2891 592 2982 ή
615 2895 724 2982 είρήνη
747 2891 848 2982 ήμῶν,
873 2893 891 2960 ό
914 2895 1059 2983 ποιήσας
1080 2895 1122 2961 τά
1144 2893 1257 2983 ἀμφό-

226 3016 314 3074 τερα
337 2994 386 3070 ἓν,
420 2992 535 3058 καὶτὸ
562 2993 756 3075 μεσότοιχον
778 2998 836 3058 τοῦ
867 2997 1019 3079 φραγμοῦ
1050 2994 1166 3072 λύσας,
1195 2994 1296 3081 τήνυυ

225 3090 362 3171 ἔχθραν
383 3088 416 3154 ἐν
438 3094 477 3212 τή
500 3091 606 3173 σαρκὶ,
629 3090 686 3155 τὸν
710 3090 810 3172 νόιιου
825 3094 891 3156 τῶν
907 3091 1048 3156 ἐντολῶν
1064 3091 1097 3156 ἰν
1114 3092 1256 3173 δόγμασι

221 3187 469 3272 καταργήσαςΓ
511 3193 566 3252 καὶ
599 3186 675 3254 οάτε
707 3213 816 3302 τηρειν
845 3188 916 3253 ἔστι
947 3187 1006 3271 τήν
990 3185 1167 3272 νίντολήν
1196 3191 1256 3251 τσῦ

218 3289 358 3401 κυρίου,
386 3282 432 3399 μή
453 3286 511 3370 τής
533 3279 663 3369 ἀγάπης
684 3288 742 3349 τοῦ
766 3287 849 3351 θεοῦ
873 3289 1127 3369 προηγουμένης.
1174 3283 1252 3350 “ἒάν

216 3381 293 3465 γάρ
318 3373 469 3464 ἀγαπᾶτέ
490 3385 547 3463 με”
577 3386 669 3468 φησὶ,
704 3382 783 3459 “τάς
813 3381 946 3458 ίντολάς
973 3380 1033 3458 τάς
1055 3379 1136 3461 ἐμὰς
1157 3379 1255 3466 τηρή-

217 3480 337 3555 σττεξ
361 3475 436 3544 οῦτε
459 3482 673 3564 φωτισίίήναι
696 3502 773 3555 τους
797 3474 1045 3563 ὀφθαλμοῦς’
1014 3476 1160 3602 οότετήν
1176 3504 1250 3561 καρ-
1237 3492 1294 3542 -w

218 3577 318 3653 δίαν,
348 3572 392 3661 μή
415 3579 473 3660 τής
494 3576 627 3661 ίντυλής
650 3574 866 3661 φωτιζοῦσης.
911 3575 1102 3661 “ίντολή
1067 3580 1147 3660 γαρ”
1170 3599 1252 3661 φησι

185 3673 370 3756 ιΝκυρίου
396 3671 558 3758 τηλαυγής
586 3674 776 3758 φωτίζουσα
804 3667 1037 3758 ὀφθαλμοῦς·”
1083 3668 1151 3738 ἀλλ’
1177 3673 1254 3738 οῦδὲ

223 3768 331 3856 λόγον
353 3764 515 3855 ἀληθείας
537 3775 724 3854 προέσθαι,
759 3769 788 3836 εί
809 3768 853 3856 μή
882 3796 934 3848 τις
960 3771 1025 3852 ἔχει
1046 3774 1194 3852 Χριστὸν
1218 3769 1252 3834 ἐν

228 3866 341 3952 λαυῐῷ
365 3867 536 3944 λαλοῦντα,
560 3866 643 3932 κατά
664 3867 723 3932 τὸν
738 3868 874 3952 λέγοντα
897 3866 948 3933 “εί
970 3865 1106 3951 δοκιμήν
1130 3867 1255 3950 ζητεῖτε

227 3969 286 4033 τοῦ
314 3962 349 4030 ἐκ
373 3962 445 4046 ἐμοὶ
462 3966 640 4042 λαλοῦντος
655 3967 833 4048 Χριστοῦ,”
854 3964 980 4047 μᾶλλον
1003 3964 1039 4028 δὲ
1062 3957 1099 4027 οῦ
1116 3963 1295 4027 λαλοῦν-30

232 4086 285 4141 τος
307 4059 422 4144 μόνον,
446 4055 606 4127 ἀλλὰκαὶ
630 4061 808 4138 ἐλεοῦντος.
847 4061 966 4126 “ἔλθοι
988 4059 1065 4144 γάρ”
1087 4068 1168 4144 φησί
1193 4059 1252 4123 “τὸ

234 4158 323 4237 ἔλεός
345 4180 407 4224 σου
433 4160 486 4225 καί
515 4157 554 4225 τό
577 4157 740 4245 σωτήριόν
763 4181 823 4223 σου
845 4151 896 4223 ἐπ’
922 4156 994 4238 ἐμὲ,
1028 4157 1083 4222 καί
1112 4149 1252 4239 ἀποκρι-

231 4254 384 4341 δήσομαι
411 4265 483 4333 τοῖς
511 4250 710 4337 ὀνειδίζουσί
742 4277 803 4339 μοι
831 4252 955 4340 λόγον.”
1008 4249 1092 4336 ὅπερ
1125 4247 1184 4319 σῦκ
1211 4247 1265 4339 ἀν,

280 4355 429 4410 epiphanus.
449 4356 487 4399 111.
635 4390 652 4409 ς
1068 4357 1099 4408 ²1
1221 4366 1362 4424 n
