2867 5084
240 880 253 938 l
270 880 288 936 4
465 892 671 945 Bmmloy
687 894 783 944 ΚΑΤΑ
799 894 986 945 mmm
1001 898 1032 944 B.

242 1036 321 1109 ὅταν
348 1040 409 1126 γὰρ
439 1040 537 1128 εἰπης
566 1039 760 1126 ὁμοούσιον,
797 1038 836 1110 ού
863 1045 1067 1134 συναλοιφὴν
1096 1050 1260 1131 σημαίνει

240 1138 279 1205 τὸ
306 1137 367 1224 γὰρ
391 1133 570 1220 ὁμοούσιον
592 1134 651 1223 ούχ
672 1140 746 1221 ἑνός
767 1140 838 1209 έστι
851 1142 1073 1229 σημαντικὸν,
1102 1137 1260 1210 οὐδὲτοῦ

240 1233 336 1314 ὄντος
365 1235 437 1302 υλοῦ
467 1234 552 1319 πρὸς
580 1244 709 1323 πατέρα
737 1245 870 1325 γνησίου
892 1241 951 1324 τὴν
973 1234 1090 1308 οῦσίαν
1113 1240 1258 1327 διίστησι

238 1335 293 1399 καί
316 1332 374 1420 την
396 1327 583 1401 ὑπόστασιν
606 1328 837 1421 ἀπαλλοτρισῑ,
862 1336 978 1404 διὰτὸ
1001 1333 1190 1421 δμοούσιον.
1219 1330 1256 1403 ού

215 1428 300 1515 ὁγὰρ
323 1425 423 1514 ἀρχὰς
446 1429 504 1495 δύο
527 1430 676 1518 κηρύττει
699 1429 716 1497 ὁ
739 1437 835 1511 θεῖος
857 1433 969 1519 λόγος,
993 1428 1077 1502 ἀλλά
1097 1441 1179 1518 μίαν
1199 1428 1255 1517 ἀρ·

237 1526 305 1615 χήν.
323 1526 571 1608 “οονεληύσεται
585 1529 664 1614 γὰρ”
675 1536 778 1618 φησίν
792 1526 830 1595 “ύ
846 1525 935 1615 οἰκος
946 1527 1051 1597 ’ίούδα
1065 1533 1119 1597 καί
1136 1526 1154 1596 ό
1170 1525 1255 1608 οἰκος

235 1619 370 1711 Ἰσραὴλ,
394 1627 446 1690 καί
464 1625 629 1711 θήσονται
645 1626 776 1705 ἑαυτοῖς
791 1621 890 1713 ἀρχὴν
904 1632 1019 1711 μίαν”.ι
1040 1624 1057 1692 δ
1072 1635 1183 1694 τοίνυν
1199 1621 1254 1710 ἀρ-

236 1723 296 1804 χὰς
325 1721 383 1786 δύο
408 1722 572 1806 κηρύττων
595 1723 654 1789 δύο
677 1723 778 1802 θεούς
799 1724 963 1811 κηρύττει,
993 1727 1047 1790 καὶ
1070 1720 1088 1790 δ
1111 1719 1276 1807 ἀναιριῦκί

237 1818 295 1885 τὸν
325 1818 420 1902 λόγον
449 1827 502 1885 καί
531 1819 589 1906 τὴν
618 1815 720 1886 αύτοῦ
743 1816 927 1887 ἀπόστασιν
947 1817 1149 1905 Ἰουδαίομύν
1172 1816 1255 1889 ύπο·
1291 1884 1297 1897 ,

202 1923 361 2003 ιθηναίνει.
393 1922 556 2001 Μαρκίων
577 1916 638 2002 γὰρ
662 1917 722 1983 δύο
745 1912 845 2001 ἀρχὰς
868 1902 1058 2005 ύποφαίνίι,
1082 1918 1255 2002 μᾶλλονδὲ

238 2025 327 2099 τρεῖς
349 2014 483 2090 ἑαυταῖς
505 2014 663 2092 ἐναντίας.
695 2015 727 2081 οἱ
749 2016 786 2081 δὲ
801 2021 870 2082 νέοι
881 2011 1045 2096 Ἰουδαῖοι,
1069 2023 1258 2100 Σαμοσατλ·

238 2136 296 2179 ται
317 2099 418 2191 οῦτοι,
443 2105 616 2196 ἀναιροῦσι
637 2111 696 2197 τήν
717 2107 905 2180 ύπόστασιν
926 2117 985 2179 τοῦ
1001 2115 1109 2200 λόγου,
1132 2114 1190 2180 ἵνα
1203 2138 1257 2180 κο·

239 2207 404 2295 ριοκτόνοι
426 2215 478 2275 καί
502 2203 596 2274 αύτοί
619 2203 853 2296 ἀποφανθιῦοι
873 2213 928 2277 καὶ
944 2210 1187 2298 ἰπαρνηοίθεοι
1200 2214 1257 2296 τῆς

239 2311 298 2373 τοῦ
320 2312 432 2391 κυρίου
453 2301 546 2392 ἡμῶν
569 2315 745 2393 σωτηρίας.
852 2364 855 2369 .

205 2421 232 2469 15
325 2411 403 2469 Μία
424 2407 501 2489 γοῦν
523 2400 542 2490 ἦ
566 2399 645 2491 ἀρχὴ
668 2408 723 2471 καὶ
744 2405 781 2484 ἐξ
801 2399 901 2491 αὐτῆς
923 2400 941 2469 ύ
964 2405 1034 2484 οἰὸς
1055 2403 1150 2473 εἰκιύν
1166 2401 1287 2490 &xpe-⁰

240 2501 309 2588 βίης,
333 2501 433 2586 φύσει
454 2499 640 2567 ἰκτυποῦοα
662 2500 720 2566 τὸν
744 2501 830 2566 ἰδιον
849 2508 977 2586 πατέρα
992 2504 1045 2568 καί
1061 2498 1161 2585 όμοία
1176 2501 1260 2569 κατὰ

241 2597 352 2663 πάντα
385 2595 525 2678 τρόπον,
553 2592 709 2674 ὅτιθεὸς
731 2596 766 2662 ἐκ
787 2601 870 2663 θεοῦ
892 2602 945 2664 καί
968 2598 1041 2677 οἰὸς
1063 2598 1097 2665 ἰκ
1119 2597 1259 2682 πατρὸς,

241 2693 323 2771 θεὸς
351 2687 512 2779 ’ἀληθινὸς
538 2693 571 2759 ἐκ
593 2696 676 2760 θεοῦ
699 2690 878 2778 ἀληθινοῦ,
907 2699 960 2761 καὶ
984 2698 1057 2782 φῶς
1078 2694 1112 2762 ἐκ
1134 2694 1259 2781 φωτὸς,

239 2797 302 2875 μία
324 2779 407 2856 ούσα
428 2787 550 2875 θεότης
570 2793 625 2857 καί
646 2793 680 2858 ἓν
703 2786 841 2873 ἀξίωμα.
872 2792 925 2858 διό
943 2816 1028 2880 φησι
1044 2791 1259 2879 ’ποιήσωμεν

204 2885 425 2972 ίοάνθρωπον
452 2883 519 2953 κατ’
552 2887 661 2955 εἰκόνα
692 2884 851 2974 ἡμετέραν
879 2892 932 2956 καὶ
962 2886 1037 2959 καθ’
1068 2885 1258 2974 ύμοίωσιν”.

243 2983 319 3052 οῦτε
348 2978 414 3051 κατ’
440 2983 549 3051 εἰκόνα
571 2985 646 3069 σὴν,
679 2985 735 3051 ἰνα
756 2985 799 3073 μὴ
823 2986 929 3074 διέλη,
959 2984 1035 3053 ούτε
1055 2980 1122 3052 κατ’
1148 2986 1262 3054 εἰκόνα

243 3082 331 3170 δμὴν,
354 3083 410 3148 ἵνα
430 3082 474 3168 μη
498 3076 654 3165 ἀνόμοιον
676 3085 728 3149 καὶ
748 3079 862 3150 ἀνισον
878 3078 1046 3171 ἀποφύνη,
1063 3078 1129 3149 κατ’
1147 3082 1262 3151 εἰκόνα

243 3180 279 3248 δὲ
300 3176 467 3264 ἡμετέραν.
498 3182 550 3245 καί
573 3179 611 3245 τὸ
634 3180 835 3267 ποιήσωμεν,
859 3180 978 3268 ἵναμὴ
1001 3177 1174 3265 ἀλλότριος
1195 3171 1216 3268 ἦ
1239 3176 1259 3247 δ

243 3277 352 3362 πατὴρ
374 3280 439 3347 τῶν
460 3282 639 3363 γενομένων
662 3273 716 3343 ὑπ’
742 3272 851 3355 αύτοῦ,
874 3278 958 3364 μηδὲ
974 3274 991 3342 ό
1006 3277 1182 3364 μονογενὴς
1197 3274 1256 3345 ἀλ·

204 3373 374 3460 ίίιλότριος
401 3376 459 3459 τῆς
487 3375 707 3459 δημιουργίας.
752 3369 836 3440 ἀλλὰ
864 3369 882 3439 δ
910 3373 1019 3461 πατὴρ
1044 3374 1103 3441 σύν
1124 3379 1170 3461 τηῦ
1194 3376 1257 3462 υἱῷ

245 3473 442 3558 δημιουργεῖ,
466 3475 518 3539 καί
542 3467 560 3537 δ
583 3472 662 3551 υλύς,
686 3466 728 3537 δι’
746 3461 785 3538 ού
806 3469 848 3537 τὰ
869 3472 979 3538 πάντα
995 3478 1113 3557 γέγονε,
1137 3473 1297 3560 συνδη-οι

242 3567 398 3654 μιουργὸς
425 3572 472 3653 τηῦ
495 3572 612 3654 πατρὶ,
643 3576 696 3635 καὶ
720 3568 777 3635 διὰ
797 3568 835 3633 τὸ
861 3567 897 3649 ἐξ
916 3564 1016 3635 αύτοῦ
1040 3573 1258 3658 γεγεννῆσθαι

244 3665 302 3733 τὸν
325 3663 406 3743 υἱὸν,
429 3661 477 3744 εἷς
498 3665 579 3744 θεὸς
601 3669 733 3746 τέλειος,
758 3665 792 3733 ἰκ
813 3669 939 3734 τελείου
960 3668 1097 3754 πατρὸς,
1119 3670 1172 3734 καὶ
1190 3693 1259 3734 πα-

244 3763 304 3852 τὴρ
319 3764 443 3840 τέλειος
457 3764 582 3831 τελείου
598 3764 680 3842 υἱοῦ,
703 3768 761 3850 τῆς
776 3767 936 3850 πατρικῆς
950 3766 1153 3852 τελειότητος
1167 3764 1259 3846 ἔχον-

208 3873 303 3941 οθτος
324 3858 381 3945 τήν
404 3859 526 3939 εἰκόνα,
551 3861 644 3927 εἰκὼν
667 3865 750 3928 θεοῦ
771 3864 830 3926 τοῦ
853 3857 1012 3944 ἀοράτου,
1036 3856 1259 3945 ούπσράδει-

246 3985 313 4045 γμσ
328 3958 460 4037 εἰκόνος,
484 3952 541 4023 ούκ
556 3957 650 4025 εἰκών
666 3958 798 4037 εἰκόνος,
822 3955 880 4024 ούκ
896 3953 1061 4044 ἀνόμοιος,
1078 3953 1145 4026 ἀλλ’
1164 3958 1259 4026 εἰκὼν

247 4059 306 4121 τοῦ
333 4055 475 4143 πατρὸς,
504 4055 559 4121 ἵνα
586 4055 624 4120 τὸ
647 4051 898 4141 ἀπαράλλακτον
921 4057 1008 4142 δείξῃ
1030 4058 1088 4141 τῆς
1109 4050 1179 4123 ἀπὸ
1201 4060 1260 4125 τοῦ

249 4149 389 4237 ἀνάρχου
411 4156 465 4221 καλ
486 4146 623 4239 ἀχρόνοο
645 4153 822 4240 γεννήσεως
848 4154 881 4221 ἐν
904 4150 1055 4240 ἀληθείη.
