2867 5084
185 159 1362 499 u

585 996 679 1051 ινινι.
697 1000 904 1051 mmmm.
1121 1059 1124 1076 Ι
1215 986 1256 1050 29

236 1147 351 1235 ὄφεως
372 1148 412 1216 τὸ
435 1148 600 1236 σφαλερὸν
622 1152 680 1237 τῆς
701 1150 889 1238 λπιμάσεως
908 1153 962 1218 καὶ
986 1144 1174 1235 άνέρειστον
1198 1155 1258 1239 τῆς

235 1249 305 1312 τιῦν
328 1249 443 1314 ποδιῦν
467 1246 656 1334 στερήσεως.

331 1353 376 1411 11.
410 1338 576 1411 Ἐντεῦθεν
610 1340 627 1408 ὁ
656 1343 778 1431 Μάνης
805 1339 1015 1428 ἀποδράσας,
1048 1347 1257 1429 βουλομένων

238 1444 307 1507 τιῦν
330 1440 441 1529 δήμων
464 1435 563 1507 αύτὸν
586 1442 818 1528 λιθοβολῆσαι,
842 1443 872 1509 εί
892 1441 936 1529 μή
953 1439 1006 1508 ῦτι
1020 1445 1194 1528 παρῆλθεν
1210 1444 1258 1522 είς

237 1544 342 1620 μέσον
375 1536 573 1622 Μάρκελλος
606 1541 659 1604 καλ
687 1543 734 1626 τῷ
763 1540 923 1624 αἰδεσίμηι
951 1534 1051 1606 αύτοῦ
1082 1541 1280 1624 προσώπηιὸ

240 1635 498 1722 κατεδυσιύπησε
523 1634 601 1712 τούς
623 1635 766 1722 δήμους,
801 1636 873 1704 imi
904 1631 944 1703 ὃν
973 1631 991 1701 ὁ
1018 1636 1120 1716 τάλας
1146 1635 1256 1722 νεκρὸς

210 1755 229 1802 υ
236 1739 347 1816 μένων
369 1732 475 1798 πάλαι
497 1732 674 1810 ἐτεθνήκει.
698 1728 911 1820 ἀναχωρήσας
933 1733 969 1799 δὲ
991 1734 1118 1816 ἔρχεται
1133 1735 1180 1813 είς
1194 1735 1257 1801 κεύ-

237 1856 303 1917 μην
324 1830 400 1896 τινὰ
421 1834 478 1917 τής
501 1830 681 1914 Καλχάρων
704 1832 751 1909 είς
771 1832 964 1915 Δισδωρίδα
984 1833 1195 1917 καλουμένην,
1222 1832 1256 1899 ίν

236 1917 259 2014 ᾗ
285 1927 429 2014 Τρύφων
455 1953 507 2005 τις
534 1928 780 2007 ἐπιεικέστατος
808 1925 875 1995 κατ’
900 1929 1004 1997 ἐκεῖνο
1026 1933 1142 2014 καιροῦ
1165 1928 1256 2014 ἐτύμ-

236 2051 316 2106 χανε
337 2029 404 2090 τῶν
425 2020 548 2090 αύτύθι
570 2026 800 2111 πρεσβύτερος.
831 2023 908 2110 παρ’
933 2017 961 2112 ηῦ
984 2023 1002 2092 ῦ
1024 2027 1146 2113 Μάνης
1166 2026 1296 2112 rard-10

238 2147 338 2206 μενος
360 2121 462 2189 πάλιν
485 2122 580 2190 ίκύκα
608 2122 829 2207 καυχώμενος,
859 2125 1052 2209 καταλαβών
1073 2124 1131 2191 τὸν
1153 2124 1257 2206 ἄνδρα

207 2299 209 2304 Α
239 2214 371 2304 άχαθῦν
391 2221 452 2305 μὲν
474 2219 578 2287 τάλλα
600 2223 653 2287 καὶ
676 2221 873 2304 θαυμαστὸν
894 2226 934 2308 τή
952 2229 1139 2307 θεοσεβείᾳ,
1162 2247 1258 2288 πενι-
1304 2229 1307 2237 ’

236 2317 318 2400 χρὸν
346 2318 384 2384 δέ
409 2320 456 2402 τῷ
478 2317 574 2405 λόγῳ.
620 2313 778 2384 ἀλλὰκαὶ
802 2318 836 2384 έν
857 2320 987 2395 τούτοις
1009 2314 1053 2396 ιύς
1076 2315 1256 2404 ὑπείληφεν

240 2410 301 2480 οῦκ
318 2415 447 2496 ἴσχυσεν
463 2413 686 2494 ίπιτωθάζειν
700 2419 747 2500 τῷ
763 2418 821 2480 τοῦ
836 2418 986 2499 Χριστοῦ
1002 2415 1118 2501 δούλην.
1143 2413 1162 2481 ὁ
1176 2413 1258 2493 θεὸς

202 2506 207 2513 ’
242 2510 305 2596 γάρ
333 2506 386 2578 άεί
409 2523 481 2591 τοῖς
513 2508 564 2580 ἐπ’
596 2507 695 2581 αὐτὸν
724 2513 913 2592 ἐλπίζουσιν
942 2512 1108 2597 ἑτοιμάζοι
1134 2512 1194 2591 τὰς
1223 2511 1258 2579 ἐκ
1269 2529 1296 2581 15

186 2621 236 2671 629
243 2607 428 2692 πνεύματος
449 2606 544 2694 ἁγίου
562 2610 687 2694 δωρεὰς
702 2610 1004 2697 έπιχορηχούμενος,
1028 2607 1074 2689 ιῦς
1087 2613 1139 2677 καί
1156 2611 1258 2696 ἐπημ-

237 2708 372 2792 χείλατο
399 2702 548 2794 άιμευδής
578 2703 624 2774 ὢν
653 2705 705 2775 ὅτι
735 2709 798 2795 *μή
826 2707 1045 2795 μεριμνήσητε
1071 2716 1106 2774 τί
1132 2709 1256 2794 ε’ίπητε.

239 2799 277 2870 ού
305 2803 369 2890 γάρ
396 2800 489 2888 ῦμεῖς
512 2805 585 2873 ίστε
606 2806 639 2872 σί
662 2807 851 2884 λαλοῦντες,
881 2801 965 2873 ἀλλά
986 2803 1024 2870 τά
1046 2809 1176 2889 πνεῦμα
1198 2807 1258 2870 τοῦ

238 2903 369 2986 πατρὸς
390 2926 455 2985 μου
476 2902 515 2968 τὸ
537 2904 657 2969 λαλοῦν
672 2903 706 2970 ἐν
722 2901 824 2985 ῦμίν”.
855 2902 1008 2969 ἐντεῦθεν
1023 2901 1126 2970 πάλιν
1139 2903 1259 2987 βουλη-

239 3006 362 3078 θέντος
389 3000 609 3079 διαλέξασθαι
638 3000 724 3084 πρὸς
748 2999 913 3087 Τρύφωνα
940 2998 997 3065 τὸν
1024 2999 1299 3084 πρεσβύτερσνηι)

239 3101 293 3164 καί
323 3091 425 3163 αύτοῦ
454 3097 487 3163 ἐν
515 3099 655 3174 πολλοῖς
683 3093 912 3176 ἀντειπόντος,
941 3096 1132 3182 χράψαντάς
1153 3122 1190 3163 τε
1211 3098 1258 3181 τηῖ

236 3190 404 3280 Ἀρχελάῳ
427 3198 503 3279 περί
526 3199 584 3282 τής
607 3190 803 3273 ῦποθίσεως
820 3194 939 3278 ταύτης
962 3191 1015 3260 ῦτι
1040 3188 1121 3280 ῦνήρ
1136 3219 1188 3271 τις
1204 3183 1260 3278 ήλ-

239 3299 302 3360 θεν
332 3293 494 3371 ἐνταῦθα,
526 3288 580 3359 σία
608 3292 646 3379 δή
676 3293 772 3371 λύκος
798 3291 916 3377 βαρύς,
945 3298 1001 3357 καὶ
1030 3292 1180 3357 διολέσαι
1201 3290 1259 3377 τήν

238 3392 389 3473 μάνδραν
411 3392 589 3474 ἐπιχειρεί·
614 3389 698 3457 ἀλλὰ
721 3391 902 3472 παρακαλῶ
925 3385 1124 3456 άντόστειλόν
1145 3413 1205 3473 μοι
1225 3399 1259 3454 τί

241 3483 281 3555 ἂν
308 3486 398 3570 πρὸς
424 3490 542 3553 τοῦτον
564 3487 774 3573 ποιήσωμαι,
803 3481 824 3574 ἢ
845 3494 960 3565 ποίοις
981 3485 1091 3571 λύγοις
1112 3481 1298 3554 άντείπωιε

219 3589 280 3672 λτή
303 3581 414 3651 αύτιῦν
435 3586 723 3672 κακοδιδασκαλίην.
764 3587 819 3650 καὶ
840 3584 869 3651 εί
889 3586 950 3668 μὲν
972 3579 1070 3662 αύτὸς
1091 3587 1259 3664 καταξιοῖς

242 3687 510 3767 παραγενέσθαι,
539 3677 717 3769 ἀμέριμνον
747 3681 922 3769 ποιήσειας
948 3681 1006 3767 τήν
1028 3685 1086 3748 τοῦ
1109 3685 1258 3766 Χριστοῦ

240 3778 389 3865 μάνδραν
410 3781 464 3847 καλ
486 3778 528 3848 τὰ
541 3785 719 3866 θρέμματα
735 3775 844 3846 αῦτσῦ.
875 3776 946 3847 δδὲ
961 3775 1153 3847 ἀπέστειλεν
1170 3774 1257 3862 αύτῷ

241 3876 299 3944 δύο
323 3876 442 3963 λόγους
462 3876 498 3945 έν
520 3885 684 3964 προχείρῳ
706 3878 957 3962 καταλαβέσθαι
971 3879 1017 3962 τῷ
1033 3877 1146 3962 Μάνη,
1170 3876 1259 3943 έκδέ·

242 3975 371 4054 ξασθαι
394 3974 432 4041 δὲ
451 3974 511 4063 τὴν
526 3971 627 4042 αὐτοῦ
642 3980 829 4061 παρουσίαν
844 3969 932 4061 αύτῷ
948 3973 1117 4060 ἐσήμανεν.
1148 3968 1298 4043 &Md-³⁰

243 4097 298 4160 νης
320 4072 358 4139 δὲ
380 4071 415 4139 έν
435 4075 476 4159 τῇ
496 4078 581 4160 μέση
596 4073 686 4160 κώμη
702 4073 873 4157 προῆλθεν
889 4067 1129 4156 ὀρθριαίτερον,
1152 4095 1259 4155 προσ·

242 4167 442 4254 καλούμενος
459 4171 493 4237 ἐν
513 4173 560 4256 τῷ
576 4169 815 4258 συνάρξασθαι,
830 4170 1085 4252 προκαλεῖσθαι
1099 4164 1156 4233 τὸν
1174 4168 1259 4254 Τρύ-

244 4290 341 4354 φωνα
355 4266 404 4345 τίς
418 4265 535 4354 λόγους
548 4264 647 4354 ήκειν.
677 4270 730 4336 καί
745 4264 999 4354 τοῦΤρύφιονος
1014 4264 1256 4352 ίνδαλλομένον,
