2867 5084
236 985 299 1046 200
373 1049 374 1052 ,
459 996 663 1046 καταίσιον
679 995 774 1043 xm
793 996 978 1043 mmm
995 997 1026 1043 υ.

234 1154 372 1231 πατέρα,
396 1145 515 1211 τούτου
539 1148 629 1212 ἕνεκα
652 1146 756 1231 σάρκα
779 1143 964 1220 ένεδύσατο,
989 1144 1075 1224 (ἐπεὶ
1095 1138 1136 1210 δν
1153 1141 1253 1230 ιδφει·

236 1247 292 1310 λον
322 1247 374 1310 καί
404 1245 435 1309 οἱ
459 1242 589 1328 ἄγγελοι
612 1242 747 1321 πάντως
775 1243 879 1327 σάρκα
901 1242 1124 1321 ἐνδύσασθαι,
1155 1236 1175 1331 ἢ
1202 1243 1251 1305 καί

234 1343 273 1407 τὸ
296 1344 448 1424 πνεῦμα),
479 1335 547 1406 ἀλλ’
573 1339 688 1425 ἐπειδὴ
711 1335 730 1425 ἡ
755 1346 859 1425 σοφία
882 1333 928 1404 ὢν
949 1343 1009 1404 τού
1032 1338 1170 1423 πατρὸς,
1199 1341 1273 1405 καὶσ

237 1440 382 1522 δύναμις,
406 1442 458 1503 καί
484 1439 587 1523 λόγος,
618 1431 717 1514 αύτὸς
739 1437 780 1502 τά
803 1436 914 1502 πάντα
937 1437 1174 1524 ἐδημιούργησε
1197 1435 1251 1500 σὺν

212 1539 337 1620 δπατρλ
360 1538 413 1601 καί
438 1531 519 1622 άγίῳ
543 1535 722 1618 πνεύματι,
746 1535 800 1599 ἵνα
824 1535 911 1620 δείξῃ
937 1531 1049 1599 ὅτιτὸ
1073 1535 1184 1599 αἴτιον
1198 1536 1251 1619 τῆς

235 1637 293 1698 τοῦ
315 1629 421 1715 Ἀδάμ
443 1633 665 1717 παραβάσεως
688 1626 744 1696 ούκ
768 1628 837 1697 άπὸ
855 1635 913 1695 τοῦ
937 1633 1155 1708 πεπλακέναι,
1180 1625 1251 1694 αι’-δὲ

236 1726 305 1795 άπὸ
328 1735 386 1794 τοῦ
409 1736 627 1815 πεποιηκέναι
649 1728 687 1793 τὸ
710 1724 868 1814 άμαρτὲς,
902 1724 923 1816 ἢ
944 1728 983 1793 τὸ
1005 1732 1062 1816 τῆς
1085 1730 1252 1811 παρακοῆς

237 1829 342 1907 ἴσχεν,
374 1821 443 1889 ἀλλ’
468 1821 537 1890 άπὸ
561 1826 647 1902 ἰδίας
675 1832 917 1910 προαιρέσεως,
953 1826 1008 1891 ἵνα
1036 1824 1094 1910 τῂν
1124 1827 1250 1890 δικαίαν

236 1929 343 2005 κρίσιν
367 1922 414 1999 εἷς
435 1924 528 1999 τέλος
550 1924 746 2007 διεξαγάγοι,
770 1919 814 2000 ὡς
830 1918 922 1989 εἶπεν
941 1917 1111 1999 δἩσαΐας
1135 1921 1248 1988 “κάλα·

200 2033 228 2081 10
236 2041 299 2100 μον
316 2026 587 2102 συντετριμμένον
603 2014 639 2083 σά
656 2020 814 2098 κατεάξει,
838 2023 891 2085 καὶ
908 2020 997 2084 λίνον
1012 2018 1201 2105 τυφόμενον
1216 2011 1251 2083 ού

238 2123 357 2200 σβέσει,
383 2117 445 2193 ἕως
467 2115 618 2199 ἐξαγάγοι
639 2116 697 2204 τὴν
720 2126 826 2198 κρίσιν
850 2117 896 2194 είς
911 2127 1009 2195 νῖκος,
1033 2119 1085 2181 καί
1110 2121 1160 2203 τηῖ
1182 2112 1251 2181 ὀνά-

236 2239 316 2295 ματι
339 2208 439 2278 αὐτοῦ
463 2214 543 2298 έίλντ,
567 2213 746 2278 έλπισῦσι”.
789 2214 944 2296 καθάπερ
968 2217 1019 2279 καί
1043 2217 1157 2296 Δαβίδ
1179 2215 1249 2294 περὶ

214 2300 338 2374 ἀὐτοῦ
367 2311 473 2396 ε’ίρηκε
501 2311 539 2375 τὸ
569 2316 641 2376 “aaz
671 2309 814 2396 νικήσεις
849 2311 881 2376 έν
910 2314 957 2397 τῷ
984 2317 1162 2394 κρίνεσθαί
1190 2313 1296 2376 σε”.οὲ

239 2407 353 2492 έκρίίίη
369 2408 439 2492 γάρ,
463 2410 518 2474 ἵνα
539 2415 657 2492 κρίνων
680 2409 816 2484 δικαίως
839 2407 945 2494 φράξῃ
967 2407 1009 2472 τά
1025 2405 1177 2490 στόματα
1192 2410 1252 2472 τῶν

202 2521 228 2568 15
236 2505 422 2585 μελλόντων
445 2500 633 2589 ἀντιλέγειν,
665 2499 703 2569 ού
724 2504 784 2589 γάρ
808 2505 981 2589 δυνήσεταί
1002 2530 1054 2581 τις
1075 2500 1252 2589 άντιλέγειν

238 2604 276 2687 τῃ
293 2596 393 2664 αὐτοῦ
410 2603 520 2686 δικαίη
535 2608 648 2683 κρίσει.
681 2601 820 2685 έφόρεσε
840 2601 901 2685 γάρ
922 2601 961 2665 τὸ
978 2606 1074 2683 σῶμα
1094 2600 1253 2685 ἄχραντον

238 2695 318 2760 αύτὸ
340 2697 551 2782 συντηρησας.
583 2692 620 2760 σύ
635 2697 696 2780 γὰρ
713 2696 731 2760 ὃ
745 2704 874 2783 γέγονεν
893 2700 926 2766 έν
942 2702 988 2784 τῷ
1005 2694 1182 2784 άνδριύπηι
1198 2693 1250 2766 ἀπ’

237 2788 345 2880 ἀρχῆς,
368 2799 536 2858 τουτέστιν
553 2793 586 2858 έν
601 2797 647 2879 τῷ
661 2788 777 2876 Ἀδὰμ,
802 2795 936 2873 πάντως
960 2795 1006 2872 είς
1027 2799 1126 2861 τοῦτο
1150 2797 1184 2863 ἐκ
1200 2799 1252 2861 τοῦ

238 2891 436 2973 δημιουργοῦ
457 2892 514 2953 τοῦ
542 2883 691 2955 άναιτίου
714 2895 771 2978 της
793 2896 851 2956 τοῦ
871 2888 976 2975 Ἀδάμ
1001 2891 1176 2976 ἁμαρτίας,
1199 2897 1254 2959 τού

199 3000 229 3047 20
238 2982 395 3070 άμαρτεῒν
407 2992 526 3071 γέγονε,
539 2988 591 3051 καί
609 2986 665 3050 διά
679 2990 777 3052 τοῦτο
792 2985 941 3073 ἥμαρτεν,
956 2985 1039 3055 άλλά
1051 2989 1090 3055 τὸ
1103 2986 1253 3071 αὐτεξού-

237 3106 310 3149 σιον
332 3077 420 3167 αύτῷ
442 3077 620 3161 ἀπέδωκεν,
644 3088 696 3149 καί
720 3086 829 3162 αἴτιος
851 3087 956 3171 ἑαυτηῖ
973 3087 1109 3166 ἕκαστος
1131 3095 1254 3172 γίνεται

237 3178 408 3265 άμαρτίας.
437 3180 493 3247 διά
507 3205 560 3247 τοι
576 3183 672 3245 τοῦτο
690 3175 838 3259 άναίτιος
854 3179 872 3246 δ
888 3184 1086 3269 δημιουργὸς
1102 3185 1186 3264 θεὸς
1202 3184 1239 3249 λδ

236 3303 302 3362 γος,
320 3273 337 3343 δ
354 3278 413 3344 σὺν
429 3281 530 3364 πατρί
547 3284 660 3356 κτίσας
674 3277 732 3344 τὸν
748 3277 941 3362 ἄνθρωπον,
965 3284 1017 3346 καί
1034 3281 1094 3347 σύν
1110 3285 1158 3366 τῷ
1175 3278 1296 3367 άγίῳπέ

238 3369 337 3439 αὐτοῦ
361 3375 533 3458 πνεύματι,
562 3370 734 3452 άθάνατος
755 3379 807 3442 καί
832 3375 1001 3460 ἄχραντος,
1032 3378 1101 3465 ίδίᾳ
1125 3379 1256 3467 δοκήσει

198 3467 366 3556 κυάρρήτιμ
388 3474 453 3536 τινί
469 3479 592 3558 σοφίας
606 3480 774 3559 μυστηρίῳ
795 3473 1042 3561 ένηνθρώπησε,
1066 3478 1203 3556 τελείως
1217 3476 1258 3542 τὰ

237 3567 348 3634 πάντα
375 3563 613 3651 ἀναδεξάμενος
642 3565 725 3653 ὑπὲρ
753 3573 811 3635 τού
841 3571 927 3637 ίδίσυ
958 3572 1172 3655 πλάσματος,
1210 3568 1255 3640 δι’

236 3662 422 3752 ὑπερβολὴν
444 3667 714 3750 φιλανθρωπίας,
739 3661 777 3732 ού
798 3668 882 3752 μετά
903 3663 1052 3754 άνάγκης,
1077 3665 1146 3734 ἀλλ’
1166 3670 1260 3738 ἑκου-

236 3770 294 3850 σίιγ
320 3762 446 3848 γνώμῃ,
481 3763 536 3826 ἵνα
559 3762 592 3827 έν
613 3766 653 3849 τῇ
677 3768 771 3847 σαρκί
801 3773 974 3850 κατακρίνῃ
998 3766 1056 3852 τὴν
1080 3763 1257 3851 ἁμαρτίαν,

237 3864 289 3926 καί
315 3860 369 3926 ἐπὶ
392 3862 439 3945 τῷ
462 3864 593 3944 σταυρῴ
616 3860 754 3948 διαλύσῃ
783 3862 841 3948 την
869 3863 1028 3946 κατάραν,
1064 3866 1118 3930 καί
1147 3864 1184 3931 ἓν
1212 3869 1260 3952 τῷ

197 3958 379 4041 σομνηματι
401 3964 643 4042 καταφαίρετον
666 3959 789 4045 ποιήσῃ
812 3958 870 4044 τὴν
894 3960 1046 4044 φθοράν,
1076 3964 1128 4026 καί
1153 3962 1189 4028 ἒν
1212 3966 1262 4049 ιη’

228 4050 329 4139 ’Ἅιδῃ
353 4055 410 4118 σὺν
433 4056 472 4141 τῇ
498 4058 583 4139 ψυχῇ
607 4054 777 4121 κατελθὼν
801 4053 834 4119 έν
856 4057 895 4140 τῇ
918 4056 1056 4142 δεδυητι
1085 4058 1192 4147 κλάσῃ
1222 4060 1263 4127 τὸ

236 4156 368 4232 κέντρον
390 4155 448 4217 τοῦ
472 4153 630 4228 θανάτου,
654 4154 707 4216 καί
731 4149 868 4235 διαλύσῃ
892 4151 950 4239 τὴν
965 4154 1050 4237 πρὸς
1071 4151 1265 4244 τδνἍιδην

237 4245 408 4328 διαδίκην.
454 4250 486 4314 οἱ
509 4249 545 4313 δὲ
568 4244 741 4329 ἀχάριστοι
769 4247 967 4315 παντάπασι
995 4251 1036 4316 τὰ
1067 4246 1184 4338 άγαίίδι
1215 4256 1295 4336 είςσ
