2867 5084
239 926 300 989 156
462 941 668 990 ammoy
683 940 780 990 xm
796 941 983 992 Ατοεεσιια
1000 944 1031 995 υ.

234 1088 395 1174 λεστὲριου
418 1094 483 1156 τῶν
505 1090 563 1178 τὴν
585 1093 697 1156 πᾶσαν
720 1086 889 1175 ἀκρίβειαν
910 1095 968 1177 τῆς
986 1097 1187 1176 θεοσεβείας
1200 1091 1275 1159 κσίο

235 1194 381 1265 πίστειυς
402 1192 460 1273 τῆς
482 1182 588 1274 ὀρθῆς
610 1186 906 1272 ἐπιγινωσκόντων,
930 1184 1014 1254 ἀλλὰ
1035 1191 1091 1254 καὶ
1106 1184 1176 1255 ὑπὸ
1192 1191 1254 1253 τῶν

234 1310 267 1348 τι
290 1280 359 1349 ἀπὸ
382 1291 516 1369 με’-ρους,
548 1280 607 1351 κᾶν
629 1284 667 1349 τό
690 1285 786 1366 τυχὸν
809 1289 866 1369 τῆς
889 1279 1051 1372 ἀληθείας
1073 1285 1256 1367 ἐπισταμέ·

236 1406 299 1445 νιυν
322 1384 373 1447 καὶ
398 1381 601 1466 ἐλεγχόμενοι
625 1376 694 1446 ἀπὸ
717 1386 782 1447 τῶν
805 1385 968 1462 παλαιῶν,
992 1381 1189 1461 ἐδιώκοντο,
1213 1377 1257 1459 ὦς

210 1477 428 1595 υβλόσηημοι
457 1478 638 1556 δεσπότου,
668 1480 721 1544 καὶ
753 1479 899 1563 δεύτεροι
927 1479 1133 1562 κυριοκτόνοι
1158 1481 1255 1558 τινες,

235 1574 290 1640 καὶ
318 1572 481 1661 όθετηταὶ
509 1581 566 1691 της
594 1579 653 1641 τοῦ
681 1571 841 1660 κυρίουί
823 1580 915 1662 ημῶν
935 1574 1038 1662 Ἰησοῦ
1061 1576 1183 1642 ἐνθέου
1205 1600 1258 1642 τε·

236 1672 413 1759 λειότητος,
434 1673 543 1738 διὰ
505 1698 562 1757 της
577 1698 635 1737 του
621 1675 816 1755 ’βασιλέως
830 1669 1086 1756 προστασίας,”
1066 1697 1151 1757 οπερ
1168 1673 1258 1740 ἐστίν

235 1766 492 1852 υπερασπισμὸς
515 1764 632 1890 αότιυν,
657 1770 704 1847 εἰς
726 1770 764 1834 τὸ
788 1770 966 1855 ἐπιχειρεῖν
989 1770 1100 1836 πάντα
1116 1768 1160 1836 τοὶ
1176 1770 1259 1835 κακὰ

238 1862 301 1931 ὅσα
323 1872 449 1951 γέγονε,
478 1869 531 1931 καὶ
555 1867 604 1932 ἐτι
627 1861 667 1932 δι’
693 1864 801 1932 αυτιῦν
822 1874 948 1952 γίνεται
970 1868 1004 1934 ἐν
1023 1862 1260 1953 Ἀλεξανδρείᾳ

198 1975 228 2024 10
238 1988 292 2029 και
321 1963 354 2029 ἐν
377 1963 641 2049 Νικομηδείᾳ,’
627 1989 660 2028 εν
683 1964 993 2052 Μεσσποταμίᾳ,’
979 1991 1013 2031 εν
1034 1965 1260 2049 Παλαιστίνῃ,

237 2064 295 2125 τοῦ
319 2055 425 2126 αυτῶν
449 2060 614 2173 παρόντος
635 2063 799 2143 βασιλέως
821 2069 1020 2149 προστασίᾳ.

325 2166 372 2224 14,
401 2154 450 2223 Ἐκ
477 2159 598 2244 ταύτης
626 2160 683 2223 οὐν
708 2185 766 2244 της
789 2160 906 2237 λέξεως
928 2184 986 2245 της
1008 2159 1041 2225 ἐν
1063 2162 1110 2243 τῷ
1133 2182 1261 2242 παροι·
1265 2180 1302 2232 m

236 2259 359 2341 μιαστῇ
381 2261 610 2342 γεγραιιιιένης,
635 2252 717 2320 ὅτι·
722 2256 841 2339 κύριος
864 2257 970 2322 ἐκτισέ
990 2281 1032 2339 με
1054 2250 1154 2342 ἀρχὴν
1172 2251 1260 2322 ὁδῶν

238 2348 338 2418 αὐτοῦ
369 2354 415 2431 εἷς
445 2354 522 2438 ἐργα
551 2350 679 2430 αότοῦ,”
703 2353 824 2418 λοιπὸν
846 2354 888 2419 τὰ
910 2354 1021 2419 πάντα
1043 2347 1160 2431 αὐτοῖς
1182 2352 1261 2419 ἐπι-

200 2466 227 2514 15
238 2462 379 2528 νοεῖται,
410 2447 472 2516 ὅσα
501 2477 536 2516 τε
565 2452 701 2515 δύναται
730 2449 893 2535 σύμφωνα
917 2455 964 2537 τῷ
988 2451 1073 2537 λόγῳ
1096 2445 1260 2517 εἶναικαὶ

240 2547 430 2631 ἰσορροπεῖ,
460 2555 512 2612 καί
541 2548 677 2612 δόναται
701 2547 868 2633 συνᾴδειν,
899 2546 975 2615 οὕτε
997 2543 1097 2613 αὐτοῦ
1119 2550 1181 2613 τοῦ
1204 2547 1262 2611 λό-

237 2669 312 2727 γου,
343 2642 418 2710 οὔτε
440 2649 505 2708 τών
529 2641 637 2709 ἄλλων
659 2644 813 2729 ῥημάτιον
836 2648 912 2730 περὶ
935 2652 993 2731 της
1015 2644 1179 2730 θεότητος
1201 2646 1261 2710 τοῦ

241 2741 312 2805 υἱοῦ
340 2745 398 2805 τοῦ
427 2744 510 2806 θεοῦ
538 2742 688 2805 τοιοῦτόν
717 2767 751 2806 τι
780 2743 984 2827 φασκόντων.
1030 2738 1114 2809 ἀλλὰ
1136 2740 1261 2808 λοιπὸν

241 2833 304 2901 ὅσα
334 2836 404 2903 ἐστὶ
432 2838 562 2914 τούτοις
585 2834 700 2919 ὅμοια,
731 2837 768 2902 τὸ
792 2839 824 2904 ἐν
847 2842 893 2924 τῷ
917 2836 1096 2924 ἀποοτόλῳ
1118 2863 1262 2923 γεγραμ·

198 2942 354 3017 νθμίνον,
384 2934 421 2998 τὸ
451 2933 668 3012 δέξασθαι
635 2958 693 2999 τον
716 2930 866 3018 ἀρχιερέα
887 2961 999 3022 τηςορ
968 2931 1184 3020 ὁμολογίας
1168 2939 1261 3018 υμῶν

239 3031 361 3098 πιστὸν
384 3030 464 3098 ὄντα
485 3035 531 3115 τιό
554 3055 733 3117 ποιησαυτι
756 3028 947 3099 αὐτήνκαὶ
972 3035 1005 3100 ἐν
1026 3059 1073 3118 τῳ
1096 3031 1181 3098 κατὰ
1193 3028 1261 3098 'lw-

240 3131 337 3217 άννην
367 3126 541 3215 εὐαγγελίου
566 3136 787 3214 γεγραμμένον
810 3126 893 3196 ότι
898 3121 1003 3209 οὗτός
1025 3132 1095 3197 ἐστι
1118 3133 1200 3214 περὶ
1220 3153 1285 3202 σου

240 3182 375 3294 εἶπόν“
358 3239 445 3312 υμῖν,
470 3225 522 3292 ὅτι
545 3223 563 3293 ό
587 3222 697 3292 όπίσιυ
715 3254 780 3310 μου
797 3228 969 3312 ἐρχόμενος
984 3231 1179 3312 ἔμπροσθέν
1194 3251 1260 3310 μου

239 3330 376 3409 γέγονε”.
407 3325 462 3391 καὶ
484 3325 522 3390 τὸ
546 3325 578 3391 ἐν
595 3336 669 3402 ταῖς
684 3325 833 3409 Πρόξεσι
849 3332 1069 3410 γεγραμμένον
1085 3322 1138 3391 ότι
1154 3339 1261 3410 *γνω-

196 3422 318 3488 ναστὸν
340 3417 418 3504 ὑμῖν
441 3423 526 3487 ἐοτω
549 3425 616 3499 πᾶς
638 3416 728 3499 οἶκος
747 3417 882 3507 Ἰσραὴλ,
907 3420 960 3488 ὅτι
982 3426 1099 3488 τοῦτον
1121 3421 1179 3487 τόν
1200 3419 1261 3509 Ἰη-

240 3522 319 3585 σοῦν
343 3518 379 3583 ὃν
403 3519 640 3602 ἐσταυρώσατε,
665 3523 718 3585 καὶ
740 3520 850 3604 κόριον
874 3524 925 3585 καὶ
945 3520 1094 3605 Χριστὸν
1115 3515 1261 3585 αότὸνό

239 3617 322 3694 θεὸς
344 3616 507 3702 ἐποίησε”.
538 3619 593 3682 καὶ
615 3613 699 3682 ἄλλα
722 3617 852 3696 τούτοις
875 3616 984 3702 όμοια.
1016 3614 1103 3684 ὅπου
1125 3616 1188 3701 γὰρ
1213 3617 1262 3696 εἰς

239 3713 469 3800 παρατήρησιν
493 3714 539 3791 εἰς
562 3713 691 3798 ἐχθρῶν
714 3712 850 3797 ἄμυναν.
884 3716 999 3801 ἐχθροὶ
1022 3713 1082 3799 γάρ
1106 3714 1191 3781 εἰσιν
1215 3710 1262 3794 ιός

240 3811 377 3899 ἀληθῶς
404 3814 457 3878 καὶ
488 3811 669 3894 ἐπίβουλοι.
715 3812 798 3894 τόχα
825 3813 886 3897 γὰρ
912 3814 991 3898 περὶ
1012 3807 1120 3877 αὐτῶν
1142 3816 1263 3897 γέγρα-

199 3923 339 3987 θθπται,
370 3912 422 3975 καὶ
452 3912 517 3974 τῶν
547 3903 660 3986 αότοίς
683 3904 808 3993 ὁμοίων
832 3907 884 3975 ότι
907 3905 1101 3995 *όναστήτιο
1123 3903 1141 3972 ό
1165 3908 1262 3989 θεὸς,

239 4010 292 4072 καὶ
331 4004 692 4092 διασκορπισθητωσαν
728 4007 760 4070 οἱ
798 4006 913 4088 ἐχθροὶ
950 4003 1080 4073 αότοῦ”.
1122 4006 1265 4075 δοκοῦσι

241 4102 277 4166 δὲ
308 4107 361 4168 καὶ
396 4105 551 4170 οέκειακοί
587 4097 680 4168 εἶναι.
727 4095 834 4178 οὐδεὶς
868 4104 901 4167 δὲ
936 4111 1053 4189 χείρων
1086 4103 1290 4172 οέκειακῶκο

241 4194 379 4279 ἐχθρῶν.
425 4201 542 4286 ἐχθροὶ
573 4200 634 4286 γὰρ
662 4201 721 4264 τοῦ
751 4192 935 4280 ἀνθρώπου
965 4197 1110 4278 ἅπαντες
1139 4201 1172 4268 οἱ
1203 4201 1262 4271 ἄν·
