2867 5084
600 961 679 1013 τισι.
698 963 881 1014 Ammon
1186 953 1247 1017 263

230 1110 289 1177 καί
316 1114 382 1177 τιῦν
415 1115 523 1196 μερῶν
553 1115 610 1200 τῆς
632 1120 900 1197 Μεσοποταμίας
928 1115 1016 1183 ἐστίν
1051 1115 1126 1202 άχρι
1154 1118 1249 1203 δεῦρο

230 1209 271 1274 τὸ
295 1209 404 1293 τάγμα
427 1210 472 1287 εἰς
496 1205 605 1296 όλίγον
628 1211 798 1295 περιστὰν,
823 1207 868 1289 ὥς
890 1213 981 1299 ἐφην.

316 1301 403 1372 Ἀλλ’
430 1308 491 1386 ἕως
514 1298 578 1374 ιῦδε
601 1309 719 1388 ἱκανῶς
741 1313 793 1375 καὶ
816 1312 892 1393 περὶ
916 1310 1040 1376 τούτων
1057 1313 1139 1393 ἐχειν
1154 1307 1251 1397 ἡγοῦ-

230 1425 311 1488 μαι·
357 1403 413 1483 οῦς
433 1406 615 1490 παρελθών
644 1408 747 1473 πάλιν
774 1406 816 1472 τὰ
839 1407 911 1493 ἑξῆς
933 1409 1162 1495 διασκοπησω,
1195 1410 1250 1476 ἵνα

229 1502 277 1588 μή
301 1528 334 1567 τι
356 1505 556 1587 παραλείψω
578 1502 643 1569 τῶν
666 1506 712 1583 είς
736 1506 913 1589 διαιρέσεις
938 1532 973 1573 τε
996 1508 1049 1572 καί
1071 1506 1174 1589 τομὰς
1196 1509 1273 1573 καὶὸ

232 1600 281 1678 εἰς
305 1601 494 1679 διαστάσεις
522 1605 575 1667 καὶ
605 1602 651 1680 εἰς
675 1609 838 1685 σχίσματα
870 1603 972 1688 ἐντῷ
995 1602 1106 1690 κόσμηι
1130 1611 1250 1689 συμβε-

229 1696 390 1781 βηκότων.
432 1699 460 1764 εἰ
481 1698 541 1783 γὰρ
564 1702 617 1766 καὶ
640 1703 679 1785 τῇ
702 1707 816 1767 πίστει
838 1695 895 1766 οῦκ
924 1695 963 1767 άν
985 1701 1248 1782 μεταλλάττοιεν,

229 1795 287 1860 καὶ
310 1799 356 1880 τῷ
379 1795 493 1882 τρόπῳ
516 1800 683 1875 τοσοῦτον,
716 1792 785 1863 ἀλλ’
811 1794 901 1881 ὅμως
928 1802 996 1865 πᾶν
1017 1797 1055 1864 τό
1079 1800 1248 1881 διαιρεθὲν

229 1895 285 1958 καί
316 1892 350 1958 ἐν
377 1900 439 1978 βίῳ
463 1889 702 1978 ὀνομαζόμενον
730 1890 784 1982 ὑφ’
815 1892 905 1981 ἡμῶν
935 1896 1017 1963 κατὰ
1044 1896 1081 1961 τὸ
1111 1896 1248 1963 δυνατὸν

230 1985 268 2056 οῦ
295 1991 619 2077 παραλειφθησεται.
1260 2007 1287 2056 10

202 2406 339 2478 οΚατδι
367 2411 636 2479 Φωτεινιιινιῦν
663 2409 735 2494 να’,
770 2415 834 2502 τῆς
860 2406 901 2480 δέ·
929 2406 1156 2490 ἀκολουθίας
1181 2405 1247 2481 ου’.

321 2583 347 2639 l.
380 2575 555 2654 Φωτεινός,
581 2574 616 2654 ἐξ
637 2565 740 2660 οῦπερ
766 2578 993 2655 Φωτεινιανοὶ,
1020 2576 1052 2642 ἐν
1075 2576 1179 2663 τούτῳ
1201 2579 1248 2663 τῷ

228 2673 336 2758 χρόνῳ
360 2670 511 2758 ἤκμασεν,
547 2673 732 2751 ἐπίσκοπος
752 2674 892 2758 γεγονὼς
914 2676 971 2758 τῆς
994 2669 1088 2759 άγίας
1109 2677 1249 2740 καθολι-

229 2773 287 2855 κης
310 2770 494 2856 ἐκκλησίας,
529 2778 631 2858 μανίᾳ
659 2768 776 2854 ἀρθεὶς
805 2766 841 2837 οῦ
870 2772 1065 2859 μικροτάτη,
1099 2767 1167 2838 ἀλλ’
1192 2772 1249 2856 ἐμ-

232 2868 411 2954 βρόντητος
453 2867 593 2952 γεγονώς
630 2865 713 2953 ὑπὲρ
757 2868 885 2948 πάντας
919 2869 995 2948 τοῦς
1032 2868 1099 2953 πρό
1137 2864 1247 2950 αῦτοῦ,
1259 2882 1287 2932 15

232 2961 333 3049 ὅμοια
360 2968 414 3031 καὶ
438 2965 589 3032 ἐπέκεινα
611 2970 676 3033 τιῦν
698 2965 835 3031 Παύλου
858 2971 916 3032 τοῦ
934 2967 1154 3049 Σαμοσάτεως
1176 2970 1249 3034 δια-

179 3069 424 3146 Ξίθνενοημένος
451 3071 528 3147 περὶ
557 3066 616 3127 τοῦ
638 3064 710 3130 υἱοῦ
736 3068 793 3130 τοῦ
817 3069 916 3142 θεοῦ,
951 3065 1105 3148 ἐξεμίσας
1134 3065 1249 3149 λόγους

233 3155 436 3238 άσιστάτους
450 3164 672 3247 βλασφημίας.
700 3150 796 3239 οὗτος
813 3162 848 3227 δέ·
864 3158 996 3245 ιόρμόιτο
1014 3157 1082 3227 ἀπὸ
1098 3169 1246 3245 Σιρμίου.

230 3259 285 3324 καὶ
308 3254 363 3324 ότε
384 3261 444 3340 μὲν
467 3262 564 3323 τοῦτο
587 3258 625 3323 τὸ
654 3258 795 3338 ζιζάνιον
823 3262 870 3342 τῷ
901 3259 1013 3344 κόσμῳ
1043 3258 1247 3344 εἰσηγήσατο,

230 3357 305 3422 τότε
326 3351 394 3422 κατ’
420 3356 523 3422 ἐκεῖνο
547 3359 661 3438 καιροῦ
678 3355 736 3422 ἐπὶ
749 3362 983 3421 Κιονσταντίου
1005 3360 1063 3421 τοῦ
1086 3358 1287 3440 βασιλέωςλο

231 3452 344 3538 καιρός
366 3442 404 3539 ἦν
428 3453 474 3531 εἷς
497 3453 546 3520 ἐτι
569 3454 663 3538 δεῦρο
686 3457 804 3538 περιῆν
824 3455 871 3537 τηῦ
886 3460 959 3539 βίη),
983 3449 1052 3520 άπὸ
1074 3458 1131 3540 τῆς
1154 3454 1187 3520 ἐν
1208 3457 1248 3540 τῇ

232 3553 374 3636 Σαρδικῇ
399 3548 619 3636 συναχθείσης
641 3553 771 3637 δυτικῆς
794 3550 934 3617 συνόδου
956 3555 1173 3636 καθαιρεθεὶς
1206 3546 1246 3618 δι’

233 3647 267 3735 ἣν
290 3647 427 3734 ἐξήμεσε
448 3650 671 3735 βλασφημίαν.

317 3745 445 3812 Φάσκει
468 3748 504 3811 δὲ
526 3735 622 3824 οῦτος
645 3741 702 3812 ἀπ’
722 3743 820 3831 ἀρχῆς
841 3747 898 3813 τὸν
912 3748 1060 3830 Χριστόν
1081 3747 1125 3833 μὴ
1153 3741 1247 3825 εἶναι,

233 3837 299 3910 άπὸ
316 3844 352 3910 δὲ
365 3849 503 3928 Μαρίας
524 3847 576 3909 καὶ
602 3845 697 3928 δεῦρο
721 3839 819 3909 αῦτόν
842 3839 1008 3930 ὑπάρχειν,
1033 3845 1132 3923 ἐξότε,
1155 3847 1286 3930 φησὶ,“ὧ

233 3942 267 4006 τὸ
295 3944 429 4025 πνεῦμα
457 3942 495 4006 τὸ
524 3938 618 4025 άγιον
641 3942 787 4026 ἐπῆλθεν
812 3935 862 4007 ἐπ’
888 3937 986 4008 αὐτόν
1014 3945 1066 4008 καί
1090 3940 1246 4027 ἐγεννήθη

211 4035 265 4104 Βίκ
286 4037 476 4121 πνεύματος
497 4035 601 4124 ἁγίου.
631 4039 670 4105 τό
693 4041 728 4104 δὲ
751 4041 881 4121 πνεῦμα
902 4038 941 4103 τό
959 4035 1053 4122 ἅγιόν
1069 4062 1179 4125 φησιν,
1204 4033 1249 4118 ὡς

234 4126 393 4222 τολμηρός
414 4131 619 4222 ἀρχιτέκτων,
654 4137 797 4220 νομίζειν
820 4130 905 4201 εἶναι
926 4138 984 4200 τοῦ
1006 4139 1165 4220 Χριστοῦ,
1194 4138 1249 4203 καὶ

235 4227 276 4313 ῦς
299 4228 539 4322 οῦρανομίτρης
560 4238 626 4301 τῶν
649 4231 895 4320 όνικδιηγήτων.
925 4238 1036 4318 γέγονε
1058 4234 1093 4299 δὲ
1112 4221 1208 4313 οὗτος
1229 4229 1248 4301 ό
