2867 5084
583 934 703 1026 mm.
722 975 914 1026 ιιιόιιιοιοι.
1192 966 1258 1029 419

230 1123 493 1213 ἀποβάλλοντας.
525 1125 601 1194 οὕτε
622 1125 683 1211 γάρ
706 1127 748 1193 τά
770 1123 855 1192 ἀλλα
875 1130 922 1213 τῷ
943 1133 1162 1215 γεγεννημένῳ
1184 1129 1258 1196 ίσά-

234 1226 326 1306 ζεται
349 1223 425 1291 οὕτε
448 1220 465 1289 ὁ
489 1219 663 1310 ἀγέννητος
684 1236 757 1302 τοῖς
779 1231 1001 1307 αενιτισμίνοις
1022 1224 1060 1289 τὸ
1079 1221 1257 1308 δμοοάσιον

183 1324 457 1407 εὓνμεταδίδωσιν
481 1319 538 1388 οῦκ
554 1318 717 1387 ἀδυνάτου
734 1325 792 1387 τοῦ
809 1323 949 1387 δυνατοῦ
964 1330 1260 1408 κατηγορουμένου,

233 1417 320 1488 ἀλλὰ
343 1424 409 1486 τιῦν
432 1418 603 1486 ἀδυνάτων
626 1418 711 1502 πρὸς
732 1420 771 1485 τὸ
795 1419 933 1485 δυνατὸν
961 1420 1005 1505 μὴ
1029 1420 1258 1506 ἕπεκτεινομί-

233 1544 310 1595 νων,
334 1518 391 1584 διά
412 1516 451 1582 τά
474 1518 639 1600 ἐξαίρετον
663 1522 722 1583 τοῦ
744 1516 817 1594 ἑνὸς
839 1520 923 1583 θεοῦ
945 1521 998 1583 καί
1025 1521 1084 1582 τοῦ
1107 1518 1143 1598 ἒξ
1156 1515 1283 1585 αῦτοῦ5

232 1617 431 1699 μονογενοῦς
454 1615 526 1680 υἱοῦ
550 1615 610 1680 σῦν
632 1619 679 1700 τιῦ
702 1612 785 1701 άγίιμ
798 1615 981 1750 ίπνεύματι.

320 1713 494 1778 mEl‘
460 1739 495 1778 αι
517 1712 686 1798 στερήσεις
707 1717 774 1778 τῶν
798 1713 895 1791 ε’ξεων
918 1707 1026 1778 αὐτῶν
1049 1711 1133 1778 εἰσιν
1154 1707 1258 1799 ἀφαι-

233 1815 357 1892 ρέσεις,
391 1809 430 1874 τὸ
465 1810 522 1876 ἐπὶ
554 1814 638 1876 θεοῦ
672 1807 845 1893 ἀγέννητον
879 1807 952 1894 η’τοι
987 1816 1139 1896 στέρησίς
1109 1810 1258 1877 ίέστιν

204 1907 350 1986 Βὲξεως,
383 1903 405 1991 ἢ
427 1908 493 1986 ἕξις
515 1907 707 1992 στερήσεως.
747 1902 815 1972 ἀλλ’
841 1909 870 1973 εἰ
898 1910 957 1989 μὲν
986 1914 1138 1993 στέρησίς
1166 1909 1256 1974 ἐστιν

234 2005 343 2083 ἕξεως,
367 2008 441 2080 πιῦς
464 1999 503 2069 ἀν
525 2006 564 2069 τὸ
585 2006 630 2090 μη
654 2004 783 2087 προσὸν
806 1999 851 2081 (ῦς
865 2004 993 2088 προσὸν
1016 2008 1063 2090 τῷ
1088 2008 1158 2090 θεῷ
1181 2029 1258 2071 συν-
1268 2018 1298 2069 10

232 2099 529 2186 αριθμηδησεταις
565 2104 594 2168 εἰ
617 2104 653 2168 δὲ
677 2104 743 2179 ἵξις
766 2101 834 2166 ἐστὶ
858 2101 896 2165 τὸ
919 2097 1102 2185 ἀγέννητον,
1137 2097 1256 2187 ἀνάγκη

232 2205 504 2282 προῦποδέσθαι
526 2199 678 2315 γεννητὴν
697 2195 829 2311 οὐσίαν,
862 2193 902 2262 ‘t‘v'
928 2196 1033 2274 οὕτως
1062 2198 1128 2275 ἴξιν
1150 2221 1259 2280 προσ-

232 2297 384 2380 λαβοῦσα
406 2291 616 2381 ἀγίννητος
601 2295 723 2376 ονομάζ
725 2316 817 2381 ηται
852 2295 880 2359 εἰ
908 2296 944 2359 δὲ
966 2294 1100 2379 γεννητὴ
1124 2291 1259 2379 ἀγεννή-

232 2417 293 2460 του
310 2388 426 2469 οῦσίας
440 2400 603 2475 μετέσχεν,
621 2394 718 2471 εξεως
734 2389 943 2474 ὑπομείνασα
959 2387 1183 2477 ἀποβολὴνᾙ
1165 2417 1259 2476 αγεν

234 2497 351 2576 νησίας
380 2490 560 2576 ἐστέρηται.
604 2493 653 2573 εἰη
683 2485 723 2556 ἀν
746 2493 803 2555 οῦν
827 2483 924 2554 οὐσία
952 2490 1012 2571 μὲν
996 2513 1185 2609 νγεννητη,
1219 2487 1298 2558 τὸισ

233 2590 270 2655 δὲ
293 2583 468 2674 ἀγέννητον
491 2589 566 2667 έξις
606 2588 634 2653 εί
657 2590 692 2654 δὲ
715 2587 753 2652 τὸ
769 2593 910 2672 γέννημα
933 2586 1121 2670 παρόδου’
1108 2593 1176 2652 εστί
1201 2586 1259 2669 δη-

234 2684 384 2764 λωτικὸν,
408 2687 507 2770 δῆλον
531 2682 583 2751 ὅτι
606 2684 703 2763 ἕξεως
726 2686 797 2751 ἐστι
820 2685 1028 2769 σημαντικὸν,
1053 2681 1093 2749 ἀν
1108 2710 1144 2750 τε
1157 2707 1258 2766 μετα-

234 2785 429 2849 πέπλασται
453 2783 489 2862 ἐξ
510 2778 625 2862 οῦοίας
646 2783 747 2862 τινὸς,
775 2780 814 2848 άν
837 2808 873 2849 τε
894 2781 993 2847 τοῦτό
1016 2781 1106 2848 ἐστιν
1129 2779 1147 2845 ὃ
1170 2781 1259 2865 λίγε-

234 2906 292 2947 ται
313 2887 463 2966 γέννημα.

183 2990 214 3039 Ε
318 2975 520 3063 Ἁνατροπη.
551 2976 636 3064 Ἤδη
659 2980 719 3063 μὲν
742 2968 799 3044 οῦν
822 2984 899 3063 περί
924 2980 1112 3063 στερητικῆς
1130 2973 1298 3045 ῦποίίίτ-εθ

236 3098 321 3153 σεως
352 3075 462 3140 πολλὰ
490 3078 780 3159 συμμαχεσάμενος
809 3071 976 3152 δἉίτιος
1004 3084 1074 3151 τοῖς
1104 3069 1173 3138 ἀπὸ
1201 3076 1259 3159 τῆς

235 3181 384 3250 πίστεως
417 3168 605 3256 ἀλλοτρίοις
638 3174 692 3239 καί
724 3169 822 3250 αὐτὸς
852 3174 910 3238 ἰ’σα
933 3173 1063 3238 ἐκείνων
1091 3169 1175 3235 κατά
1201 3172 1259 3252 τῆς

236 3277 384 3348 πίστεως
406 3269 625 3350 ἒξωπίίσατο,
655 3266 749 3336 οῦδὲν
779 3265 848 3335 ἀπὸ
871 3276 1018 3345 πίστειυς
1040 3268 1151 3350 λέγων,
1182 3260 1259 3332 οὐδὲ

236 3374 440 3455 μεμνημένος
468 3372 527 3433 τοῦ
556 3370 655 3453 ῥητοῦ
683 3367 769 3452 πρὸς
800 3365 876 3445 τοὺς
899 3361 954 3453 ἀφ’
980 3365 1105 3432 ἑαυτῶν
1127 3363 1260 3430 κενολό-

236 3489 314 3551 γους
336 3469 530 3551 φωνοῦντας
552 3471 605 3531 καί
628 3460 667 3530 οῦ
689 3468 889 3551 κρατοῦντας
918 3462 975 3528 τίν
999 3457 1098 3548 ἀρχὴν
1121 3464 1178 3547 τῆς
1200 3468 1298 3528 ντί-25

187 3584 356 3642 ὢστεως,
396 3558 441 3641 ὠς
468 3561 554 3647 πρὸς
583 3557 701 3640 αὐτοὺς
735 3563 958 3647 διελεγκτικαῦς
987 3556 1004 3625 ὁ
1033 3560 1129 3646 λόγος
1158 3561 1259 3646 φησίν

239 3655 356 3726 *εἶπον
378 3659 441 3745 ἐγώ
466 3661 499 3727 έν
522 3664 560 3747 τῇ
585 3661 736 3725 ἐκστάσει
758 3683 837 3742 μου,
865 3662 933 3736 πάς
961 3657 1145 3743 ἅνθρωπος
1176 3656 1259 3739 ψεῦ-

237 3760 332 3845 στης”
364 3757 449 3842 μετὰ
481 3761 535 3824 καί
563 3761 621 3823 τοῦ
656 3755 908 3842 “έταπεινώδην
938 3756 1100 3843 σφόδρα.”
1136 3757 1193 3818 νῦν
1223 3754 1259 3818 δὲ

238 3845 341 3934 αὖθις
362 3867 435 3934 τοῖς
458 3852 572 3933 αῦτοῒς
593 3853 879 3937 κατατριβόμενος,
904 3853 1103 3939 στερήσεως,
1138 3845 1259 3933 ἀνομα-

240 3959 314 4032 σίας
335 3955 446 4019 τεκαὶ
470 3954 576 4032 ἕξεως,
604 3951 659 4017 καὶ
681 3951 910 4034 συλλογισμῶν
932 3945 1150 4033 ἀνθρωπίνης
1172 3959 1300 4035 σφα-30

241 4050 336 4135 λερᾶς
369 4045 532 4129 ὑπονοίας
560 4049 685 4137 ηνδρτον
708 4046 979 4134 προβαλλόμενος
999 4049 1052 4112 καί
1078 4069 1260 4126 πνευματι-

239 4152 303 4227 νιιῦς
331 4143 586 4232 ἀνακρινόμενος
614 4146 731 4213 ἑαυτοῦ
766 4140 804 4211 οῦ
838 4144 990 4231 φείδεται
1021 4138 1191 4226 ἀνακάψαι
1220 4140 1260 4207 τὸ

243 4244 327 4312 ἴδιον
356 4240 489 4332 ὅρμημα
516 4250 576 4317 τίς
603 4243 638 4322 ἐξ
665 4237 883 4328 ἀνθρωπίνης
911 4247 1129 4324 πανουργίας,
1163 4235 1262 4326 ἀφείς

1051 4341 1108 4395 2¹1*
