2867 5084
363 936 371 959 t
1099 902 1114 932 ί

233 957 298 1020 362
461 968 664 1018 τοιοιιτοκ
681 968 777 1017 xm
796 968 983 1018 mmm
999 969 1028 1016 r.

232 1122 264 1189 εἰ
286 1124 339 1188 καὶ
361 1120 403 1187 τὰ
426 1116 487 1186 όλα
508 1122 574 1185 τιῦν
597 1118 802 1203 αἰτιαμότων
822 1117 866 1206 μὴ
883 1113 1085 1194 όποκόπτσι,
1110 1111 1181 1183 ἀλλ’
1199 1107 1273 1186 οῦνΒ

232 1245 271 1305 γε
293 1217 409 1286 διὰτὸ
432 1217 593 1295 πολλάκις
621 1216 653 1283 έν
674 1216 787 1302 κόσμῳ
810 1212 896 1302 ἡμᾶς
919 1212 1018 1293 ὄντας
1040 1215 1253 1301 σφάλλεσθαι

233 1313 398 1394 ἀκουσίως
427 1341 462 1381 τε
490 1320 544 1380 καὶ
573 1314 747 1392 ἑκουσίως,
781 1315 837 1380 ἵνα
869 1314 908 1378 τό
943 1313 1171 1397 έντελέστερσν
1199 1335 1252 1395 ση-

234 1416 358 1500 μανθῇ.
396 1416 449 1479 καὶ
472 1412 532 1496 γὰρ
556 1407 640 1494 ὑπὲρ
664 1414 800 1477 όικαίων
828 1411 1024 1492 ποιούμεθα
1046 1410 1107 1495 τὴν
1129 1410 1251 1495 μνόμην

208 1515 287 1576 ὁκαὶ
322 1506 405 1593 όπέρ
438 1506 658 1593 ἁμαρτωλῶν
696 1506 780 1594 ὑπὲρ
812 1511 872 1591 μὲν
908 1505 1130 1592 ἁμαρτωλῶν,
1176 1503 1250 1589 ὑπὲρ

235 1610 346 1687 έλέοος
367 1612 451 1674 θεοῦ
475 1603 691 1691 όεόιιενοι,“
676 1609 759 1690 υπέρ
789 1608 824 1673 δὲ
853 1609 989 1672 δικαίων
1017 1609 1071 1671 καὶ
1104 1611 1250 1687 πατέρων

233 1709 287 1772 καὶ
311 1687 533 1788 πατριαρχιῦν,
556 1708 739 1790 προφητῶν
761 1707 815 1769 καὶ
836 1700 1033 1770 ἀποστόλων
1055 1708 1110 1769 καὶ
1127 1699 1249 1787 εόαγγε-

235 1804 357 1868 λιστιῦν
386 1806 438 1866 καὶ
467 1802 640 1884 μαρτύρων
662 1805 714 1867 καὶ
740 1797 958 1888 όιιολσγητιῦν,
998 1802 1195 1867 ἐπισκόπων
1220 1821 1248 1863 τι

234 1898 291 1964 καὶ
318 1894 550 1980 ἀναχωρητιῦν,
586 1902 637 1963 καὶ
662 1899 788 1976 παντὸς
815 1904 873 1964 τοῦ
903 1898 1084 1981 τάγματος,
1123 1900 1180 1964 ἵνα
1200 1894 1247 1961 τόν

197 1995 345 2078 Ιοκόριον
365 1991 487 2080 Ἰησοῦν
511 1996 658 2078 Χριστόν
689 1992 902 2084 ἀφορίσωμεν
932 1991 1001 2062 ἀπὸ
1031 1999 1090 2082 τῆς
1112 1998 1178 2061 τιῦν
1199 1988 1246 2059 όν-

236 2093 387 2177 θριόπων
410 2092 542 2172 τάξεως,
567 2093 623 2158 διὰ
645 2098 702 2179 της
725 2094 810 2177 πρὸς
833 2092 933 2159 αότόν
955 2097 1061 2179 τιμῆς,
1086 2097 1140 2159 καὶ
1159 2098 1245 2175 σέβας

236 2187 325 2277 αότηῦ
349 2187 538 2273 ἀποδῶμεν,
563 2191 596 2257 έν
619 2190 729 2278 ἐννοίᾳ
752 2191 844 2269 ὄντες
867 2189 919 2258 ότι
936 2189 994 2257 οῦκ
1016 2192 1107 2257 έστιν
1130 2186 1261 2269 ἒξισοό-Ε

234 2313 334 2373 μενος
357 2285 373 2353 ό
397 2288 507 2373 κόριός
529 2315 595 2355 τινι
617 2293 683 2354 τιῦν
706 2285 908 2372 ἀνθρώπων,
939 2288 999 2355 κᾶν
1021 2315 1056 2355 τε
1078 2295 1181 2371 μυρία
1200 2286 1242 2351 καὶ

237 2388 388 2454 ἐπέκεινα
421 2388 455 2454 έν
489 2387 677 2473 δικαιοσύνῃ
718 2383 847 2474 όπόρχη
886 2389 1022 2464 ἕκαστος
1053 2383 1240 2470 ἀνθρώπων.

197 2506 225 2553 15
235 2489 310 2563 πιῦς
331 2485 391 2570 γὰρ
415 2481 543 2551 οἷόντε
567 2486 616 2570 εἴη
640 2489 756 2565 τοῦτο,·
780 2481 798 2549 ό
821 2488 881 2568 μέν
903 2485 964 2569 γάρ
983 2485 1054 2550 ἐστι
1070 2485 1162 2562 θεὸς,
1185 2478 1241 2545 όόλ

237 2580 429 2664 ἄνθρωπος,
460 2586 512 2647 καὶ
530 2578 547 2645 ό
562 2584 622 2664 μέν
644 2581 677 2647 έν
694 2577 832 2666 οὐρανῷ,
858 2578 875 2647 ό
899 2584 935 2647 δὲ
957 2582 1013 2647 ἐπὶ
1037 2585 1095 2668 τῆς
1110 2585 1175 2666 γης,
1197 2574 1241 2643 διό

236 2680 278 2744 τὰ
302 2680 356 2744 ἐπὶ
376 2684 433 2763 γης
449 2682 601 2761 λείψανα,
627 2681 733 2762 πάρεξ
747 2684 813 2746 τιῦν
829 2677 1041 2746 ἀναστάντων
1057 2683 1113 2745 καὶ
1127 2696 1239 2745 συνεισ-

237 2777 415 2853 ελθόντων,
451 2777 484 2842 έν
512 2781 558 2860 τῷ
582 2781 743 2862 νομιγιῦνι,
776 2775 821 2856 (ῦς
843 2802 927 2865 φησι
948 2779 986 2842 τό
1010 2775 1105 2862 ῦγιον
1128 2773 1238 2858 &flani-

238 2876 308 2938 λιον
343 2873 474 2939 ’πολλὰ
507 2875 543 2938 δὲ
577 2873 714 2953 στόματα
747 2880 813 2941 τιῦν
846 2873 947 2960 ἁγίων
983 2871 1163 2961 ἀνέστησαν
1197 2870 1236 2935 καὶ

123 2992 126 2997 “
198 2971 457 3040 κθσιινεισῖλθον
481 2966 569 3056 αὐτῷ
592 2971 640 3048 εἰς
661 2972 718 3056 τὴν
742 2969 837 3056 ἁγίαν
860 2974 989 3039 πόλιν.”
1023 2968 1119 3057 ἁγίαν
1142 2964 1236 3037 όὲπό·

237 3070 288 3134 λιν
311 3070 397 3154 λέγει
419 3076 521 3135 ποίαν
551 3069 690 3155 ταῦτην,·
728 3075 914 3157 πληροῦται
942 3071 1003 3154 γὰρ
1030 3066 1105 3137 κατ’
1130 3067 1235 3154 ἀμφοῖν

237 3163 256 3231 ό
279 3166 375 3252 λόγος
397 3168 444 3245 εἰς
465 3167 523 3251 τὴν
546 3167 692 3233 ἐνταῦθα
713 3171 769 3234 καλ
792 3169 838 3246 εἰς
860 3169 917 3255 τὴν
941 3167 1018 3234 ἅνω.
1051 3163 1104 3233 ότι
1121 3159 1251 3250 μὲνγὰρΒ

237 3266 284 3343 εἰς
306 3293 364 3351 την
393 3265 541 3331 ἐνταῦθα
560 3261 767 3353 Ἱεροοσαλημ
796 3268 1015 3353 σονεισηλθον
1044 3261 1133 3351 αῦτιῦ
1162 3259 1233 3341 πριό-

236 3387 303 3440 τον,
327 3367 424 3427 τοῦτο
449 3365 487 3449 όν
491 3366 556 3429 λον
588 3389 705 3450 πριν
690 3390 706 3427 r
733 3367 768 3429 δὲ
790 3369 848 3429 τοῦ
872 3360 1033 3450 όναβηναι
1052 3364 1110 3429 τὸν
1126 3361 1233 3473 σωτηρθ

195 3460 285 3535 κοεις
317 3459 374 3523 τόν
409 3455 562 3542 οῦρανόν,
604 3458 712 3538 οῦόεις
747 3460 943 3550 ἀναβέβηκεν
983 3463 1046 3539 έως
1080 3457 1136 3526 ὅτε
1165 3448 1232 3531 αυῐΨ

238 3558 455 3642 σονανη-λθον.
495 3553 679 3636 “οέόελς
644 3585 705 3643 γαρ
729 3555 926 3646 ἀναβέβηκεν
956 3559 1002 3636 τις
1030 3558 1088 3624 τόν
1117 3545 1232 3639 σόρανθῖ

238 3679 265 3720 ει
289 3652 336 3775 μη
357 3650 374 3716 ό
399 3653 431 3719 έκ
453 3658 510 3719 τοῦ
535 3652 674 3738 οῦραιοῦ
696 3656 856 3741 καταβάς,
890 3653 908 3721 ό
937 3657 1008 3734 υἱός
1034 3661 1094 3722 τοῦ
1124 3641 1233 3732 όνθρω·

238 3756 325 3816 που)
330 3747 457 3816 ’ἀλλὰ
479 3755 555 3836 περὶ
585 3755 710 3820 τοτ’των
740 3756 773 3820 έν
801 3758 848 3840 τῷ
876 3758 971 3820 τόποι
1002 3754 1168 3838 γενόμενοι
1190 3740 1234 3813 τὸς

238 3849 296 3915 όόο
320 3851 423 3927 λέξεις
445 3845 581 3928 όπεόείξ
581 3877 670 3917 αιιεν.
710 3878 739 3918 ει
731 3853 798 3917 ’δέ
819 3878 871 3929 τις
893 3853 961 3973 έρεῖ
983 3848 1035 3917 ὅτι
1058 3855 1124 3935 ἀρα
1138 3838 1233 3926 ελςΐλν

197 3944 442 4062 θιἹεροιψσαλνιι
466 3948 633 4036 εἰσηλθον,
664 3957 804 4033 μαθέτω
833 3947 885 4014 ότι
907 3950 940 4015 έν
964 3949 1068 4036 έκεένη
1092 3976 1130 4036 τη
1115 3941 1235 4041 ημέρέ

237 4048 303 4109 τιῦν
327 4049 441 4128 θοριῦν
463 4049 696 4113 κεκλεισμένων
720 4054 867 4133 παρέστη
892 4072 909 4111 ο
923 4043 1045 4133 Ιησοος
1069 4048 1153 4114 ἔνθα
1172 4031 1270 4127 ησσλλΙλ

209 4141 271 4254 ἠέ.
302 4143 454 4230 μαθηταὶ
493 4151 703 4230 συνηγμένοι,
744 4156 798 4211 καί
835 4169 937 4231 φησιν
976 4140 1091 4223 αὐτοῖς
1128 4082 1236 4225 “ελόιθλ

239 4241 343 4316 ομῖν.”
