2867 5084
440 1030 445 1035 .
482 980 579 1039 lm
597 983 801 1035 mmmm.
1117 973 1158 1049 βλ,

175 1134 342 1219 θρώπου,
372 1128 454 1200 αύτό
476 1134 547 1201 ἔστι
568 1133 607 1201 τὸ
628 1135 759 1220 γεμίζον
781 1134 840 1221 την
863 1134 1015 1222 σεληνην,
1040 1135 1079 1203 τὸ
1100 1161 1159 1203 κα-

175 1231 359 1317 ιριζόμενον
381 1230 603 1316 καθημερινὸν
625 1227 696 1300 ἀπὸ
717 1235 776 1299 τού
798 1232 938 1316 κόσμου·
961 1237 1014 1301 καί
1034 1232 1091 1303 ἐὰν
1107 1232 1159 1314 l}-

175 1337 219 1418 θη
248 1325 269 1417 ἡ
301 1328 388 1416 ψυχὴ
415 1328 460 1415 μη
488 1333 610 1416 γνοῦσα
638 1329 695 1416 τὴν
724 1325 903 1417 ἀληθειαν,
932 1332 1158 1415 παραδίδοται

175 1438 210 1507 lc
232 1429 388 1511 δαίμοσιν
410 1422 504 1505 ὅπως
526 1426 721 1509 δαμάσωσιν
743 1423 842 1514 αύτην
865 1427 899 1495 έν
921 1439 996 1507 ταῖς
1013 1433 1158 1514 γεένναις

175 1528 194 1593 ἵν
224 1524 345 1609 πυρός,
375 1525 428 1589 καί
457 1522 541 1606 μετὰ
568 1524 627 1611 τὴν
655 1526 831 1593 παίδευσιν
859 1526 1087 1609 μεταγγίζεται
1109 1526 1182 1605 είςε

175 1622 283 1709 λματα,
307 1623 363 1689 ἰ’να
386 1622 556 1708 δαμασθῇ.
586 1624 639 1688 καί
664 1618 751 1689 ούτισ
771 1622 930 1707 βάλλεται
953 1623 999 1702 είς
1021 1622 1059 1691 τὸ
1074 1630 1157 1708 μέγα

175 1724 202 1805 ἱρ
226 1717 302 1804 όχρι
323 1722 382 1805 της
404 1720 600 1798 συντελείας.

221 1874 273 1937 30.
303 1870 392 1951 Περὶ
416 1868 451 1934 δέ
466 1872 533 1933 τῶν
548 1862 626 1952 παρ’
644 1864 721 1955 ἡμῖν
736 1871 918 1956 προφητῶν
934 1864 1040 1947 οίῗτως
1056 1868 1157 1953 λέγει·

175 1968 266 2051 νεῦμα
288 1961 374 2034 είναι
396 1958 563 2049 ἀσεβείας,
586 1964 661 2052 ἤτοι
683 1961 822 2049 ἀνομίας
844 1969 902 2032 τοῦ
925 1963 1073 2044 σκότους,
1096 1966 1155 2030 τοῦ

175 2058 194 2131 τ’
220 2058 320 2149 όρχῆς
342 2057 552 2141 ἀνελθόντος.
582 2067 637 2130 καὶ
660 2062 716 2130 διὰ
737 2065 835 2129 τοῦτο
858 2064 1085 2149 πλανηθέντες
1100 2057 1197 2135 οόκισ

175 2160 310 2247 όλησαν.
342 2158 530 2248 ἐτύφλωσεν
551 2158 612 2247 γὰρ
635 2159 743 2227 αἰτῶν
766 2156 907 2243 όόίρχιον
922 2158 979 2248 την
996 2160 1156 2227 διάνοιαν.

176 2260 188 2327 λ
219 2259 253 2327 εἴ
277 2283 328 2337 τις
358 2252 539 2325 ἀκολουθεῖ
566 2268 638 2337 τοῖς
661 2255 773 2343 λόγοις
794 2253 918 2336 αότιόν,
948 2254 1158 2343 ἀποθνήσκει

175 2356 276 2436 ςτούς
290 2349 423 2434 αἴῶνας,
448 2355 619 2440 δεδεμένος
634 2355 681 2434 είς
695 2360 754 2442 την
768 2356 887 2443 βῶλον,
908 2351 961 2420 ότι
977 2349 1035 2421 ούκ
1050 2356 1156 2436 ἔμαθε

178 2456 196 2521 ’ν
217 2456 336 2539 γνῶσιν
358 2456 416 2518 τοῦ
446 2452 666 2539 παρακλητου.
712 2453 895 2520 ἐνετείλατο
918 2453 954 2518 δέ
976 2460 1047 2530 τοῖς
1070 2450 1157 2517 ἐκλε-

178 2542 231 2631 οίς
251 2546 350 2617 αύτοῦ
371 2550 496 2634 μόνοις,
520 2546 558 2617 ού
579 2553 683 2618 πλέον
706 2550 793 2619 έπτὰ
815 2540 890 2616 οῧσι
911 2549 970 2615 τὸν
992 2544 1156 2633 ἀριθμόν·
1170 2572 1196 2621 15

175 2676 195 2716 ν
196 2650 396 2737 παύσησθε
418 2650 598 2729 ἐσθίοντες
622 2646 761 2731 εόχεσθε
782 2651 835 2714 καί
857 2648 995 2733 βάλλετε
1017 2646 1073 2715 ίπί
1100 2672 1158 2765 της

175 2748 281 2839 φυλῆς
310 2695 422 2813 {aanor
450 2746 685 2832 ίξωρκισιιένον
715 2741 856 2829 ὀνόμασι
884 2746 1040 2825 πολλοῖς,
1072 2744 1158 2828 πρὸς

176 2844 315 2933 ηριγμὸν
337 2869 396 2933 της
418 2850 563 2923 πίστεως
585 2844 712 2932 ταύτης
744 2842 787 2909 τὰ
809 2838 878 2909 δέ’
863 2842 1010 2927 ονόματό
1024 2863 1084 2927 μοι
1100 2837 1157 2909 ούκ

175 2938 346 3029 ανεριόθη.
390 2940 487 3025 μόνοι
509 2941 570 3027 γὰρ
593 2943 625 3008 οἱ
649 2941 736 3009 έπτὰ
757 2939 888 3019 τούτοις
908 2943 1060 3026 χρῶνται.
1104 2966 1158 3006 και

175 3038 240 3107 ihr
268 3040 307 3105 τό
335 3034 413 3124 παρ’
438 3034 516 3124 ἡμῖν
544 3044 654 3122 τίμιον
684 3041 739 3105 καλ
766 3037 891 3124 μέγα
871 3063 976 3123 ονομα
997 3038 1157 3122 Σαβαιιιθ,
1167 3058 1197 3108 ‘20

175 3136 218 3205 ’τό
247 3132 394 3205 εἶναι
361 3163 419 3223 την
448 3135 549 3223 φύσιν
576 3139 636 3201 τοῦ
665 3129 851 3220 ἀνθρώπου
872 3140 926 3204 καί
950 3142 1079 3218 πατέρα
1101 3162 1159 3223 της

175 3240 335 3320 τιθυμίας.
380 3237 434 3300 καὶ
465 3233 521 3302 διὰ
547 3236 645 3299 τοῦτο
668 3228 831 3317 ἆπλόριοι
853 3236 1078 3317 προσκυνοῦσι
1100 3232 1156 3319 τὴν

175 3338 336 3418 τεθυμίαν,
359 3330 442 3398 θεὸν
464 3326 564 3420 αὐτὴν
585 3326 769 3418 ἡγούμενοι.

225 3480 311 3563 Περί
335 3477 370 3542 δέ
391 3478 451 3543 τοῦ
470 3470 577 3559 Ἀόόιμ
598 3478 673 3555 πῶς
694 3475 832 3562 ἐκτίσθη
856 3478 941 3560 λέγει
960 3468 1083 3554 οότιυς·
1106 3472 1158 3542 ὅτι

176 3573 287 3645 είπιόν
310 3576 435 3652 “δει”ιτε,
457 3576 510 3641 καί
533 3572 728 3659 ποιήσωμεν
750 3572 935 3658 ἄνθρωπον
957 3566 1024 3639 κατ’
1050 3573 1198 3641 εἰκόναυε

175 3678 300 3757 ιετέραν
321 3675 375 3739 καί
397 3665 474 3739 καθ’
499 3666 691 3754 ὁμοίωσιν,”
721 3664 877 3758 ἢκαθΗ
865 3668 903 3758 η“ν
925 3671 1056 3754 ειδομεν
1077 3695 1160 3756 μορ-

175 3796 222 3859 ην,
253 3766 363 3854 όίρχυιν
395 3764 527 3836 ἐστλν“
512 3793 530 3834 ο
561 3768 666 3837 είπών
686 3778 760 3847 τοῖς
781 3764 950 3852 έτίροις”
926 3791 1084 3852 αρχουσιν
1108 3763 1161 3833 ότι

175 3892 243 3946 ατε,
266 3864 344 3935 δότε
363 3889 423 3951 μοι
445 3865 480 3933 έκ
498 3870 558 3933 τοῦ
580 3866 694 3954 φωτὸς
715 3889 754 3933 ου
740 3855 968 3982 ἐλάβομεν,
982 3867 1034 3935 καί
1060 3889 1160 3950 ποιη-

175 3990 250 4059 W
280 3961 465 4083 ἄνθρωπον
492 3963 575 4031 κατὰ
601 3964 660 4052 τὴν
686 3959 780 4052 ἡμῶν
802 3966 867 4031 τῶν
890 3957 1056 4047 ἀρχόντων
1077 3984 1160 4045 μορ-

175 4064 222 4152 λυ,
244 4054 363 4128 καθ’
345 4086 385 4147 ην
408 4057 590 4144 εἴδομαῇ
577 4059 689 4131 όέστι
710 4064 845 4146 πρῶτος
867 4058 1059 4176 ἅνθρωπος.
1104 4060 1198 4127 καιαι

175 4158 248 4239 ’τως
261 4157 424 4227 ἔκτισε
390 4183 464 4225 τοι
456 4157 664 4278 ..c't'vflownom
693 4185 752 4247 την
736 4161 811 4227 νόε
832 4156 921 4225 Εύαν
937 4152 1093 4239 ὁμοίως’
1076 4180 1157 4224 εκτι-

175 4285 218 4340 ιν,
249 4253 365 4337 δόντες
390 4250 472 4345 αότῇ
500 4256 534 4325 ἐκ
562 4283 621 4344 της
647 4256 834 4342 ἐπιθυμίας
861 4248 985 4331 αὐτῶν,
1013 4251 1099 4339 πρὸς
1120 4251 1159 4321 τὸ

970 4357 1006 4409 4*
