2867 5084
244 964 308 1026 364
474 978 676 1027 ειτωωυιον
693 978 789 1026 xm
809 978 995 1026 ιινυτιτιιυ
1011 978 1039 1025 r.

242 1126 336 1209 ζώειν
358 1128 406 1205 εἷς
427 1133 551 1213 τέφραν
571 1133 802 1210 συναχθέντος,
826 1130 879 1194 καλ
894 1133 1073 1211 μετέπειτα
1095 1138 1171 1206 τοίς
1194 1123 1267 1195 ἀνέ·

240 1248 318 1309 μοις
340 1220 395 1290 ὑπ’
421 1220 529 1291 αάτῶν
551 1226 778 1311 λικμηθέντσς,
801 1228 855 1291 καὶ
874 1222 980 1304 οὕτως
994 1225 1033 1291 τό
1048 1231 1156 1310 πέρας
1171 1226 1265 1312 έσχη

241 1321 346 1400 κότος.
378 1324 479 1402 λέξειε
502 1318 533 1389 δ’
553 1321 592 1388 ἀν
614 1348 666 1401 τις
687 1328 763 1407 περί
788 1326 847 1388 τοῦ
863 1319 970 1401 οὕτως
987 1323 1262 1410 τετελευτηκότος,

242 1418 359 1486 οὐκοῦν
388 1420 608 1507 ἐμαρτύρησεν
636 1416 705 1486 όπό
732 1416 889 1506 Ἑλλήνιον
922 1424 1026 1486 ταῦτα
1058 1423 1262 1502 πεπονθώς,·

217 1520 294 1583 ὁκαὶ
318 1518 427 1601 εἰμὲν
455 1514 540 1603 ὑπὲρ
569 1514 731 1605 ἀληθείας
760 1513 848 1600 αὐτῷ
877 1508 915 1604 ἦν
939 1514 957 1583 ό
980 1513 1084 1604 ἀγών,
1118 1523 1173 1586 καί
1197 1515 1261 1585 ἀπὸ
1293 1532 1297 1541 “

238 1610 394 1698 Ἑλλήνιον
418 1615 474 1681 διὰ
497 1615 629 1700 φθόνον
660 1618 715 1682 καλ
748 1614 806 1702 τὴν
835 1616 881 1694 εἷς
903 1615 1052 1700 Χριστὸν
1083 1612 1300 1701 ὁμολογίαι913

240 1712 442 1779 τὰτοιαῦτα
465 1710 553 1798 αὐτῷ
577 1720 794 1801 συμβέβηκεν,
826 1711 930 1792 όντιος
958 1715 992 1781 ἒν
1019 1715 1181 1799 μάρτυσι,
1210 1716 1258 1780 καλ

241 1806 299 1876 οάκ
320 1810 353 1876 έν
375 1821 506 1894 μικροῖς
529 1810 689 1876 ε’τέτακτο.
728 1806 785 1877 οάκ
807 1801 846 1898 ἦν
870 1814 903 1878 δὲ
933 1811 972 1876 τό
994 1813 1105 1878 αἴτιον
1129 1812 1187 1878 διὰ
1207 1811 1259 1898 την

241 1907 288 1984 είς
302 1907 451 1989 Χριστόν
468 1904 654 1992 ὁμολογίαν,
679 1903 764 1974 ἀλλὰ
786 1904 826 1974 δι’
851 1908 890 1995 ἢν
913 1910 946 1976 έν
968 1913 1008 1996 τῇ
1024 1909 1144 1975 ἑαυτοῦ
1161 1911 1259 1996 δῆθεν

203 2003 408 2090 ίοέπισκοπῇ
431 2007 611 2092 καλουμένη
635 2006 762 2091 πολλὴν
784 2013 860 2090 βίαν
882 2006 941 2093 την
963 2007 1064 2072 πόλιν
1078 2033 1116 2073 τε
1136 2011 1191 2074 καὶ
1206 2005 1258 2072 τόν

241 2103 344 2188 δῆμον
374 2105 522 2182 διέθετο,
555 2107 601 2189 πη
629 2105 688 2185 μὲν
717 2099 875 2186 ἁρπάζων
897 2104 974 2182 τοὺς
995 2099 1202 2189 ἀνθρώπους
1222 2103 1258 2170 τό

239 2195 307 2265 ἀπὸ
336 2204 402 2266 τιῦν
430 2208 552 2285 γονέων
582 2196 690 2266 αὐτῶν
718 2200 1000 2288 κληρονομήματα.
1051 2205 1106 2268 καὶ
1135 2203 1193 2269 ἵνα
1217 2201 1256 2288 μη

240 2297 469 2382 διαβάλλωμεν
497 2298 555 2364 τὸν
578 2296 696 2383 ἀνδρα·
725 2298 836 2365 πολλὰ
858 2300 918 2384 γάρ
943 2300 1013 2366 ἔστι
1035 2298 1077 2366 τό
1100 2294 1156 2365 ἀπ’
1183 2299 1257 2366 ἐκεί-

239 2419 298 2462 νου
319 2407 392 2474 τοῖς
410 2392 662 2480 Ἀλεξανδρεῦσι
683 2397 850 2481 γενόμενα,
879 2401 954 2475 πῶς
982 2399 1043 2479 μὲν
1071 2397 1131 2485 τὴν
1153 2405 1255 2482 νίτρον

202 2505 230 2555 15
240 2489 375 2560 άπασαν
399 2493 539 2577 ε’ξέλαβε,
574 2498 649 2572 πῶς
677 2495 777 2560 δὲτὰ
800 2495 855 2580 ἕλη
877 2495 998 2581 τὸτῆς
1021 2495 1188 2580 παπόρου
1209 2497 1255 2560 καί

238 2595 297 2656 τοῦ
320 2591 467 2673 καλάμου
489 2594 541 2655 καί
565 2590 624 2668 τὰς
647 2594 765 2674 λίμνας
785 2595 844 2657 τοῦ
867 2589 947 2670 ἁλός
970 2594 1108 2658 διοικεῖν
1139 2595 1193 2659 καλ
1215 2592 1273 2669 είςο

238 2687 355 2754 ἑαυτὸν
384 2682 622 2774 ἀποφέρεσθαι
651 2689 844 2772 ἐπενόησεν·
886 2686 931 2768 ιός
965 2693 1060 2755 πᾶσα
1088 2689 1255 2775 αἰσχρότης

236 2789 312 2868 βίου
340 2785 474 2865 κέρδους
503 2783 557 2850 διὰ
586 2787 711 2871 πολλῆς
739 2791 899 2874 μηχανῆς,
938 2786 1012 2871 ἀχρι
1048 2791 1101 2853 καὶ
1132 2790 1254 2854 λεπτῶν

238 2881 456 2964 πραγμάτων,
492 2877 569 2966 παρ’
602 2876 690 2969 αότῷ
721 2880 778 2950 οὐκ
800 2881 958 2972 ἠμέλητο,
997 2879 1042 2962 ὡς
1069 2887 1123 2952 καὶ
1153 2887 1254 2960 κλίνας

199 2977 399 3064 ιθέπενόησε
431 2989 503 3058 τοῖς
536 2979 668 3064 στόμασι
701 2986 768 3048 τῶν
801 2981 1018 3061 ε’ξοδευόντων
1052 2986 1194 3068 ποιῆσαι
1226 2981 1253 3047 έι

238 3070 375 3160 ἀριθμῷ
403 3103 484 3156 τινι,
514 3081 567 3144 καί
598 3076 674 3145 ἀνευ
702 3082 769 3145 τῶν
791 3074 847 3145 ἀπ)
873 3074 973 3146 αότοό
998 3079 1253 3166 ἐπιτεταγμένων

239 3169 296 3241 σόκ
319 3174 520 3259 ἐξεκομίζετο
545 3180 641 3258 σιδμα
663 3180 730 3242 τῶν
752 3177 989 3257 τελευτιόντιυν,
1020 3176 1079 3244 έπὶ
1102 3180 1251 3245 πλεῖστοι

239 3275 274 3340 δὲ
296 3277 362 3340 τεόν
386 3275 494 3353 ξένιον,
520 3268 558 3340 σό
582 3273 638 3359 διὰ
661 3276 861 3360 φιλοξενίαν,
887 3271 980 3353 ἀλλὰ,
1003 3274 1121 3354 καθώς
1141 3277 1249 3360 ἔλεγον,

239 3370 295 3436 διὰ
323 3372 490 3455 πορισμόν
521 3372 636 3457 βιιόδη.
680 3372 712 3438 εί
738 3398 790 3449 τις
817 3371 878 3456 γὰρ
910 3373 1040 3439 ἔθαπτε
1071 3367 1118 3440 δι’
1144 3370 1249 3441 ἑαυτοῦ

199 3470 344 3550 θόσῶμα,
375 3472 523 3535 κίνδυνον
546 3465 720 3555 ὑφίστατο.
762 3465 867 3546 οὕτως
890 3471 925 3536 δέ
947 3465 1007 3556 ἀφ’
1033 3470 1173 3536 ἑκάστου
1193 3471 1249 3535 τῶν

239 3564 464 3651 ἐκφερομένων
486 3568 600 3648 κέρδος
622 3593 654 3632 τι
677 3562 766 3652 αὐτῷ
790 3573 1026 3653 προσεφέρετο.
1059 3572 1114 3634 καί
1139 3564 1268 3635 σιωπάΰ

237 3662 279 3729 τὰ
301 3661 385 3730 ἀλλα
407 3667 511 3750 λέγειν
534 3660 598 3729 ὅσα
621 3659 735 3750 όάνὴρ
760 3665 792 3730 ἓν
807 3677 950 3751 τρυφαῖς
971 3669 1026 3731 καλ
1048 3664 1164 3745 ἀλλοις
1189 3665 1251 3732 έκο-

236 3762 348 3845 μίζετο
371 3767 422 3828 καί
448 3763 482 3828 έν
505 3757 697 3847 άπηνότητι.
736 3762 793 3827 διὰ
820 3766 898 3847 γοῦν
927 3765 1031 3827 ταῦτα
1061 3763 1174 3830 πάντα
1200 3762 1250 3846 την

238 3859 284 3937 είς
318 3853 418 3924 αὐτόν
454 3863 550 3944 μῆνιν
584 3859 814 3945 κεκρατηκότες
847 3856 1091 3943 Ἀλεξανδρέων
1129 3861 1250 3936 παῖδες,

196 3953 379 4042 υοἝλληνες
407 3957 442 4022 δέ
469 3955 629 4037 μάλιστα,
664 3960 763 4021 τοῦτο
795 3952 894 4022 αἰτόν
918 3959 1071 4024 διέθεντο
1093 3959 1133 4024 τό
1155 3958 1250 4035 τέλος.

236 4055 310 4137 ἐμοὶ
334 4056 369 4120 δέ
390 4059 501 4139 γέγονε
523 4053 696 4139 πρόφασις
724 4055 800 4136 περὶ
825 4055 943 4120 τούτου
966 4057 1088 4140 λέγειν,
1119 4052 1166 4135 ιός
1187 4055 1252 4141 ἐτη

235 4158 392 4237 χηθέντες
413 4151 472 4237 τὴν
494 4155 552 4216 τοῦ
577 4158 811 4217 Κωνσταντίου
844 4151 996 4239 τελευτὴν
1030 4147 1134 4232 εόθός
1155 4150 1256 4230 οὕτως

237 4243 337 4312 αότὸν
360 4243 538 4315 ἀπιόλεσαν
559 4249 591 4314 οἱ
607 4243 700 4314 αὐτοὶ
714 4242 952 4334 Ἀλεξανδρεῖς,
977 4243 1018 4315 δι’
1036 4245 1135 4318 οὐδέν
1150 4253 1257 4337 ἕτερον
