2867 5084
211 924 274 988 942
614 934 705 985 usust
725 933 836 985 uenus.

705 1115 743 1173 Ρ.

215 1227 341 1278 Paradisus
360 1224 480 1273 terrestris
505 1224 560 1286 quis
585 1232 609 1271 et
632 1223 671 1271 ethi
690 1223 763 1272 luerit
781 1221 862 1270 stit.
905 1220 1053 1269 llelutamtur
1071 1220 1111 1284 qni
1131 1221 1153 1268 iu
1170 1220 1224 1268 tenio

248 1294 316 1342 coelo
335 1292 410 1341 luisse
429 1306 483 1340 eum
502 1299 612 1340 asserunt
631 1291 664 1339 ils.
691 1292 734 1339 llic
753 1298 788 1338 est
808 1291 830 1338 in
846 1289 919 1337 Edem
938 1289 1110 1338 adorientem
1129 1289 1246 1354 coresium¹

250 1361 312 1409 unde
331 1360 375 1408 luit
393 1359 501 1408 deiectus
519 1358 593 1406 ddunt
611 1357 692 1407 ersa.

214 1430 304 1479 Pasclra
323 1442 395 1490 quam
414 1428 506 1475 incerto
525 1426 564 1474 die
582 1425 715 1487 apluribus
726 1424 797 1473 luerit
809 1424 958 1472 celebratum
977 1424 1028 1473 stt
1039 1425 1096 1473 ab.
1123 1424 1227 1473 Paccius

249 1492 376 1544 celebritas
395 1494 584 1544 observationem
594 1493 711 1556 triplicem
722 1493 821 1555 requirit
841 1492 920 1542 stac.
932 1493 956 1542 b.
987 1493 1046 1540 Post
1064 1493 1229 1556 aequinoctium

249 1564 366 1613 celebrari
385 1562 463 1622 debet,
483 1561 547 1624 quod
559 1560 639 1610 ludaei
658 1560 860 1609 nonserrantilr.
896 1560 990 1609 Pascha
1009 1560 1113 1611 minime
1133 1561 1170 1609 ll.
1185 1559 1230 1607 lunt

249 1630 419 1680 celebrandum
437 1629 518 1678 stro.
797 1638 800 1644 ·

215 1699 366 1749 Patriarcltae
382 1704 475 1745 veteres
494 1697 643 1745 Christianos
661 1695 804 1744 adumbrant
821 1695 869 1744 fib.
900 1695 1061 1746 Potriarclrae
1078 1698 1153 1746 tudae
1169 1695 1232 1744 ltisto

249 1767 292 1826 ria,
321 1773 343 1814 et
362 1779 424 1828 quse
443 1766 467 1814 in
486 1765 578 1813 balneis
597 1764 629 1812 illi
648 1764 820 1824 coratigeretint
843 1763 918 1812 ttta.
937 1770 960 1810 et
980 1765 1110 1828 deinceps.
1143 1765 1231 1826 Patriae-

249 1834 292 1882 clra
305 1832 455 1881 'ludaeorum
473 1846 542 1880 sacro
562 1832 703 1894 baptismate
720 1831 827 1881 initiatus
847 1830 924 1880 lese.
949 1831 1108 1882 Putriarchae
1119 1832 1232 1882 duodecim

249 1914 263 1948 a
283 1901 368 1948 lacobo
387 1901 459 1960 geniti
479 1900 516 1948 tt).

216 1968 291 2020 Petris
309 1981 412 2030 persona
437 1981 484 2015 non
509 1972 567 2016 satis
592 1967 733 2030 exprimitur
756 1967 827 2015 verbo
852 1967 951 2027 ingeniti
970 1965 1054 2017 soca.
1092 1968 1161 2017 Circe
1184 1968 1231 2015 iaec

249 2036 425 2084 haereticorum
443 2034 495 2083 loca
514 2034 632 2098 quaedam
651 2033 730 2084 868³.
775 2035 873 2097 Siquis
897 2034 972 2082 lilium
999 2036 1108 2085 similem
1127 2036 1185 2084 Patri
1201 2048 1232 2080 ro

249 2103 340 2151 luntate
359 2111 382 2152 et
399 2103 532 2151 substantia
550 2101 691 2151 dissimilem
716 2101 799 2152 dixerit
824 2102 950 2150 anatliema
969 2102 1002 2150 sit
1029 2104 1111 2153 869³.
1148 2103 1192 2153 Sed
1212 2105 1230 2149 in

249 2172 360 2220 omnibus
380 2171 439 2235 patri
458 2170 542 2219 similis
561 2177 597 2218 est
618 2171 682 2219 filius
699 2170 732 2218 ib.
769 2170 873 2218 Veientis
892 2176 916 2218 et
934 2170 1018 2219 Basilii
1038 2166 1163 2235 Episcopi,
1185 2172 1230 2218 ¹stetu

251 2239 353 2287 Marcelli
364 2243 469 2302 Ancyrae
479 2237 600 2300 Episcopi,
618 2237 702 2300 quoles
721 2252 793 2300 super
812 2239 857 2286 hoe
870 2237 959 2285 luerint
971 2240 1146 2288 attestationes
1164 2237 1231 2288 sust

251 2308 296 2364 Qui
316 2307 428 2370 Episcopi
453 2307 508 2355 ltuic
532 2308 666 2355 sententiae
690 2306 878 2368 subscripserint
902 2305 980 2354 stoa.
1030 2307 1160 2356 llissensio
1181 2307 1232 2353 inter

250 2375 304 2423 illos
324 2375 458 2424 haereticos
476 2375 508 2423 ib.
520 2375 542 2423 b.
579 2374 734 2423 Constantius
752 2373 885 2436 lmperatur
902 2373 949 2421 illis
968 2373 1066 2425 larebat
1084 2377 1116 2424 in.

216 2443 281 2493 Pauli
300 2443 368 2491 locus
387 2458 413 2491 es
433 2442 533 2506 epistola
551 2442 580 2490 ad
593 2442 659 2490 liom.
679 2440 810 2504 explicatus
823 2444 900 2504 capite
913 2442 1021 2504 septimo
1044 2443 1155 2492 bilior.
1183 2441 1232 2490 Pau·

249 2509 287 2559 lus
305 2511 411 2559 Graecus
428 2511 552 2559 Tarsensis
571 2510 614 2558 luit
633 2517 716 2572 postea
737 2510 871 2573 Proselptus
892 2509 1001 2560 trent.
1042 2511 1131 2560 Paulus
1143 2512 1233 2572 Apoeto

249 2578 286 2625 lus
306 2579 417 2626 Gentium
436 2593 463 2627 ac
483 2592 570 2641 praeco
585 2578 671 2626 Lucam
691 2579 802 2627 comitem
821 2578 952 2640 assumpsit
971 2577 1005 2626 50
1017 2578 1041 2627 d.
1062 2579 1093 2628 51
1106 2595 1127 2628 s.
1157 2577 1231 2627 Paulos

248 2645 381 2706 linguarum
400 2646 444 2694 luit
463 2646 623 2708 peritissimus
641 2645 722 2694 told.
764 2646 850 2694 Paulus
868 2646 981 2708 obscure,
1006 2647 1054 2695 scd
1079 2655 1146 2696 recte
1163 2645 1232 2694 omnia

248 2715 412 2777 pronunciarit
430 2713 479 2763 552
489 2716 511 2763 b.

215 2780 327 2832 Paulinus
346 2781 508 2829 Antiocltenus
527 2780 676 2834 catholicum
695 2794 723 2828 se
741 2781 866 2843 prolitetur
886 2781 980 2830 totsa.
1017 2781 1161 2845 Exemplum
1178 2780 1232 2829 illias

249 2847 406 2910 professionis
425 2849 456 2897 ib.
467 2849 489 2896 h.

214 2916 278 2965 Pauli
298 2916 447 2963 Saurosateui
468 2916 574 2964 hseresis
593 2915 656 2977 xlv,
675 2914 760 2963 ordine
771 2915 824 2964 LXV
843 2915 920 2965 sota.
950 2916 1057 2974 Quando
1077 2925 1101 2966 et
1115 2917 1154 2966 obi
1172 2923 1231 2964 natus

247 2983 313 3032 ilnd.
350 2983 406 3031 Eius
425 2982 506 3044 opinio
525 2998 571 3045 qua
591 2983 727 3032 Artemonis
747 2983 864 3031 haeresim
883 2984 1003 3032 renovarit
1022 2984 1106 3034 6082.
1149 2985 1232 3042 outone

249 3066 276 3100 ex
295 3050 355 3099 locis
372 3050 505 3113 scripturae
529 3065 599 3099 suurn
625 3050 709 3112 dosstna
729 3051 854 3099 conllnnet
878 3051 941 3100 ilnc.
987 3051 1048 3101 Eius
1074 3052 1185 3102 refutatio
1204 3050 1231 3099 ilo

248 3119 312 3168 ldem
324 3117 409 3167 Paulus
428 3132 483 3167 cunt
502 3119 553 3167 suis
572 3119 736 3167 Samosatenis
755 3119 858 3167 iudaisat
875 3119 940 3167 iisd.
978 3119 1053 3169 Aliud
1072 3135 1145 3184 qnam
1158 3121 1231 3171 seno

248 3187 324 3236 sateni
344 3188 416 3236 sentit
435 3186 556 3236 catholica
575 3187 636 3235 lldes
662 3188 692 3234 de
716 3194 766 3235 tots
782 3186 898 3235 Trinitate
916 3186 998 3237 (iolla.
1043 3189 1148 3238 Verbum
1171 3185 1232 3251 quale

250 3255 336 3304 Paulos
355 3257 527 3304 samosatenus
546 3256 676 3303 constituat
695 3254 726 3302 ib.
738 3254 761 3302 lt.

214 3323 307 3373 Peccati
333 3322 386 3384 iuga
412 3338 454 3385 per
477 3330 579 3372 tnortem
606 3322 741 3372 ostenditur
764 3330 818 3384 apta
844 3321 1002 3376 similitudine
1027 3325 1137 3386 caprifici
1161 3321 1232 3372 5482.

248 3391 374 3439 Peccatum
393 3390 514 3452 quomodo
539 3391 563 3439 in
587 3391 658 3440 nobis
682 3390 790 3439 habitare
809 3389 901 3438 dicstur
921 3389 1001 3439 etse.
1040 3391 1167 3441 Peccatum
1190 3403 1231 3437 non

247 3465 303 3506 ante
321 3471 417 3519 corpus,
436 3459 479 3507 sed
499 3473 545 3508 uua
563 3473 617 3507 cum
636 3472 738 3520 corpore
751 3464 833 3505 natum
852 3457 930 3506 sisa.
958 3458 1090 3508 Peccatum
1105 3472 1232 3509 omneoar·

248 3525 285 3574 nis
304 3524 450 3574 aotntnteuto
469 3526 591 3589 perticitur
608 3525 688 3575 sest.
735 3526 840 3574 Peccatis
864 3539 893 3574 au
917 3525 980 3574 vitiis
1005 3534 1108 3576 strenue
1126 3529 1232 3576 resisten-

248 3593 304 3643 dutn
323 3593 404 3643 5861).
442 3594 565 3654 Peccatum
585 3594 694 3642 residens
713 3594 737 3641 iu
756 3607 857 3655 corpore
883 3607 949 3641 mors
974 3594 1113 3657 appelletur
1136 3593 1231 3644 al’aulo

237 3661 328 3712 sset.
365 3661 462 3710 Peccata
482 3662 588 3725 quamvis
606 3663 630 3711 in
649 3662 767 3723 scriptura
792 3661 975 3724 praedicantur,
1004 3670 1087 3712 tamen
1113 3678 1160 3712 uon
1182 3675 1232 3725 pro-

247 3737 329 3793 pterea
348 3743 420 3778 causa
434 3738 587 3793 peccatorum
599 3730 649 3778 lieo
660 3726 785 3778 tribuenda
804 3728 850 3777 ast
861 3744 881 3777 c.
912 3729 1006 3778 Peccati
1024 3744 1146 3793 qtraenam
1164 3730 1231 3790 oripo,

248 3805 271 3846 et
290 3796 353 3846 unde
371 3796 396 3845 iu
420 3811 464 3846 nos
488 3798 571 3846 intiuat
588 3797 670 3847 totto.
713 3799 839 3847 Peccatum
864 3796 988 3859 quomodo
1017 3813 1045 3847 ex
1071 3801 1159 3848 arbore
1183 3811 1231 3860 pro·

249 3865 319 3913 dierit
338 3863 419 3913 2680.

213 3932 291 3983 Pelles
309 3946 356 3995 qus
373 3946 431 3981 soce
455 3933 518 3996 apud
537 3933 658 3982 lleltracos
677 3933 830 3995 exprimatur,
859 3939 883 3981 et
907 3933 1042 3983 liebraicae
1060 3935 1128 3983 nocis
1145 3940 1231 3997 etpnoa

213 4068 367 4116 Pentateuclti
386 4068 536 4116 confirmatio
555 4075 637 4117 contra
657 4067 791 4116 Nazaraeos
810 4066 842 4117 38
850 4066 877 4129 d,
892 4065 925 4116 39
933 4081 954 4116 a.

212 4135 367 4184 Pentecostes
385 4136 557 4200 qninquaginta
575 4136 660 4185 diebus
679 4148 759 4197 neque
777 4135 893 4184 ieiunium
912 4141 1031 4200 servatur,
1058 4151 1141 4205 neque
1163 4148 1234 4198 gessa

247 4203 376 4252 nectuntur
396 4205 491 4255 ttoss.
526 4203 554 4252 Et
573 4203 681 4267 quotidie
700 4216 799 4267 synaxes
818 4203 878 4252 liunt
895 4202 928 4252 ib.
