2867 5084
247 958 310 1019 346
474 968 681 1019 συνοίμιον
697 969 792 1018 xm
811 968 999 1019 Αινετεαει
1014 970 1043 1018 υ.

245 1125 298 1188 καί
322 1122 441 1203 έσομαι
462 1121 569 1204 ληιησίλ
593 1122 723 1201 πνεῦμα
746 1119 867 1203 ψευδὲς
889 1118 922 1185 ἐν
941 1118 1083 1202 στόματι
1096 1121 1165 1184 τῶν
1181 1142 1269 1203 προ-

247 1220 389 1306 φητῶν,”
426 1217 554 1299 λέγεται
577 1217 613 1282 δὲ
628 1219 759 1298 πνεῦμα
781 1216 985 1295 κατανύξεως
1008 1210 1109 1295 εἶναι,
1135 1220 1271 1299 πνεῦμα

246 1315 379 1391 δειλίας,
403 1316 456 1377 καλ
479 1316 609 1396 πνεῦμα
625 1312 786 1388 ττύθωνος
807 1316 861 1378 καὶ
877 1317 1008 1396 πνεῦμα
1029 1319 1190 1396 πορνείας
1213 1314 1268 1378 καί

244 1413 374 1492 πνεῦμα
396 1413 585 1495 καταιγίδος
606 1413 659 1475 καὶ
683 1413 813 1493 πνεύμα
829 1413 1040 1497 πολυρρήμον
1062 1412 1116 1475 καλ
1132 1412 1271 1491 πνεῦμα

222 1501 423 1583 δάσθενείας
445 1511 499 1572 καὶ
515 1511 644 1589 πνεύμα
660 1503 850 1590 ἀκάθαρτον
866 1512 919 1573 καλ
936 1510 1066 1590 πνεῦμα
1079 1507 1195 1592 κωφὸν
1212 1509 1267 1573 καλ

245 1608 376 1688 πνεῦμα
398 1601 521 1669 ἀλαλσν
544 1607 596 1669 καλ
620 1609 750 1687 πνεῦμα
771 1605 950 1688 μογίλαλον
976 1607 1029 1669 καὶ
1053 1607 1186 1685 πνεῦμα
1208 1629 1269 1685 χα-

246 1702 348 1767 λεπὸν
371 1702 453 1778 λίαν,
479 1699 496 1764 3
518 1703 667 1766 καλεῖται
691 1699 817 1785 λεγεὼν,
841 1701 896 1766 καὶ
918 1699 960 1767 τά
980 1700 1187 1783 πνευματικὰ
1209 1704 1269 1787 τῆς

244 1805 415 1884 πονηρίας.
448 1795 571 1880 ἄπειρα
594 1798 629 1862 δὲ
651 1796 693 1862 τὰ
715 1799 792 1881 περὶ
809 1799 1004 1880 πνευμάτων
1020 1796 1114 1882 λόγια
1131 1809 1266 1883 σοφοῖς.

246 1889 313 1960 ἀλλ’
340 1890 453 1977 ὥσπερ
478 1894 509 1959 σί
532 1893 652 1958 πολλοὶ
676 1895 741 1959 υἱοί
765 1899 870 1973 θέσει,
903 1889 1065 1980 ήκλήσει,
1096 1887 1155 1959 ούκ
1185 1889 1269 1979 ἀλη-

210 1997 325 2078 λθθείᾳ
354 1992 389 2056 δὲ
418 1989 474 2057 διὰ
501 1991 539 2054 τὸ
569 1987 667 2075 ἀρχήν
701 1991 784 2072 ἔχειν
817 1995 871 2057 καὶ
899 1992 993 2068 τέλος
1024 1986 1310 2074 άμαρτητικῶς,ε

245 2085 332 2154 ούτω
355 2091 410 2154 καὶ
426 2088 597 2171 πνεύματα
612 2089 756 2152 πλεῖστα
771 2093 875 2167 θέσει,
899 2083 1055 2174 ἢκλήσει,
1080 2081 1140 2152 κάν
1158 2083 1269 2172 ἆμαρ-

244 2186 360 2273 τητικά
386 2176 433 2270 ήν
470 2184 509 2250 τὸ
539 2185 572 2248 δὲ
603 2180 696 2266 άγιον
726 2188 856 2268 πνεῦμα
882 2184 985 2266 μόνον
1013 2186 1163 2251 καλεῖται
1198 2181 1267 2250 ύπὸ

244 2281 372 2367 πατρὸς
400 2281 455 2348 καὶ
484 2282 556 2346 υἱσύ
585 2283 716 2363 πνεῦμα
745 2277 905 2364 ἀληθείας
938 2283 991 2347 καί
1021 2285 1153 2364 πνεῦμα
1180 2286 1267 2349 θεοῦ

244 2383 297 2445 καὶ
321 2374 612 2462 πνεύμαΧριστσῖι
634 2379 688 2442 καὶ
703 2381 833 2459 πνεῦμα
847 2378 988 2497 γάριτος.
1020 2379 1240 2462 χαρίζεται
1200 2405 1266 2496 γαρ

208 2487 236 2536 15
245 2475 370 2560 ἑκάστῳ
384 2473 599 2592 διαφόρους
566 2499 605 2539 το
618 2469 756 2560 ἀγαθὸν,
782 2501 808 2559 ηι
819 2477 879 2557 μὲν
892 2478 1022 2558 πνεύμα
1038 2481 1202 2597 συηνίας,ι
1185 2502 1214 2540 ω
1200 2467 1268 2543 δὲ

244 2575 374 2654 πνεῦμα
384 2571 576 2658 γνιύσειος,
560 2598 587 2636 ω
575 2561 636 2637 δὲ
650 2575 779 2637 πνεύιια
792 2562 954 2658 ἰσχύοςζ
937 2598 953 2635 ο
970 2574 1030 2639 δὲ
1021 2575 1152 2654 πνεῦμα
1166 2574 1268 2656 ἰαμα·

243 2690 318 2746 των,
341 2694 367 2752 ῳ
355 2658 420 2733 δὲ
435 2672 564 2750 πνεῦμα
577 2675 793 2754 προφητείας,
818 2695 844 2755 ηι
832 2660 897 2735 δὲ
913 2673 1043 2751 πνεῦμα
1058 2670 1265 2753 διακρίσεως,

243 2755 270 2850 ᾧ
283 2767 319 2830 δὲ
331 2765 519 2851 ἕρμηνειιύν,
529 2769 581 2830 καλ
597 2765 639 2830 τά
654 2765 758 2831 λοιπά
775 2767 810 2832 δὲ
823 2773 1019 2849 χαρίσματα,
1029 2763 1074 2843 ιύς
1090 2790 1194 2852 φησιν
1212 2771 1266 2834 “ἓν

244 2863 280 2928 δὲ
301 2864 354 2927 καί
377 2861 416 2926 τὸ
438 2859 519 2927 αύτὸ
542 2865 681 2944 πνεῦμα,
706 2864 855 2946 διαιροῦν
872 2862 997 2948 ἑκάστῳ
1020 2858 1065 2940 τός
1078 2864 1266 2948 βούλεται.”

206 2954 264 3046 λθή
294 2958 351 3040 “23
381 2958 512 3042 πνεῦμά
541 2982 600 3024 σου
629 2958 667 3024 τὸ
697 2957 826 3043 ἀγαθόν
856 2955 1008 3045 ὁδηγήσει
1034 2985 1076 3042 με
1104 2958 1122 3025 ὃ
1154 2961 1310 3042 θεύς,”Ε

243 3058 345 3142 φησίν
368 3051 386 3121 ό
408 3057 528 3140 Δαβίδ.
574 3049 594 3140 ἢ
618 3055 676 3120 “τὸ
699 3061 830 3140 πνεῦμα
854 3053 940 3122 ὅπου
962 3058 1058 3123 θέλει
1079 3070 1160 3124 πνεῖ
1168 3063 1197 3138 ,”
1225 3060 1266 3126 τὸ

243 3153 467 3221 ἕνοπύστατον
490 3152 546 3219 διὰ
567 3153 693 3219 τούτων
707 3157 766 3219 τού
783 3150 877 3239 ύγίσυ
894 3154 1080 3238 πνεύματος
1099 3156 1265 3224 δείκνυσιν

241 3248 336 3337 ἡμῖν,
366 3253 439 3316 “καὶ
463 3251 520 3337 τήν
544 3248 656 3337 φωνήν
679 3245 779 3316 αύτσύ
803 3246 946 3330 ἀκούεις,
980 3245 1055 3317 ἀλλ’
1086 3249 1145 3317 ούκ
1169 3248 1266 3333 σίδας

241 3346 351 3412 πόθεν
375 3348 502 3429 ἔρχεται
524 3351 576 3413 καλ
600 3351 666 3412 πού
689 3343 836 3431 ύπάγει,”
858 3348 914 3414 καὶ
930 3348 1007 3414 “έὰν
1021 3347 1064 3434 μή
1080 3355 1266 3437 γεννηθῑτε

202 3442 278 3520 λσέξ
298 3439 418 3533 ὕδατος
440 3447 493 3507 καλ
516 3443 729 3526 πνεύματος.”
752 3440 869 3527 ὅμοιον
893 3441 937 3524 ἀς
960 3441 1186 3526 ελπείΙαύλος
1208 3449 1266 3516 “gv

240 3538 301 3623 γὰρ
324 3541 461 3621 Χριστῷ
480 3535 583 3624 ’ίησσῦ
606 3541 669 3624 ε’·γώ
697 3541 852 3627 ἐγέννησα
880 3538 991 3626 ύμᾶς.”
1035 3546 1112 3627 περί
1141 3546 1265 3613 τούτου

241 3630 392 3718 δκύριος
414 3630 514 3699 “ό’ταν
544 3636 627 3722 ἔλθη
658 3634 675 3702 ὁ
704 3638 928 3726 παράκλητος,
968 3639 1004 3705 ὃν
1038 3640 1101 3726 ἐγὼ
1134 3649 1265 3726 πέμπω

239 3728 332 3814 ύμῖν,
367 3729 405 3795 τὸ
428 3734 558 3814 πνεῦμα
580 3736 638 3819 τῆς
666 3730 842 3821 ἀληθείας,
878 3735 896 3802 3
924 3737 1017 3821 παρὰ
1044 3741 1103 3803 τοῦ
1132 3741 1266 3826 πατρὸς

240 3827 461 3912 ἐκπορεύεται,
493 3828 615 3908 ἐκεῖνος
636 3832 838 3948 μαρτυρήσει
861 3837 938 3917 περὶ
961 3835 1067 3918 &pov
1111 3838 1166 3902 καί
1191 3841 1267 3905 “zu

203 3924 390 3992 3οπολλὰ’
373 3950 433 4006 εχω
455 3926 576 4012 λέγειν,
610 3923 685 3996 ἀλλ’
716 3924 755 3994 ού
786 3929 933 3996 δύνασθε
964 3930 1189 4015 βαστάζειν’
1173 3932 1292 4019 άρῐιε

195 4098 206 4121 ⁰
239 4019 318 4088 ὅταν
342 4019 464 4108 ε’λθη’
450 4035 581 4104 εκεῖνος,
615 4024 654 4092 τὸ
677 4029 808 4108 πνεῦμα
829 4031 888 4111 τῆς
898 4023 1071 4143 ἀληθείας
1104 4025 1266 4118 ὁδηγήσει

237 4114 323 4200 ὑμᾶς
352 4119 398 4197 είς
426 4123 539 4188 πᾶσαν
568 4123 625 4210 τήν
655 4117 825 4237 ἀλήθειαν.
871 4119 909 4189 ού
937 4124 998 4210 γάρ
1029 4124 1213 4212 λαλήσει)
1195 4126 1262 4217 αφ’

238 4212 373 4292 ἑαυτοῦ,
407 4212 518 4282 ἀλλ’(
507 4216 571 4285 ύσα
601 4215 735 4288 ἀκούσει
763 4219 914 4307 λαλήσει,
948 4225 1002 4289 καὶ
1030 4223 1072 4289 τὰ
1100 4223 1269 4310 ἐρχόμενα
