2867 5084
177 199 856 452 -.,
973 199 1362 471 -
1314 310 1315 313 ,

572 979 692 1033 mm.
711 982 907 1035 Ανοαοιοι.
1192 978 1256 1041 375

220 1128 324 1220 ἡμεῖς
347 1125 395 1200 δι’
411 1127 550 1198 ἀὖτοῦ.”
589 1132 646 1198 καὶ
668 1128 748 1220 όρᾷς
769 1135 830 1216 μὲν
852 1138 926 1214 πῶς
948 1136 1070 1218 ἔδειξεν
1093 1139 1151 1208 ἕνα
1171 1141 1256 1208 θεὸν

221 1231 285 1296 τὸν
308 1236 448 1312 πατέρα,
474 1230 530 1296 ἕνα
553 1231 589 1296 δὲ
611 1229 723 1316 κόριον
745 1230 803 1297 τὸν
826 1230 862 1311 ἐξ
883 1228 984 1301 αάτοῦ
1006 1244 1265 1325 γεγεννημένον·

177 1330 280 1399 μοναὶ
305 1323 363 1393 οὐκ
388 1323 490 1406 εἶπεν,
515 1322 562 1404 εἷς
583 1327 675 1406 θεὸς,
711 1331 764 1393 καὶ
789 1323 837 1406 εἷς
858 1329 970 1414 κόριος
993 1331 1051 1399 σὺν
1074 1338 1162 1402 πᾶσι
1183 1346 1256 1417 τοῖς

224 1425 263 1504 ἐξ
285 1419 388 1491 αὐτοῦ
409 1423 589 1510 γεγονόσιν,
626 1420 693 1491 ἀλλ’
727 1422 774 1504 εἷς
801 1426 912 1511 κόρισς
935 1424 982 1494 δι’
1008 1419 1047 1495 οὗ
1069 1431 1111 1497 τὰ
1133 1433 1254 1500 πάντα.

225 1524 257 1590 εἰ
280 1525 317 1589 δὲ
341 1518 389 1600 εἷς
410 1522 522 1606 κύριος
545 1516 591 1588 δι’
617 1512 656 1588 οὗ
687 1522 728 1588 τὰ
751 1523 862 1590 πάντα
885 1524 984 1606 ἐστὶν,
1015 1523 1073 1593 οόκ
1095 1529 1185 1596 ἔστιν
1208 1526 1282 1610 eleb

225 1621 262 1688 ἔκ
284 1621 432 1700 πάντων,
456 1614 541 1686 άλλόι
562 1619 704 1707 ποιητής
726 1625 793 1688 τῶν
815 1617 984 1703 ἁπάντων,
1006 1627 1073 1691 τῶν
1088 1633 1257 1710 κεκτισμέ·

225 1745 294 1785 νων
315 1718 452 1784 πάντων
475 1725 607 1804 κτίστης
629 1716 796 1803 ὑπάρχων.

314 1822 345 1883 9.
389 1819 457 1882 Τοῦ
487 1816 522 1881 δὲ
550 1817 622 1882 υἱοῦ
652 1816 686 1883 ἐκ
714 1816 844 1901 πατρὸς
870 1826 1101 1905 γεγεννημένον
1131 1818 1185 1887 καὶ
1219 1820 1256 1888 ἐκ

225 1913 357 2000 πατρὸς
378 1913 605 1998 τυγχάνοντος,
629 1910 676 1979 δι’
702 1904 742 1979 οὗ
763 1914 805 1979 τὰ
827 1915 939 1982 πάντα
965 1924 1143 2004 γεγένηται,
1176 1913 1255 1984 ἀνό-

225 2035 326 2096 μοιος
347 2021 420 2089 τοῖς
442 2014 547 2077 πᾶσίν
570 2010 670 2091 ἔστιν,
694 2007 750 2076 οἷα
773 2012 811 2097 δὴ
831 2020 964 2100 κτίστης
986 2008 1032 2081 ὧν
1054 2019 1120 2082 τῶν
1143 2011 1254 2082 άπάν·
1266 2023 1296 2077 10

225 2135 304 2188 των,
329 2107 444 2194 ἐπειδὴ
469 2103 517 2186 εἷς
538 2107 593 2175 καὶ
616 2104 663 2187 είς
678 2108 761 2187 θεὸς
784 2105 802 2173 ὁ
824 2111 946 2196 πατὴρ,
970 2112 1006 2191 ἐξ
1019 2101 1058 2177 οὗ
1075 2111 1117 2179 τὰ
1132 2113 1253 2194 πάντα,

226 2208 282 2272 καὶ
305 2204 417 2288 κύριος
436 2202 568 2292 Ἰησοῦς,
593 2202 640 2271 δι’
665 2195 704 2272 οὗ
726 2206 768 2272 τά
790 2207 912 2289 πάντα,
940 2216 1175 2294 συνενσνμένῃς
1197 2213 1256 2296 τῆς

201 2301 298 2374 οάνω
321 2304 440 2382 λέξεως
462 2303 518 2370 διὰ
540 2307 599 2369 τοῦ
622 2299 670 2382 εἷς
696 2306 750 2370 καὶ
774 2299 821 2382 εἷς
842 2304 899 2371 καὶ
922 2305 978 2373 διόι
999 2310 1058 2371 τοῦ
1082 2307 1118 2386 ἐξ
1139 2295 1178 2372 οὗ
1199 2310 1255 2374 καλ

228 2396 274 2468 δι’
301 2389 357 2480 οὗ,
388 2401 510 2486 τὸμὲν
532 2405 650 2487 σαφῶς
679 2401 713 2468 ἐκ
736 2401 864 2486 πατρὸς
885 2401 944 2468 τὸν
966 2402 1038 2469 υἱόν
1062 2403 1253 2490 δεδήλωκεν,

226 2498 266 2564 τὸ
290 2499 327 2564 δὲ
351 2493 460 2564 οὐκέτι
480 2498 538 2564 τόν
560 2498 632 2565 υἱὸν
656 2499 690 2565 ἐκ
712 2503 778 2564 τῶν
801 2501 931 2566 λοιπῶν
947 2495 1034 2567 εἶναι
1047 2505 1255 2586 θαυμαστῶς
1264 2514 1295 2566 16

227 2591 436 2683 άπεφήνατο,
461 2592 507 2661 δι’
527 2584 565 2660 οὗ
587 2595 629 2661 τὰ
645 2596 756 2662 πάντα
772 2597 919 2683 φάσκων,
943 2597 999 2664 ἵνα
1015 2599 1103 2686 δείξῃ
1124 2605 1254 2683 πατέρα

228 2690 311 2760 όντα
337 2695 391 2759 καὶ
420 2691 492 2759 υἱὸν
521 2690 602 2759 όντα
629 2689 697 2760 ὑπὸ
727 2693 856 2781 πατρός
884 2692 980 2774 όντος
1007 2694 1065 2761 τὸν
1093 2700 1254 2783 μονογενῆ

229 2791 352 2875 κόριον.
398 2791 486 2874 ἔλεγε
513 2792 549 2857 δὲ
577 2794 681 2856 ταῦτα
710 2786 728 2856 ό
758 2787 948 2873 ἀπόστολος
977 2792 1142 2877 πνεύματι
1171 2789 1255 2880 ἁγίῳ

230 2887 423 2976 φερόμενος,
448 2889 501 2954 διὸ
525 2883 583 2954 οὐκ
605 2889 678 2971 ἔσχε
699 2896 811 2974 χρείαν
833 2894 912 2975 περὶ
932 2889 1121 2974 πνεύματός
1142 2918 1176 2957 τι
1199 2892 1257 2977 δῃ-

229 2987 348 3064 λῶσαι,
372 2981 430 3075 οὐχ
453 2981 497 3062 ὡς
519 2984 563 3071 μὴ
587 2988 867 3070 συνδοξαζσμένου
895 2991 955 3054 τοῦ
977 2988 1166 3072 πνεύματος
1188 2999 1297 3054 πα-20

230 3086 283 3170 τρὶ
305 3082 362 3149 καὶ
384 3083 456 3167 υἱῷ,
487 3077 560 3146 οὐδ’
585 3082 641 3148 ἵνα
663 3079 744 3150 αι’·τὸ
774 3081 844 3152 άπὸ
871 3088 938 3152 τῶν
966 3083 1102 3152 πάντων
1126 3085 1254 3172 σῃμάνῃ

210 3184 296 3248 οτῶν
320 3174 367 3244 δι’
392 3180 465 3244 υἱοῦ
487 3187 713 3263 κεκτισμένων.
746 3180 837 3266 ἤρκει
858 3181 920 3266 γάρ
943 3181 981 3247 τὸ
998 3185 1257 3267 συναριθμῃθῆ-

231 3304 285 3345 ναι
308 3276 366 3343 διὰ
388 3280 446 3363 τῆς
467 3284 605 3362 βεβαίας
629 3274 806 3363 ὁμολογίας
820 3281 879 3343 τοῦ
894 3279 968 3344 υἱοῦ
989 3281 1092 3361 πατρί
1116 3282 1169 3344 καί
1194 3278 1257 3364 υίῷ

232 3374 263 3440 ἐν
286 3377 335 3460 τῷ
359 3373 467 3441 εἰπεῖν
491 3370 720 3453 *άπελθόντες
741 3381 929 3460 βαπτίσατε
945 3375 992 3453 εἷς
1008 3371 1114 3459 ὄνομα
1128 3373 1258 3460 πατρὸς

232 3474 283 3538 καὶ
308 3471 383 3538 υἱοῦ
411 3473 465 3537 καὶ
495 3467 589 3557 άγίου
612 3472 829 3557 πνεόματος.”
874 3472 1102 3558 φθεγγόμενος
1130 3475 1208 3556 γοῦν
1238 3467 1297 3540 ὅτε

233 3564 433 3648 ἀπόστολος,
466 3570 593 3651 μᾶλλον
616 3568 712 3636 δὲτὸ
735 3572 867 3652 πνεῦμα
888 3569 927 3634 τὸ
950 3566 1044 3655 ἅγιον
1068 3569 1258 3656 φθεγγόμε·

233 3690 289 3734 νον
313 3666 348 3733 ἐν
370 3660 470 3752 αὐτῷ,
495 3660 553 3731 οὐκ
575 3665 692 3753 ἐδήλου
706 3665 785 3751 περὶ
801 3666 928 3734 ἑαυτοῦ.
960 3666 1071 3755 σαφὴς
1091 3668 1153 3754 γάρ
1175 3657 1215 3754 ἧν
1237 3662 1257 3754 ἡ

233 3766 310 3848 περὶ
334 3757 437 3830 αὐτοῦ
459 3766 590 3849 γνῶσις,
623 3759 698 3830 οὐδὲ
721 3761 789 3829 ὑπὸ
811 3767 877 3830 τῶν
898 3758 1063 3831 Ἰουδαίων
1086 3760 1258 3851 ἀμφιβαλ-

233 3862 364 3945 λομένη.
402 3859 592 3944 ἔταμιεύετο
625 3863 675 3940 δὲ,
710 3861 765 3927 ἵνα
792 3860 837 3948 μὴ
868 3856 1114 3929 αὕτοσόστατον
1145 3864 1194 3947 εἴη
1217 3860 1258 3926 τὸ

233 3954 327 4044 ἅγιον
350 3961 491 4041 πνεῦμα,
516 3954 534 4025 ό
557 3959 593 4025 δὲ
616 3953 806 4037 ἀπόστολος
827 3957 886 4024 σὺν
901 3959 1067 4044 πνεύματι
1082 3953 1164 4044 άγίιμ
1180 3957 1299 4044 ἒφέ-θο

233 4080 324 4140 ρετσ,
358 4056 413 4120 καλ
442 4057 520 4139 περὶ
549 4055 678 4143 πατρὸς
707 4057 796 4141 ἔλεγε
817 4055 873 4121 καὶ
894 4056 984 4135 υἱοῦ,
1018 4056 1074 4123 ἵνα
1097 4056 1214 4142 δειχθῇ
1238 4049 1258 4142 ἡ

210 4150 328 4237 οτριάς
350 4144 402 4218 ἇελ
432 4142 516 4219 οὖσα
544 4156 598 4220 καί
626 4154 795 4240 μηδέποτε
823 4153 1045 4220 διαλείπουσα
1073 4155 1133 4218 τοῦ
1163 4147 1259 4220 ελναι.

234 4248 278 4335 μὴ
299 4247 455 4332 θαύμαζε
477 4251 513 4317 δὲ
536 4249 593 4318 ἐὰν
616 4246 758 4338 ἀκούσῃς
782 4245 850 4331 ἐἷς
864 4248 948 4329 θεὸς
970 4249 1005 4330 ίξ
1026 4239 1065 4317 οὗ
1080 4247 1122 4317 τὰ
1136 4249 1259 4333 πάντα,
