2867 5084
411 984 531 1040 mn<
552 989 882 1040 ammomum.
1094 978 1155 1040 333

134 1142 268 1219 Αρείου
292 1135 504 1255 ἔξεμεθείοης
527 1139 652 1217 λέξειας,
675 1143 734 1225 τής
756 1138 946 1229 φασκοόσης
968 1133 1053 1205 ελναί
1076 1163 1160 1206 ποτε

137 1231 197 1300 ὅτε
219 1223 348 1318 οόκήν,
390 1234 457 1316 πρό
485 1236 610 1319 χρόνων
641 1238 675 1302 δὲ
698 1237 833 1302 πάντων
856 1233 955 1303 αὐτόν
978 1231 1078 1314 εἶναι,
1108 1231 1156 1302 δι

136 1321 178 1396 οὗ
201 1330 243 1397 τὰ
265 1331 376 1397 πάντα
398 1339 517 1417 γίγσνε,
542 1337 698 1419 λέγοντες,
720 1336 1010 1455 βλασφημοῦσιτό
1028 1338 1158 1417 πνεῦμα

135 1429 177 1492 τὸ
200 1424 305 1513 άγιον.
352 1425 448 1494 ἄλλοι
471 1431 507 1496 δὲ
530 1431 643 1552 φύσει
655 1458 708 1497 και
737 1434 817 1551 περὶ
840 1430 897 1495 τόν
920 1430 991 1497 υἱόν
1014 1427 1159 1515 όρθοδό-

103 1527 204 1603 Βξως
226 1523 408 1606 ἔχοντες,ί
398 1524 451 1592 ότι
474 1518 511 1612 ήν
535 1524 584 1595 όει
610 1529 668 1593 σόν
691 1533 793 1611 πατρὶ
822 1531 874 1593 καί
906 1522 1068 1595 οἰδέποτε
1091 1530 1158 1596 διέ-
1165 1542 1182 1591 3

135 1624 235 1689 λειπε
255 1626 313 1688 τοῦ
338 1618 431 1689 εἶναι.
478 1581 546 1688 όλλ
579 1627 612 1690 ίκ
595 1625 768 1708 κπατρός
794 1627 854 1707 μὲν
883 1619 983 1690 αότόν
1010 1650 1158 1711 χεγενυη·

132 1726 235 1802 με’νσν
258 1715 407 1803 όνάρχιος
428 1725 484 1786 καὶ
506 1716 660 1804 άχρόνως,
685 1721 785 1799 είς
753 1746 791 1786 το
812 1726 942 1802 πνεῦμα
958 1720 1042 1788 δὲ
1008 1745 1047 1787 το
1063 1718 1185 1807 άχιον

133 1807 322 1894 πάντες
283 1841 375 1882 ουτοι
403 1821 655 1906 βλασφημοῦσι,
693 1819 736 1901 μή
766 1823 1048 1903 σοναριθμοῦντες
1075 1817 1156 1886 αότό

133 1917 240 1997 πατρὶ
263 1917 317 1980 καλ
342 1915 404 2000 υίῶ
428 1915 460 1980 ἒν
483 1921 521 2001 τῇ
538 1916 686 2002 θεότητι.
717 1917 877 1995 πολλάκις
893 1919 929 1983 δὲ
944 1917 1022 2000 περὶ
1037 1917 1155 1984 τοότοο

133 2009 248 2077 πολλὰ
270 2012 493 2098 διελέχθημεν,
517 2017 570 2078 καὶ
594 2013 627 2078 ίν
651 2013 769 2100 ἑκάστη
792 2015 916 2095 αἱρέσει
938 2015 996 2101 τήν
1018 2040 1054 2081 τε
1075 2011 1154 2098 όλη-
1166 2025 1194 2076 10

136 2107 238 2194 θινήν
262 2109 342 2192 περί
363 2103 464 2174 αότσό
498 2110 657 2176 σόστασιν
685 2106 723 2175 οό
750 2116 874 2193 μικρῶς
900 2108 1154 2198 όφηγησάμεθα,

134 2202 181 2284 ῶς
203 2205 264 2272 σὺν
287 2211 390 2288 πατρί
412 2210 463 2273 καὶ
487 2207 547 2291 υίῶ
570 2209 835 2289 κοριολεκτεῖται.
867 2212 997 2291 πνεῦμα
1018 2209 1078 2292 γάρ
1101 2236 1157 2274 κυ-

135 2312 211 2386 ρίου
233 2302 433 2389 πεπλήρωκε
454 2303 512 2389 τήν
535 2304 737 2390 οἰκουμένην,
770 2306 809 2369 τό
837 2309 967 2387 πνεῦμα
994 2310 1052 2391 τῆς
1077 2301 1157 2392 άλη-

137 2408 246 2479 θείας,
270 2400 309 2465 τὸ
331 2404 461 2483 πνεῦμα
482 2405 540 2465 τοῦ
564 2405 657 2468 θεοῦ.
701 2408 831 2483 πνεῦμα
851 2402 913 2487 γάρ
935 2410 1047 2486 κυρίου
1068 2405 1157 2488 λεγε·

113 2500 209 2576 Εται,
239 2501 293 2564 καί
315 2497 357 2581 ιέκ
385 2497 512 2580 πατρὸς
535 2497 802 2581 ἐκπορευόμενον,
836 2503 890 2566 καὶ
917 2501 956 2565 τό
979 2501 1051 2566 υἱοῦ
1074 2503 1195 2583 λαμ-15

136 2596 248 2676 βάνσν,
270 2595 483 2678 χαριζόμενόν
504 2621 541 2661 τε
562 2595 604 2660 τό
625 2605 813 2679 χαρίσματα
828 2598 998 2683 διαφόρως
1018 2596 1063 2676 ῶς
1076 2599 1156 2681 βοό-

138 2692 238 2770 λετσι,
268 2692 406 2776 ἐρευνῶν
428 2691 483 2758 καὶ
504 2692 546 2759 τά
567 2693 659 2780 βάθη
682 2698 741 2759 τοῦ
764 2697 857 2773 θεοῦ,
890 2694 949 2760 σόν
977 2699 1078 2778 πατρί
1102 2698 1157 2762 καὶ

137 2792 194 2876 nup
221 2784 268 2868 όν,
291 2791 463 2874 βαπτίζον,
488 2792 677 2876 σφραγίζον,
701 2793 919 2858 τελειοῦντόν
935 2793 1158 2907 ἐσφραχισμί-

135 2909 199 2955 νον.
243 2887 300 2953 ίνα
322 2888 358 2953 δὲ
379 2889 422 2996 μή
446 2888 593 2954 ἐνταῦθα
615 2889 761 2971 κάματον
783 2886 1001 2971 ἀναδέξομαι,
1029 2888 1072 2955 τά
1092 2887 1155 2976 ήδη

130 2995 193 3050 μοι
224 2972 418 3056 είρημένα’
404 3000 439 3040 εν
468 2977 514 3058 τῷ
543 2974 673 3060 μεχάλφ
707 2976 793 3060 λόχφ
827 2978 873 3058 τῶ
904 2978 980 3056 περὶ
1009 2983 1196 3055 πίστεως33

123 3077 295 3156 γραφέντι
328 3069 375 3148 εἰς
407 3068 448 3135 τά
460 3076 562 3233 ὲμέρη
584 3074 641 3154 τῆς
669 3070 866 3158 Παμφύλιον
899 3073 1154 3189 παραθήσομαι,

120 3168 222 3250 πρὸς
237 3161 474 3234 άντίθεσινὲ
433 3194 456 3248 μ
477 3194 492 3231 ν
515 3171 580 3233 τῶν
595 3167 928 3255 βλασφημούντων
896 3192 935 3232 το
950 3165 1043 3253 άγιον
1055 3172 1156 3235 πνεῦ·

112 3285 191 3342 μοι,
214 3264 263 3342 είς
287 3265 501 3330 διδασκαλίαν
530 3265 566 3330 δὲ
588 3268 653 3330 τῶν
677 3265 934 3350 ἐντυγχανόντων
956 3269 1009 3331 καὶ
1034 3264 1080 3344 είς
1103 3260 1156 3333 εί·-

85 3359 284 3442 ι’φριισίαν
320 3364 386 3427 τῶν
424 3360 611 3444 πνεύματος
647 3359 741 3447 άχίοο
778 3363 1050 3445 καταξιουμένων.
1101 3361 1157 3429 καί

109 3451 207 3523 ἔστι
228 3456 313 3525 τόδε.
1163 3464 1194 3515 ²⁵

359 3679 422 3753 Ἕκ
446 3688 515 3753 τοῦ
534 3681 773 3781 Ἀγκυρωτοῦ
800 3677 917 3782 λόχος.

222 3854 251 3915 2.
283 3842 471 3936 “Ἐπεφάνη
495 3843 512 3935 ή
534 3849 629 3932 χάρις
643 3852 700 3914 τοῦ
717 3859 829 3933 κυρίου
846 3846 939 3934 ήμῶν
951 3843 1054 3929 Ἰησοῦ
1071 3854 1155 3929 Χρι·

113 3946 218 4008 υτοὗ
239 3945 443 4012 διδάσκουσα
464 3940 559 4031 ήμάς,
593 3947 647 4012 ἵνα
670 3941 891 4032 άρνησάμενοι
921 3945 979 4032 τήν
1002 3941 1154 4028 ἀσέβειαν

117 4036 189 4100 1²2
224 4039 282 4120 τάς
313 4041 471 4125 κοσμικὰς
501 4043 686 4125 ἐπιθυμίας
714 4043 897 4162 σωφρόνως
930 4047 984 4109 καὶ
1013 4037 1155 4124 εὐσεβῶς

85 4129 189 4199 Ml
213 4138 302 4205 δικαί
289 4146 348 4219 ίως
371 4139 517 4228 ζήσωμεν
541 4140 574 4207 ἐν
596 4144 643 4227 τῷ
667 4144 722 4207 νῦν
752 4168 782 4207 α
781 4144 864 4218 ’ῶνι,
895 4137 1194 4223 προσδεχόμενοι3ο

131 4218 195 4305 δί’
221 4243 384 4323 μακαρίαν
412 4236 533 4304 ἐλπίδα
561 4241 618 4304 καὶ
647 4237 847 4326 ἐπιφάνειαν
875 4239 933 4323 τής
965 4235 1062 4322 δόξης
1093 4242 1153 4307 τοῦ
