2867 5084
233 944 297 1015 216,
456 957 664 1014 τσιψεκιον
680 956 777 1008 κατι
794 957 981 1010 κινεῖται
999 959 1029 1005 α.

232 1112 463 1191 προσανέχειν,
496 1101 564 1173 ἀλλ’
590 1106 672 1189 ἔχειν
705 1105 763 1173 τὸν
796 1106 921 1174 ἑαυτῶν
949 1108 1027 1173 ναῦν
1059 1103 1256 1190 ἐρρωμένον,

234 1201 328 1284 ὅπως
348 1205 406 1270 τὸν
427 1205 487 1288 μὲν
509 1200 601 1290 ἡμῶν
626 1203 791 1290 δεσπότην
814 1201 1015 1284 δοξάοωμεν,
1038 1193 1142 1289 μηδίν
1165 1205 1203 1270 δί
1223 1229 1257 1271 τι

231 1296 461 1389 ἠλαττωμένον
484 1301 517 1368 ἒν
540 1296 630 1386 αὐτῷ
654 1299 897 1386 διανοηθῶμεν.
930 1300 960 1367 εἰ
973 1299 1034 1385 γὰρ
1051 1295 1070 1365 ὃ
1086 1298 1129 1366 ταί
1144 1299 1257 1368 πάντα

233 1397 344 1466 ἐλθών
366 1402 475 1465 σῶσαι
498 1399 563 1481 ἔχει
585 1397 815 1481 ἰλαττώματός
837 1425 871 1465 τι
893 1396 926 1465 ἐν
950 1396 1066 1482 ἑαυτῷ,
1090 1402 1168 1477 πῶς
1190 1421 1257 1465 σω·

210 1494 375 1582 ίθήσεται
396 1493 416 1584 ἡ
438 1503 544 1574 κτίσις
566 1491 635 1563 ἀπὸ
656 1499 723 1561 τῶν
748 1496 840 1561 ἰδίων
863 1494 1124 1578 ε’λαττωμότωνς

318 1599 368 1662 63.
409 1593 520 1660 Πάλιν
553 1594 589 1659 δὲ
622 1590 906 1676 ἐπιλαμβάνονται
940 1587 1054 1676 ὥσπερ
1088 1585 1279 1661 όντίδικοιι)

232 1693 297 1767 (καί
319 1690 380 1775 γάρ
403 1691 487 1757 εἰσιν
507 1685 671 1775 ’ίαυδαϊκῷ
694 1689 881 1776 φρονήματι
904 1689 1093 1774 ἐγκείμενοι,
1116 1692 1174 1755 καὶ
1190 1715 1255 1776 μη-

233 1788 287 1854 δὲν
310 1785 441 1854 ἐκείνων
468 1787 732 1865 διαλλάττοντες,
763 1784 849 1872 πλην
871 1791 930 1852 τοῦ
955 1781 1117 1869 ὀνόματος
1138 1785 1256 1870 μόνον)

234 1885 267 1950 οί
289 1883 392 1950 πάλιν
407 1879 486 1969 ἡμῖν
503 1882 702 1969 ἰπιιγόοντες
716 1890 787 1950 νέοι
798 1879 963 1963 Ἰουδαῖοι,
987 1885 1159 1968 ζητοῦντες
1173 1884 1257 1951 κατὰ

196 1983 291 2048 1οτοῦ
321 1984 468 2067 σωτῆρος
496 1981 599 2059 λέξεις
625 1980 733 2060 τινὰς,
765 1977 859 2059 ὅπως
882 1980 1130 2066 παγιδεύσωσιν
1154 1977 1255 2048 αὐτὸν

234 2077 268 2144 ἰν
296 2076 398 2162 λόγῳ,
428 2077 543 2157 καθώς
572 2079 635 2165 ἔφη
661 2077 700 2143 τὸ
724 2074 817 2161 ἅγιον
841 2072 1037 2164 εὐαγγέλιον,
1061 2085 1117 2146 καί
1140 2101 1255 2166 φασιν,

234 2175 341 2262 ἔλεγεν
377 2175 411 2242 ἰν
447 2178 494 2261 τῷ
532 2178 662 2261 σταυρῷ
702 2170 780 2261 “ἠλί
817 2170 888 2261 ἠλί,
923 2177 1011 2262 λημᾶ
1039 2179 1259 2260 σαβαχθανί,”

232 2279 384 2341 τουτέστι
412 2279 473 2340 θεέ
501 2297 581 2356 μου,
610 2279 672 2339 θεέ
699 2296 781 2354 μου,
811 2272 867 2338 ἵνα
894 2280 928 2339 τί
954 2299 996 2358 με
1025 2273 1258 2358 ίγκατέλιπεςς

233 2375 287 2439 καί
311 2367 398 2460 δρᾷς,
419 2375 531 2458 φασὶν,
555 2371 692 2455 οἰκτρῶς
707 2366 807 2436 αὐτὸν
823 2373 1079 2454 παρακαλοῦντα
1095 2374 1150 2437 καὶ
1168 2365 1256 2437 ἄπο-

199 2468 422 2553 ιεδαρόμενον,
445 2471 499 2535 καὶ
522 2470 667 2553 λέγοντα,
691 2468 747 2534 ἵνα
769 2475 803 2535 τί
816 2494 858 2552 με
873 2467 1102 2552 ἐγκατέλιπες,
1125 2467 1184 2533 καὶ
1199 2461 1257 2535 οὖν

233 2567 347 2633 ἰ’σασιν
374 2566 406 2630 οἱ
429 2560 498 2630 ἀπὸ
520 2568 578 2632 τοῦ
602 2565 798 2652 δηλητηρίου
820 2564 940 2630 τούτου
961 2568 1020 2652 τῆς
1041 2568 1101 2631 τοῦ
1120 2560 1297 2648 Ἀρείουῑθ

233 2670 354 2747 μανίας
382 2667 656 2747 καρηβαροῦντες,
690 2665 743 2728 καί
775 2665 815 2748 τῇ
844 2664 976 2747 διανοίᾳ
1003 2666 1061 2748 τῆς
1087 2665 1149 2728 τοῦ
1172 2665 1255 2730 θεοῦ

233 2759 386 2844 γνώσεως
408 2759 616 2842 λειπόμενοι,
644 2756 695 2825 ὅτι
719 2761 771 2825 δεῖ
792 2759 834 2825 τὰ
856 2755 1121 2846 ἀνθρωποπαθῖη
1144 2759 1257 2826 πάντα

236 2855 269 2923 ἰν
297 2860 343 2941 τῷ
372 2863 472 2942 κυρίῳ
502 2852 743 2941 ὁμολογεῖσθαι
766 2856 798 2923 ἰν
821 2860 860 2943 τῇ
885 2857 1029 2941 ἰνσάρκῳ
1052 2853 1154 2922 αὐτοῦ
1179 2852 1258 2941 ἀλη-

197 2955 316 3038 ιθθινῇ
349 2959 527 3040 παρουσίᾳ.
572 2955 626 3019 καὶ
659 2957 794 3038 πρῶτον
826 2956 886 3036 μὲν
915 2954 957 3020 τὰ
985 2952 1064 3035 περὶ
1086 2947 1190 3019 αἰτοῦ
1213 2949 1258 3031 ὡς

236 3054 417 3138 φρονοῦσιν
446 3044 516 3117 ἀπὸ
548 3050 667 3134 ἑτέρων
697 3051 745 3128 εἰς
773 3052 867 3134 ἕτερα
896 3051 1152 3135 μεταπηδῶντες
1182 3050 1259 3117 ἔπι·

236 3149 476 3227 λανθανονται,
504 3155 584 3232 μίαν
611 3147 655 3234 μὴ
686 3149 813 3230 ἐ’χοντες
842 3147 1052 3213 κατάστασιν.
1098 3150 1173 3225 πῶς
1196 3145 1259 3232 γὰρ

237 3246 393 3312 δύνανται
421 3247 452 3312 οί
480 3250 519 3332 τῇ
548 3248 679 3331 διανοίᾳ
708 3246 753 3333 μὴ
781 3248 1048 3332 σωφρονοῦντες,·
1078 3246 1163 3310 ποτὲ
1197 3248 1259 3330 μὲν

235 3341 296 3426 γὰρ
330 3345 433 3426 λέγειν
467 3347 600 3428 σωτῆρα
633 3341 812 3427 βούλονται
839 3337 939 3407 αὐτὸν
971 3341 1028 3406 καὶ
1059 3337 1172 3424 κύριον
1202 3343 1259 3408 καί

197 3439 384 3522 ἈΧριστὸν
407 3438 462 3504 καὶ
484 3439 551 3523 πρὸ
574 3439 709 3506 πάντων
732 3440 871 3518 αἰώνων,
895 3438 950 3504 καὶ
972 3438 1137 3524 δεσπότην
1160 3433 1260 3523 ἄγγε’·

237 3535 302 3600 λων
325 3539 377 3600 καὶ
401 3531 616 3620 ἆρχαγγέλων,
640 3534 680 3603 δι’
706 3526 745 3602 οὗ
766 3535 809 3603 τὰ
830 3534 892 3603 ὅλα
906 3542 1083 3621 γεγένηται,
1107 3531 1208 3619 ἀρχαί
1221 3550 1288 3605 τεΒ

235 3635 289 3699 καί
314 3630 475 3711 ἐξουσίαι,
505 3629 637 3717 ἄγγελοί
658 3638 769 3700 τοικαὶ
792 3629 1000 3719 δρχάγγελοι,
1025 3628 1176 3716 οὐρανοὶ,
1201 3638 1257 3702 καὶ

236 3728 278 3797 τὰ
299 3724 419 3806 πάντα,
442 3731 481 3815 γη
504 3729 616 3795 τεκαὶ
638 3729 761 3809 πάντες
783 3730 973 3817 ἄνθρωποι,
996 3731 1049 3796 καὶ
1073 3728 1186 3795 πάντα
1215 3731 1261 3798 τοὶ

236 3828 294 3895 ίπί
322 3830 395 3914 γῆς,
424 3824 583 3893 θάλασσά
609 3852 645 3894 τε
666 3826 722 3893 καὶ
743 3828 785 3894 τὰ
807 3829 842 3895 ἐν
864 3826 956 3913 αὐτῇ.
1000 3829 1055 3892 καί
1078 3815 1105 3892 οἰ
1128 3828 1262 3916 πολλῆς

197 3921 451 4013 εοῆλιθιότητος
477 3927 544 3989 τῶν
571 3923 614 3990 τὰ
640 3929 779 3990 τοιαῦτα
808 3928 885 4007 περὶ
914 3921 1015 3989 αὐτοῦ
1040 3922 1258 4006 δοξαζόντων,

235 4026 289 4089 καί
319 4021 466 4089 ἐνταῦθα
492 4020 537 4105 μη
564 4020 728 4088 νοοόντων
757 4017 809 4087 ότι
837 4014 874 4085 οδ
899 4018 1035 4085 δύναται
1058 4015 1076 4086 ό
1098 4018 1166 4106 πρὸ
1189 4026 1260 4090 τῶν

236 4119 366 4185 αἰώνων
387 4118 470 4185 κατὰ
491 4117 549 4205 τὴν
571 4113 672 4184 αότοῦ
695 4116 852 4200 θεότητα,
876 4111 916 4183 δι’
935 4106 974 4181 οὗ
998 4113 1015 4182 ὃ
1038 4112 1179 4200 οόρανὸς
1201 4124 1259 4191 καὶ

232 4218 271 4300 γη
294 4221 471 4301 γεγένηται,
495 4213 626 4301 ἄγγελοί
646 4216 752 4283 τεκαὶ
767 4208 1028 4299 ἆρχάγγελοικαί
1045 4210 1261 4297 ἁπαξαπλῶς
