2867 5084
262 939 298 999 ιο
481 943 682 997 ιιιιιοιαιον
701 940 796 991 κατι
814 939 1047 994 mmm.

252 1096 359 1185 ιιληρη
383 1095 497 1177 ἔχοντα
518 1092 616 1171 δόξαν
636 1092 833 1176 μονογενοῦς
854 1089 946 1174 παρὰ
968 1090 1113 1174 πατρός,·
1140 1085 1198 1172 οὐχ
1219 1083 1263 1166 ὥς

252 1198 310 1263 τοῦ
338 1190 465 1276 πατρὸς
492 1188 586 1267 ὄντος
613 1187 727 1273 λόγου·
755 1182 794 1255 οὐ
817 1185 944 1270 πατρὸς
966 1183 1035 1270 ἅμα
1058 1186 1143 1274 λόγῳ
1165 1210 1265 1255 συνα-

253 1291 353 1378 λοιφῇ
376 1286 578 1374 πεφηνότος,
605 1280 650 1363 ὡς
672 1282 855 1370 ἄνθρωπος
878 1280 948 1368 ἅμα
968 1286 1014 1368 τῷ
1038 1283 1156 1351 ἑαυτοῦ
1179 1283 1265 1369 λόγῳ

252 1386 465 1476 φαινόμενος,
495 1391 548 1451 καὶ
579 1377 597 1448 5
627 1381 724 1468 λόγος
754 1376 853 1449 αὐτοῦ
883 1375 920 1447 οὐ
950 1380 1087 1447 δύναται
1110 1384 1296 1467 φανῆναι,σ

227 1482 308 1551 δίαν
336 1483 380 1569 μη
410 1486 500 1568 παρῇ
529 1476 547 1549 5
576 1478 803 1566 φθεγγόμενος
830 1478 888 1546 τὸν
914 1477 1020 1566 λόγον.
1066 1486 1133 1545 τίνι
1153 1483 1264 1544 τοίνυν

250 1581 437 1662 πιστεύσω,
459 1586 526 1645 τίνι
548 1580 743 1661 συνθῶμαι,·
774 1576 868 1662 παρὰ
889 1583 987 1644 τίνων
1009 1575 1100 1659 λάβω
1125 1575 1209 1661 ζωὴν
1231 1574 1266 1642 ἐν

249 1677 444 1767 μαδημαοις
466 1674 559 1761 παρὰ
580 1678 645 1741 τῶν
669 1670 770 1761 ἁγίων
792 1670 1027 1759 εὖαγγελιστῶν
1048 1675 1103 1739 καί
1116 1697 1269 1757 πνευμα-

249 1774 419 1862 τοφόρων,
449 1776 514 1838 τῶν
541 1769 598 1838 τὸν
626 1771 723 1858 λόγον
751 1771 844 1857 παρὰ
864 1769 992 1856 πατρὸς
1014 1765 1265 1854 ἀπεσταλμένον

251 1872 436 1960 φησάντων,
459 1864 480 1956 ἢ
500 1869 626 1937 τούτων
648 1873 713 1936 τῶν
729 1865 798 1936 ἀπὸ
809 1867 946 1935 Παύλου
960 1871 1019 1934 τοῦ
1034 1874 1266 1952 Σαμοσατέως,

151 2012 155 2026 ·
215 1972 316 2037 ἱστῶν
337 1967 397 2033 σὺν
418 1970 465 2052 τῷ
488 1967 573 2053 λόγῳ
595 1967 678 2034 θεὸν
699 1970 752 2033 καί
776 1966 872 2052 λόγον
895 1964 954 2032 σὺν
970 1970 1017 2053 τῷ
1033 1969 1104 2052 θεῷ
1120 1965 1268 2053 φασκόν-

164 2132 171 2153 ,
249 2091 331 2144 των,
360 2068 426 2130 τῶν
454 2067 488 2131 ἓν
517 2063 702 2148 πρόσωπον
732 2063 860 2149 πατρὸς
880 2063 967 2146 πρὸς
987 2063 1045 2131 τὸν
1068 2063 1181 2149 λόγον,
1209 2066 1266 2131 καί

248 2161 306 2228 τὸν
335 2159 432 2247 λόγον
459 2160 546 2247 πρὸς
572 2161 629 2229 τὸν
659 2167 790 2245 πατέρα
815 2156 1010 2245 ὁριζόντων,·
1040 2161 1069 2228 εί
1099 2163 1135 2229 δὲ
1163 2163 1197 2228 ἓν
1226 2159 1267 2227 τὸ

248 2256 443 2343 πρόσωπον,
466 2263 541 2339 πῶς
564 2256 581 2325 5
602 2262 662 2343 μὲν
687 2254 894 2337 ἀποστέλλει,
918 2253 989 2326 δδὲ
1005 2253 1267 2340 ἀποστέλλεταις

239 2350 468 2436 ·“οἰποστελεῖς
495 2357 573 2442 γὰρ”
603 2360 704 2444 φησὶν
734 2353 948 2444 ὁπροφητης
970 2354 1047 2422 “τδν
1069 2355 1179 2440 λόγον,
1210 2359 1265 2423 καί

215 2452 338 2538 ιστηξει
366 2448 458 2519 οὖτά.
503 2454 638 2521 πνεόσει
666 2454 705 2520 τὸ
735 2457 864 2536 πνεῦμα
887 2449 1003 2532 αὐτοῦ,
1030 2456 1083 2519 καί
1106 2454 1297 2541 ῥιιησεταισ

248 2547 380 2618 όδατα”.
425 2554 477 2617 καί
507 2550 609 2616 πάλιν
639 2550 722 2636 ··ίγώ
752 2551 893 2637 ἐξῆλθον
915 2551 949 2620 ἐκ
971 2553 1029 2617 τοῦ
1050 2551 1178 2637 πατρός
1198 2576 1266 2637 μου

247 2651 302 2715 καί
324 2643 401 2732 ἥκω.
432 2652 486 2715 καί
509 2649 553 2728 ζῶ
575 2647 649 2732 ίγιὺ,
671 2651 725 2715 καὶ
749 2649 784 2734 ζῇ
807 2648 841 2716 ίν
864 2648 937 2732 ἐμοὶ
960 2645 978 2713 5
1001 2645 1203 2728 ἀποστείλας
1223 2677 1267 2734 με

248 2745 383 2832 πατήρ”.
428 2749 502 2824 πῶς
524 2735 581 2810 οὖν
605 2740 846 2813 ἀποστέλλεται
867 2742 885 2813 5
908 2742 1111 2824 ἀποσταλείς
1131 2750 1185 2814 καὶ
1209 2748 1267 2827 διὰ

178 2840 182 2849 ’
249 2843 368 2928 σαρκὸς
397 2851 568 2929 φαίνεται,·
598 2842 700 2909 ’Ἀλεὸν
728 2842 789 2928 γὰρ
819 2838 927 2921 οὐδεὶς
948 2844 1088 2911 πώποτε
1113 2845 1264 2930 ἑώρακεν.

210 2938 268 3011 205
290 2941 467 3028 μονογενὴς
495 2940 591 3019 θεὸς,
621 2936 639 3005 5
668 2935 713 3006 ὢν
740 2940 787 3019 είς
815 2940 872 3007 τὸν
899 2941 1023 3008 κόλπον
1044 2946 1103 3008 τοῦ
1127 2942 1265 3026 πατρὸς,

248 3038 371 3118 ἐκεῖνος
393 3039 684 3127 ίξηγησατο”.’καί
707 3041 808 3125 φησίν
827 3035 1035 3126 ὁμονογενὴς
1049 3039 1147 3118 θεός·
1172 3036 1266 3124 ὁμὲν

246 3138 310 3225 γὰρ
332 3136 427 3223 λόγος
450 3137 537 3205 ἐστὶν
560 3137 593 3201 ἐκ
616 3136 744 3219 πατρὸς
765 3140 949 3222 γεννηθεὶς,
976 3133 994 3201 5
1017 3138 1126 3223 πατὴρ
1149 3139 1186 3203 δὲ
1208 3133 1267 3205 οὐκ

249 3236 425 3322 ἐγεννήθη·
444 3235 499 3302 διὰ
521 3237 618 3300 τοῦτο
640 3235 817 3321 μονογενὴς
840 3234 917 3312 υίός.

334 3341 362 3398 6.
392 3331 568 3419 Προίλαβε
588 3331 649 3417 γὰρ
670 3328 690 3417 ἡ
714 3339 793 3400 θεία
813 3335 943 3417 γνῶσις,
966 3331 1168 3419 κηρύττουσα
1184 3333 1263 3400 ίαν·

209 3434 306 3516 κακῆς
327 3429 385 3517 τὴν
408 3428 579 3514 ἀληθειαν,
603 3430 660 3496 διὰ
681 3430 740 3515 την
756 3427 855 3512 αὐτῆς
869 3430 1066 3514 πρόγνωσιν,
1090 3430 1137 3509 είς
1152 3423 1297 3517 ἆσφά-[ι

249 3530 339 3594 λειαν
360 3533 427 3595 τῶν
448 3525 611 3616 ἡμετέρων
637 3533 759 3611 ψυχῶν,
784 3527 963 3613 ἐπειδήπερ
984 3526 1059 3615 ᾔδει
1080 3531 1138 3595 τοῦ
1153 3534 1267 3612 Σαμο-

249 3632 375 3704 σατέως
398 3625 459 3712 λτὴν
488 3624 603 3693 ἄνοιαν
628 3629 682 3693 καί
705 3631 770 3694 τῶν
789 3621 970 3708 Ἀρειανῶν
990 3625 1048 3713 τὴν
1069 3626 1266 3705 κακοδοξίαν

248 3727 301 3792 καί
323 3726 389 3789 τῶν
408 3720 591 3809 Ἀνομοίων
613 3722 672 3810 την
693 3729 887 3808 κακουργίαν
909 3726 961 3790 καί
984 3728 1051 3791 τῶν
1067 3730 1267 3806 Μανιχαίων

248 3821 306 3909 τὴν
334 3824 479 3901 πτῶσιν,
508 3825 563 3893 καί
591 3822 720 3887 λοιπῶν
750 3821 907 3904 αἱρέσεων
933 3821 992 3909 τὴν
1015 3828 1265 3910 κακομηχανίαν.
1306 3876 1309 3881 .

201 3923 302 3992 ,κακαί
331 3917 387 3987 διὰ
413 3922 511 3986 τοῦτο
539 3921 616 4002 περὶ
643 3917 781 4005 ἑκάστης
803 3920 920 3998 λέξεως
942 3914 1158 4014 ἀσφαλίζεται
1180 3915 1268 4006 ἡμᾶς

249 4014 267 4082 5
289 4025 386 4097 θεῖος
408 4016 520 4103 λόγος·
543 4015 600 4082 τὸν
621 4018 681 4099 μὲν
704 4015 764 4100 γὰρ
788 4024 917 4104 πατέρα
939 4012 976 4084 οὐ
995 4018 1081 4101 λέγει
1094 4021 1264 4105 μονογενῆ.

247 4120 321 4195 πῶς
342 4117 402 4202 γὰρ
423 4114 598 4201 μονογενὴς
621 4110 639 4179 5
660 4111 705 4197 μὴ
725 4121 970 4200 γεγεννημένοςς
991 4113 1049 4180 τὸν
1065 4116 1101 4181 δὲ
1115 4115 1188 4182 υἱὸν
1203 4141 1268 4201 μο-

241 4206 369 4302 νογενῆ,
392 4215 447 4304 ἵνα
467 4212 511 4300 μὴ
535 4209 553 4278 5
576 4211 645 4290 υίὸς
669 4216 846 4296 νομισθείη
871 4212 990 4297 πατὴρ,
1012 4215 1064 4277 καὶ
1087 4214 1142 4277 ἵνα
1159 4215 1203 4301 μὴ
1220 4212 1266 4293 ιὶς
