2867 5084
582 962 701 1016 mm.
721 919 911 1017 κκοκοιοι.
1191 957 1253 1020 433
1302 1042 1306 1048 η

233 1139 335 1198 μενος
357 1115 428 1193 υίὸς
450 1118 503 1182 καί
526 1115 566 1180 τὸ
588 1111 682 1200 ἅγιον
705 1118 844 1198 πνεῦμα,
877 1111 937 1182 κάν
959 1124 1089 1202 πατέρα
1111 1119 1259 1201 ἕχοιτὸν

234 1214 422 1297 γεννήτορά,
453 1211 529 1280 οίίτε
556 1214 599 1278 τά
629 1213 734 1279 λοιπά
762 1220 924 1296 κτίσματα
947 1213 1024 1280 άνευ
1048 1216 1184 1294 πάθους
1206 1217 1257 1302 εἴη

205 1308 429 1393 οκληριόσεως
445 1311 563 1390 αἰτίας,
582 1305 651 1375 άπὸ
668 1310 795 1393 πατρός
810 1311 865 1377 καὶ
880 1312 953 1377 υἱοῦ
976 1316 1028 1378 καὶ
1045 1310 1141 1397 άγίου
1157 1315 1258 1381 πνεό-

230 1432 338 1489 ματος
359 1414 561 1490 κεκτισμένα,
590 1412 706 1492 σαφῶς
730 1410 765 1474 δὲ
782 1408 859 1474 ἄνευ
882 1409 1018 1486 πάθους
1040 1411 1090 1495 είη
1115 1408 1133 1476 ό
1155 1435 1256 1494 μονο-

230 1502 326 1589 γενης
348 1505 542 1590 κληρώσεως
563 1506 682 1583 αἰτίας,
717 1508 771 1571 καὶ
800 1506 839 1571 τὸ
868 1503 962 1590 δίγιον
990 1503 1091 1573 αὐτοῦ
1114 1513 1281 1592 πνεῦμα,5

231 1597 277 1678 τός
299 1601 356 1665 καὶ
378 1600 396 1665 ό
419 1602 539 1688 πατὴρ,
564 1598 616 1668 ὅτι
638 1603 709 1680 υἱός
732 1603 804 1669 ἔστι
824 1610 975 1689 γέννημα,
999 1608 1052 1670 καί
1069 1600 1108 1671 οό,
1124 1613 1254 1689 κτίσμα,

232 1701 287 1762 καὶ
321 1693 379 1764 οὐκ
408 1695 477 1765 άπὸ
512 1703 570 1765 τοῦ
598 1703 818 1786 γεγεννῆσθαι
846 1703 938 1766 αίτία
966 1700 1103 1781 πάθους
1131 1705 1257 1790 κληρω·

231 1794 376 1880 θήσεται
399 1792 417 1859 ό
441 1796 520 1873 υἱὸς,
545 1794 620 1862 οὐδὲ
643 1797 682 1862 τὸ
700 1801 841 1881 πνεῦμα,
866 1798 981 1885 ἐπειδὴ
1005 1798 1039 1864 ln
1055 1800 1183 1885 πατρὸς
1205 1801 1256 1866 έκ-

231 1891 420 1974 πορεύεται.
456 1891 532 1960 οότε
554 1894 614 1977 γάρ
638 1891 655 1959 ὁ
679 1894 799 1979 πατὴρ,
824 1895 939 1980 ἐπειδὴ
964 1897 1121 1982 ἐγέννησε,
1146 1900 1200 1964 καὶ
1222 1898 1259 1977 ίξ

234 1988 354 2054 ἑαυτοῦ
370 1988 513 2075 ἐξήγαγε,
536 1991 578 2057 τὰ
593 1986 625 2056 δ)
644 1990 729 2057 άλλα
744 1993 856 2058 πάντα
869 1992 953 2075 μετά
970 1993 1040 2060 υἱὸν
1055 1998 1109 2060 καὶ
1126 1999 1256 2077 πνεῦμα
1267 2009 1296 2058 10

185 2087 370 2165 ῑιῑεέκτισεν,
402 2082 469 2153 ὑπὸ
491 2089 606 2166 πάθος
629 2089 739 2166 αἰτίας
768 2086 961 2172 εάρίσκεται,
991 2098 1100 2157 καίτοι
1127 2118 1163 2176 γε
1191 2097 1257 2158 τῶν

231 2181 344 2249 ἄλλων
359 2184 494 2251 πάντων
517 2186 550 2251 ἐν
573 2190 620 2272 τηῖ
642 2188 771 2267 κτίζειν,
796 2182 944 2272 ἢγεννᾶν
959 2188 1068 2253 πάθει
1084 2195 1258 2271 συνεχομέ-

231 2306 308 2347 νων.
348 2276 496 2360 άναίτιος
518 2287 597 2367 γοῦν
621 2280 638 2348 ό
661 2283 771 2370 πατὴρ
802 2287 856 2349 καλ
886 2281 998 2360 ὁυίὸς
1022 2285 1138 2349 καὶτὸ
1161 2282 1255 2371 άγιον

231 2383 379 2462 πνεῦμα·
403 2380 495 2447 αἰτία
518 2383 554 2447 δέ
576 2381 665 2447 ἔστιν
687 2377 706 2466 ἡ
730 2381 824 2466 τριάς
851 2384 917 2445 τῶν
941 2377 1098 2447 ἁπάντων
1127 2391 1257 2467 συγκτί-

232 2477 337 2556 ζουσα
368 2477 424 2542 καί
446 2480 752 2565 συνδημιουργοῦσα
773 2480 875 2562 μηδὲν
898 2478 931 2544 ἐν
955 2473 1036 2565 αὐτῇ
1059 2481 1201 2558 κτιστὸν,
1235 2475 1295 2567 ἢιῡ

232 2575 551 2660 δεδημιουργημένον
572 2576 788 2661 γινιόσκουσα.

318 2670 377 2757 κη’.
416 2672 457 2737 Εἰ
479 2677 547 2739 πᾶν
569 2673 608 2737 τὸ
630 2671 763 2757 γεγονὸς
793 2669 845 2758 ὑφ’
871 2673 983 2755 ἑτέρου
1005 2679 1143 2759 γέγονεν,
1177 2671 1258 2757 ἡδὲ

232 2761 408 2854 ἆγίννητος
432 2766 616 2848 ὑπόστασις
640 2769 715 2836 οὔτε
738 2764 791 2855 ὕφ’
817 2770 933 2857 ἑαυτῆς
956 2767 1032 2837 οὔτε
1054 2766 1114 2859 ὑφ’
1144 2771 1258 2858 ἑτέρας

204 2872 374 2951 ογέγονεν,
398 2862 518 2952 ἀνάγκη
543 2862 658 2934 οόσίαν
681 2869 799 2953 δηλοῦν
822 2867 861 2933 τὸ
884 2863 1069 2955 ἀγέννητον.

315 2958 515 3050 Ἁνατροπή.
556 2964 623 3030 Καὶ
644 2969 742 3031 τοῦτο
771 2964 873 3031 πάλιν
892 2960 1022 3044 Ἀέτιος
1052 2964 1123 3053 ἥκει
1146 2973 1297 3053 φέριονιθ

231 3054 328 3144 ἡμῖν,
364 3057 409 3139 ὡς
431 3061 544 3128 καινόν
566 3089 600 3128 τι
628 3065 680 3128 καί
705 3063 902 3147 πρόσφατον
926 3060 1167 3148 όφηγοόμενος,
1202 3066 1258 3129 ἵνα

233 3160 324 3243 φανῇ
348 3159 551 3246 διαλεκτικῆς
573 3159 747 3245 ίφευρετὴς
771 3156 855 3225 εἶναι
879 3158 1120 3244 συλλογιστίας,
1145 3161 1178 3225 ἐκ
1197 3186 1259 3226 πε-

231 3257 353 3336 ρισσοῦ
385 3255 487 3337 μόνον
523 3252 604 3322 αὐτὸ
638 3261 736 3322 τοῦτο
766 3258 889 3341 δηλῶν,
934 3253 1017 3339 ὅπερ
1047 3252 1123 3322 οὐδὲ
1152 3253 1258 3342 ἀμφι·

230 3350 408 3434 βάλλεται,
443 3352 519 3420 οότε
547 3353 629 3419 κατὰ
657 3358 713 3441 τῆς
744 3348 920 3438 ἀληθείας,
956 3353 993 3416 τὸ
1022 3348 1073 3419 άελ
1103 3353 1137 3419 ἐν
1166 3349 1256 3439 αὐτῷ

232 3449 272 3516 έν
293 3475 330 3535 τη
354 3451 516 3539 καθολικῇ
533 3452 685 3537 ἐκκλησίᾳ
701 3447 963 3534 ὁμολογούμενον
980 3451 1164 3533 ἐνυπάρχει.
1188 3455 1296 3530 πᾶνγη

231 3544 298 3632 γάρ
331 3546 370 3612 τὸ
398 3549 531 3631 γεγονὸς
564 3544 618 3634 ὑφ’
649 3549 761 3632 ἑτέρου
790 3555 929 3632 γίνεται,
968 3543 987 3632 ἦ
1019 3551 1054 3614 δὲ
1083 3544 1257 3635 άγέννητος

195 3638 422 3722 εὖπόστασις
451 3645 527 3712 οὔτε
555 3641 609 3732 ὑφ’
640 3646 758 3731 ἑαυτῆς
786 3644 861 3711 οὔτε
890 3640 943 3731 ὑφ’
976 3645 1089 3729 ἑτέρας
1116 3652 1255 3732 γέγονεν,

231 3740 341 3809 εἶκαὶ
364 3737 485 3829 άνάγιη
508 3738 624 3810 οὐσίαν
647 3742 827 3828 δηλοῦντὸ
850 3739 1032 3827 ἀγέννητον.
1064 3746 1117 3808 καλ
1133 3750 1166 3808 τί
1180 3743 1257 3808 τοό-

229 3862 294 3905 του
318 3834 590 3925 άναγκαιότερον;
627 3837 709 3923 ὅπερ
732 3839 793 3926 γάρ
817 3834 868 3906 ἀεὶ
889 3836 966 3923 παρ’
992 3836 1106 3917 αὐτοῖς
1128 3850 1200 3917 τοῖς
1221 3864 1258 3905 τε

225 3931 422 4020 Ἀνομοίοις
442 3941 497 4004 καὶ
517 3934 703 4021 Ἀρειανοῖς
724 3938 763 4002 τό
786 3941 843 4023 τῆς
866 3934 981 4015 οὐσίας
1003 3935 1108 4020 ὄνομα
1130 3938 1296 4018 παλιμ-θθ

226 4032 343 4120 βόλιος
370 4034 540 4120 ἐξελάθετο
567 4032 710 4114 Ἀέτιος,
745 4038 863 4121 σαηιῦς
897 4029 1156 4119 ἀναγκαζόμενος
1190 4028 1257 4099 ὑπὸ

229 4134 293 4217 τῆς
321 4126 485 4218 ἀληθείας
514 4131 733 4220 ὡμολόγησεν.
782 4129 896 4210 οόσίας
926 4138 1038 4197 τοίνυν
1072 4128 1172 4247 οὔσης
1199 4156 1257 4217 της

229 4224 439 4313 ἆγεννησίας,
463 4226 559 4311 έξ’
519 4235 620 4318 αυτῆς
642 4234 687 4312 δὲ,
716 4233 771 4297 καί
794 4226 852 4296 οὐκ
874 4228 910 4308 ἐξ
931 4222 988 4295 οὐκ
1010 4225 1115 4295 ὄντων
1138 4222 1257 4313 ἀγρόν

289 4328 435 4382 Epiphanius.
460 4332 498 4376 ΙΙΙ.
1071 4333 1104 4384 28
