2867 5084
581 944 699 998 τνστντ.
718 901 902 996 ιυοκοιοτ.
1194 937 1257 1000 387
1340 898 1348 915 x

229 1121 294 1164 σου
317 1097 514 1183 ποιήσωμαι
535 1097 593 1163 τὸν
617 1097 713 1182 λόγον
735 1099 794 1182 τῆς
816 1098 992 1177 διαλέξεως
1015 1100 1073 1184 τῆς
1094 1098 1258 1186 τοσαύτης

230 1220 293 1262 σου
316 1201 614 1280 καινοτομουμένης
638 1191 910 1277 όνοματοποιίας.

317 1300 347 1359 2.
390 1300 447 1369 Τίς
475 1293 536 1376 γὰρ
559 1296 625 1358 τῶν
654 1293 695 1381 τὸΙ
722 1291 884 1378 σωτήριον
916 1296 975 1357 τοῦ
998 1296 1081 1359 θεοῦ
1111 1293 1258 1380 κηρυγμα

230 1395 434 1474 κεκτημένων
451 1394 663 1472 Χριστιανῶν
680 1392 812 1454 παίδων
827 1393 925 1453 τοῦτο
941 1391 1148 1470 καταλείποι,
1172 1415 1258 1474 προ-

230 1488 373 1570 τραπεὶς
396 1484 464 1551 inb
487 1491 547 1552 σοῦ
571 1487 627 1553 διὰ
649 1490 706 1571 της
721 1486 900 1570 μυθώδους
918 1510 979 1551 σου
995 1487 1131 1572 πλάνης,
1156 1487 1283 1567 ίόσας5

202 1583 318 1651 υθεδν
342 1579 392 1650 σἰεί
417 1583 495 1649 όντα
518 1584 632 1649 καὶτὸ
656 1582 750 1667 ίίγιον
780 1579 880 1648 αὐτοῦ
903 1587 1035 1666 πνεῦμα
1058 1578 1107 1649 ἀεὶ
1133 1579 1179 1663 δν,
1203 1589 1256 1651 καί

232 1682 346 1748 ε’λθῶν
369 1678 503 1747 ἀκούσει
525 1682 618 1766 παρὰ
642 1685 701 1747 σοῦ
726 1681 804 1765 περὶ
826 1684 979 1766 γεννητοῦ
1003 1686 1096 1761 θεοῦ,
1126 1683 1181 1747 ἵνα
1204 1686 1257 1748 καί

233 1775 335 1856 αὐτὸς
358 1779 391 1845 ἐν
413 1790 540 1862 μιαροῖς
555 1781 781 1864 καταλεχθείη,
807 1778 1043 1861 διδασκόμενος
1061 1770 1259 1863 προσκυνεῖν

231 1878 292 1962 τὴν
316 1885 421 1944 κτίσιν
445 1880 537 1958 παρα
566 1877 623 1941 τὸν
645 1883 818 1954 κτίσαντα,
858 1873 894 1954 ός
923 1878 1012 1943 ἐστιν
1039 1872 1259 1962 ηόλογημίνσς

234 1975 283 2053 εἰς
306 1972 383 2052 voc-g
406 1973 537 2052 αἰῶνας,
563 1969 665 2057 όμήνς
705 1968 763 2038 σόκ
786 1973 898 2056 ἔχομεν
927 1973 988 2059 γὰρ
1012 1970 1106 2059 ἡμεῖς
1128 1975 1260 2040 κτιστόν
1275 1994 1303 2043 10

233 2070 330 2149 θεὸν,
355 2066 391 2135 οό
416 2071 566 2156 ποιητὸν,
591 2066 659 2136 ἀλλ)
686 2070 840 2136 δίκτιστον
863 2071 916 2136 καὶ
933 2067 1116 2156 ἀγέννητον,
1142 2072 1175 2137 ἐκ
1193 2098 1261 2138 πα-

233 2171 314 2252 τρὸς
336 2175 565 2253 γεγεννημένον
594 2163 742 2251 ἀνάρχως
772 2175 823 2234 καὶ
855 2165 1008 2252 όιχρόνως.
1054 2167 1114 2233 κᾶν
1143 2194 1178 2234 τε
1200 2170 1262 2253 γὰρ

235 2268 358 2353 σσφίζῃ
382 2265 420 2330 τό
443 2265 603 2351 γεννητόν,
627 2265 779 2352 γεννητὸν
803 2262 984 2349 δμωνίμως
1010 2268 1120 2331 καλεῖν
1142 2266 1262 2349 βουλό-

234 2387 352 2448 μενος,
387 2358 425 2428 οὗ
455 2364 591 2445 δέξομαί
619 2387 679 2428 σου
708 2361 766 2448 την
795 2365 897 2441 λέξιν,
935 2361 994 2429 κόίν
1017 2388 1052 2429 τε
1075 2359 1133 2445 οόχ
1156 2360 1261 2442 οὕτως
1330 2416 1334 2425 .

235 2461 367 2547 νοήσῃς,
392 2456 629 2546 ἠλαττωμένως
652 2459 745 2542 νεαρὰ
766 2459 805 2523 τὸ
829 2460 862 2525 ἐκ
885 2460 1013 2542 πατρὸς
1031 2464 1259 2547 γεγεννῆσθαι,
1275 2480 1303 2530 15

185 2559 275 2637 Ι-’τῖίξ
297 2555 455 2624 ἀκανθῶν
477 2559 537 2643 γὰρ
562 2554 599 2623 οὐ
623 2560 817 2641 συλλέγουσι
841 2557 1020 2643 σταφυλὰς,
1045 2555 1122 2624 οόδὲ
1144 2558 1177 2624 ἐκ
1192 2584 1263 2642 τρι-

235 2656 346 2740 βόλων
370 2659 467 2733 σῦκα,
501 2652 576 2721 οὐδὲ·
600 2655 635 2734 ἐξ
663 2650 782 2737 ἀνδρὸς
809 2657 1064 2742 πεπλανημένον
1095 2652 1199 2739 δρθδς
1222 2651 1263 2721 ἂν

236 2750 465 2838 δπσλειφθείη
490 2755 600 2838 λόγος·
625 2754 747 2839 ἐφίμου
769 2751 829 2837 γὰρ
851 2753 907 2818 καὶ
930 2749 948 2818 δ
969 2752 1080 2837 κόριος
1095 2753 1172 2831 τοὺς
1189 2754 1263 2818 δαί-

237 2875 343 2934 μονας
365 2850 513 2932 Χριστὸν
542 2846 641 2914 αὐτὸν
670 2847 920 2936 ὁμολογοῦντας.
969 2845 1041 2917 κατ’
1069 2851 1196 2917 ίννσιαν
1226 2852 1261 2916 δὲ

238 2953 305 3014 τῶν
334 2954 439 3014 θείων
467 2952 604 3034 γραιγῶν
633 2948 770 3032 φάσκεις
800 2943 885 3014 εἶναι
915 2947 952 3014 τό
981 2950 1136 3031 λογίδιον.
1191 2950 1304 3032 λέγενθ

239 3071 314 3130 μοι,
345 3052 430 3111 ποία
457 3048 566 3131 γραφη
595 3052 676 3111 θεία
705 3047 856 3111 ἐδίδασκε
884 3054 1151 3129 προσκυνεῖσθαι
1180 3046 1263 3111 θεὸν

240 3143 401 3225 ποιητόν,·
434 3147 487 3208 καὶ
518 3139 571 3208 ότι
598 3144 658 3223 μὲν
687 3142 768 3219 θεὸς
797 3138 969 3228 ἀγέννητὸς
998 3141 1068 3206 ἔστι
1091 3149 1193 3206 παντί
1215 3169 1263 3227 τῳ

241 3243 348 3327 σαφὲς
377 3242 437 3326 εἰἠ.
483 3237 558 3305 ἀλλ’
584 3234 658 3304 οὐδὲ
688 3244 785 3303 τοῦτο
816 3237 973 3318 ὀνομαστί
1005 3239 1144 3321 ἔγκειται
1167 3237 1201 3304 ἐν
1223 3243 1265 3326 τῇ

241 3344 322 3423 θείᾳ
344 3340 465 3423 γραφῇ.
497 3332 567 3402 ἆπδ
590 3337 626 3401 δὲ
650 3332 756 3417 ὀρθοῦ
777 3337 829 3399 καὶ
848 3330 1001 3417 εὐσεβοῦς
1016 3338 1185 3419 λογισμοῦ,
1208 3341 1262 3403 καὶ

186 3429 343 3520 Βαότῆς
365 3438 424 3520 τῆς
447 3440 608 3510 συνέσεως
631 3436 706 3515 περὶ
723 3437 806 3498 θεοῦ
827 3428 969 3515 εὐσεβῶς
984 3436 1082 3497 τοῦτο
1099 3446 1186 3500 νοεῖν
1208 3436 1305 3503 καλιῇ

243 3534 347 3617 λέγειν
360 3526 531 3616 ἀραρότως
547 3533 620 3613 ἔχει.
644 3532 749 3614 λέγεις
765 3532 809 3604 δὲ,
827 3530 882 3595 (ι’να
899 3530 1020 3596 είδίναι
1033 3531 1137 3612 ίχσιεν
1150 3533 1181 3598 σί
1196 3529 1265 3599 όπδ

243 3633 303 3696 σοῦ
328 3627 475 3716 ἀθληταί
496 3655 532 3695 τε
560 3628 615 3693 καί
637 3624 818 3714 όθλήτριαι
846 3627 1057 3711 καλούμενοι,
1091 3633 1263 3716 πεπλανη-

241 3734 336 3808 μένοι
359 3728 551 3810 δὲμᾶλλον,
586 3729 660 3802 πῶς
683 3725 768 3808 πρὸς
791 3727 926 3791 ἕκαστον
950 3722 1175 3808 όιτσκριθῶσι,
1207 3727 1265 3792 διὰ

243 3823 409 3906 συντόμου
441 3826 494 3888 καὶ
525 3819 783 3906 εόπεριδρόκτου
812 3822 910 3907 λόγου
943 3826 1105 3909 στιχηρῶν
1138 3813 1281 3906 τρόπονΙ

243 3923 285 3987 τὰ
318 3920 484 4006 κεφάλαια
517 3915 584 3986 δττό
622 3925 681 3985 σοῖν
721 3926 971 3986 συντεθεῖσθαι.
1024 3919 1077 3985 διδ
1111 3914 1195 3984 αὐτὰ
1222 3919 1307 3987 τά3θ

245 4016 406 4084 δοκοῦντά
435 4041 495 4083 σου
525 4017 640 4099 ἰσχυρὰ
669 4017 798 4101 ῥήματα
825 4021 878 4082 καὶ
902 4016 1097 4101 σοφιστικὰ,
1132 4014 1153 4081 ἃ
1181 4016 1267 4101 πρὸς

244 4114 322 4194 τοὺς
343 4112 477 4196 μείζους
499 4116 545 4193 είς
568 4110 756 4199 ἀντιλογίαν
785 4114 959 4201 ε’ξησκηταί
981 4136 1052 4191 σοι,
1081 4114 1207 4196 μᾶλλον
1230 4117 1266 4182 δὲ

244 4213 300 4278 ἵνα
323 4210 411 4296 πρὸς
432 4210 491 4298 τὴν
507 4207 669 4299 ἀληθειαν
685 4212 811 4299 ἐπόρης
827 4212 943 4294 στόμα,
967 4205 1062 4297 ἡμεῖς
1079 4211 1111 4276 οἱ
1127 4206 1269 4294 εὐτελεῖς

385 4338 388 4343 .
1059 4316 1113 4367 25*
