2867 5084
238 978 300 1040 204
463 991 667 1041 εσιψιαιον
683 991 779 1040 xm
798 990 984 1040 ,ιινιιεεοιι
1001 992 1032 1039 ιι.

237 1149 391 1229 νημένσς,·
415 1142 471 1208 ἵνα
493 1143 645 1220 δείξωσιν
668 1141 702 1208 ίν
724 1145 829 1208 πᾶσιν
852 1134 1018 1225 ἀγνωσίαν
1040 1144 1125 1207 θεοῦ
1142 1135 1287 1222 αῦτοὺςο

238 1241 336 1322 ἔχειν,
367 1241 421 1305 καί
445 1235 498 1305 ὅτι
520 1239 554 1305 ἐν
575 1240 692 1325 μηδενί
714 1239 780 1306 είσι
802 1241 966 1326 φωτισμῴ
985 1241 1047 1308 ,τοῦ
1071 1233 1260 1324 εὐαγγελίου

237 1342 507 1424 κατηυγασμένσι.
554 1335 757 1424 ψηλαφησας
790 1335 851 1421 γάρ
882 1360 933 1413 τις
959 1337 1012 1401 καί
1042 1331 1260 1423 άνερευιήσας

239 1429 308 1500 άπὸ
331 1438 390 1500 τοῦ
414 1435 534 1512 αίιῦνος
556 1437 609 1500 καί
632 1434 715 1500 κατὰ
736 1432 848 1518 γενεὰν
872 1433 997 1500 τίσεται
1019 1436 1077 1520 τῆς
1096 1429 1259 1550 ἀληθείας

214 1536 295 1619 ὁτῆς
316 1536 375 1599 τοῦ
393 1536 547 1654 βιατῆρος
568 1528 601 1618 ἧι
589 1534 661 1614 μιῦν
682 1532 810 1609 τελείας
831 1530 992 1613 γνώσεως,
1016 1531 1071 1597 καὶ
1094 1532 1182 1615 πρὸς
1203 1530 1257 1598 τὸν

238 1630 402 1714 πατέρα)
391 1630 542 1714 ισότηιος
564 1629 621 1713 τὴν
644 1627 792 1711 δύναμιν.
823 1628 895 1693 κνί
877 1652 987 1695 ονται
1009 1629 1045 1694 δὲ
1068 1617 1163 1695 οὗτοι
1183 1623 1257 1694 'Iov-

238 1729 340 1813 δαικιῦ
365 1727 551 1812 φρονήματι
574 1727 863 1812 περιβεβλημένοι,
891 1729 944 1792 καί
969 1720 1190 1810 ἀγανακτοῦσι
1212 1727 1255 1810 τῷ

237 1824 298 1908 υίηῦ
321 1827 379 1888 τοῦ
402 1827 501 1902 θεοῦ,
525 1823 681 1908 καθάπερ
705 1823 822 1890 ἐκεῖνοι
846 1823 970 1907 ἔλεγον·
999 1819 1052 1888 ὅτι
1075 1818 1138 1889 “dl
1165 1819 1253 1890 οῦδὲν

238 1922 383 2007 πονηρὸν
412 1944 449 1987 σε
477 1920 673 2003 λιθάζσμεν,
703 1917 773 1986 ἀλλ’
799 1917 852 1986 ὅτι
880 1919 1064 2005 ἅνθρωπος
1093 1915 1155 2000 ιῦν,
1187 1920 1284 1987 υίὸνπλ

201 2022 321 2086 ιθθεοῦ
351 2013 450 2084 αῦτὸν
480 2013 666 2100 ὀνομάζεις,
696 2019 771 2084 ἰ’σσν
800 2020 847 2101 τῷ
875 2021 948 2103 θεῷ
977 2021 1087 2084 πσιιῦν
1110 2016 1250 2085 σεαυτόν.

239 2111 325 2181 οίτω
355 2119 407 2182 καί
441 2105 531 2182 οῦτοι
560 2119 606 2201 τῷ
636 2110 725 2201 αὐτῷ
753 2114 863 2181 πάθει
884 2119 951 2180 τιῦν
978 2123 1176 2198 Φαρισαίων
1203 2116 1248 2181 καί

235 2207 400 2279 Ἰουδαίων
429 2213 668 2297 περιπεσόντες
695 2209 931 2297 ἀγανακτοῦσι,
959 2212 1003 2296 μὴ
1027 2214 1186 2292 θέλοντες
1205 2214 1249 2278 λέ·

237 2336 306 2396 γειν
335 2311 392 2377 τὸν
420 2311 491 2377 υἱὸν
522 2313 595 2377 ίσσν
624 2315 671 2397 τῷ
693 2310 904 2396 γεγεννηκότι.
951 2307 1013 2394 ὅρα
1034 2310 1096 2395 γάρ
1118 2336 1179 2394 μοι
1199 2309 1248 2394 τὴν

237 2413 303 2474 τιῦν
332 2413 469 2525 γραφιῦν
500 2404 683 2494 άκρίβειαν,
715 2404 768 2474 ὅτι
797 2402 944 2490 οὐδαμοῦ
973 2409 1099 2493 είρηκεν
1131 2405 1149 2495 ἡ
1179 2413 1248 2475 θεία

198 2529 226 2578 15
236 2531 344 2593 γραφη
369 2507 425 2572 τὸν
448 2507 543 2591 λόγον
566 2511 683 2572 τοῦτον
706 2504 773 2590 πρὸ
797 2530 855 2590 της
878 2504 1035 2588 ε’νσάρκου
1058 2512 1247 2590 παρουσίας,

238 2598 348 2669 ἀλλ’(
333 2628 388 2667 ο
379 2603 488 2688 πατὴρ
517 2606 563 2687 τιῦ
595 2604 653 2688 υίιῦ
684 2601 897 2688 “ποιησωμεν
927 2601 1132 2686 άνθρωπον”
1163 2605 1247 2689 λέγει,

238 2701 497 2786 σινδηιιιουργὸν
520 2667 626 2764 κάλιῦν
649 2698 706 2766 τὸν
728 2699 799 2765 υίὸν
822 2725 876 2765 και
898 2699 1031 2785 γνησιον
1047 2700 1175 2779 δεικνὺς
1189 2722 1241 2766 m

239 2796 384 2881 ἰσότητα.
429 2799 481 2862 καὶ
512 2791 658 2878 οῦδαμοῦ
688 2798 812 2882 είρηκεν
842 2792 860 2862 ὃ
890 2796 960 2874 υἱὸς
984 2796 1087 2864 “θεόν
1116 2824 1181 2881 μου
1202 2792 1247 2863 καί

237 2892 320 2959 θεὸν
344 2889 460 2977 ημιῦν”.
492 2896 544 2960 καί
570 2823 726 2979 “ίη’κοιισεν
745 2890 851 2979 Ἀδὰμ
875 2898 933 2981 τῆς
956 2898 1068 2980 φωνῆς
1091 2898 1150 2963 τοῦ
1175 2896 1269 2962 θεοῦί

198 2994 503 3074 γοπεριπατσῦνισς
531 2991 564 3057 έν
592 2995 638 3076 τῷ
670 2993 889 3076 παραδείσηι”.
934 2996 987 3058 καί
1012 3000 1178 3079 ’ποίησον
1204 3015 1248 3060 σε·

237 3092 327 3174 αυτῷ
350 3090 490 3173 κιβωτὸν
512 3089 546 3155 ἐκ
569 3089 673 3168 ξύλων
696 3084 883 3174 άσηπτων”.
916 3093 968 3155 καί
994 3090 1125 3174 “ί’βρεξε
1147 3091 1252 3176 κύριος

237 3188 330 3271 παρὰ
352 3191 490 3271 κυρίου”.
522 3191 574 3254 καί
600 3182 674 3254 εἶπε
690 3186 802 3271 κύριος
817 3186 903 3270 πρὸς
919 3191 1069 3273 Μωυσῆν
1087 3187 1172 3272 “ε’γιά
1191 3188 1253 3271 είμι

238 3281 255 3349 ὁ
280 3285 360 3363 θεὸς
379 3281 528 3370 Ἀβραάμ
552 3289 604 3351 καὶ
629 3280 646 3349 ὁ
670 3284 752 3362 θεὸς
771 3279 876 3350 Ἰσαὰκ
899 3288 951 3351 καὶ
976 3283 993 3349 ὁ
1017 3284 1099 3363 θεὸς
1118 3280 1253 3371 Ἰακώβ.

237 3382 291 3446 καὶ
314 3384 425 3466 Δαβίδ
447 3385 531 3467 λέγει
555 3378 668 3449 “εἶπεν
692 3380 709 3446 ὁ
732 3382 843 3464 κάριος
864 3385 912 3467 τῷ
934 3389 1034 3467 κυρίῳ
1048 3408 1125 3466 μου,
1150 3384 1257 3451 κάθου

197 3478 272 3552 νείκ
295 3480 411 3557 δεξιῶν
432 3483 522 3561 μου”.
553 3484 606 3545 καί
630 3475 776 3560 οὐδαμοῦ
800 3474 891 3546 εἶπεν
916 3474 1060 3562 ὁκύρισς
1077 3481 1183 3548 “θεόν
1196 3504 1259 3567 μου

238 3579 290 3641 καί
316 3576 396 3642 θεὸν
422 3573 536 3658 ὑμῶν’.
569 3573 623 3643 ὅτε
646 3578 681 3643 δὲ·
705 3578 801 3661 ἔλαβε
823 3576 861 3641 τὸ
886 3573 1040 3663 ημίτερον
1063 3582 1163 3662 σῶμα
1187 3582 1259 3647 ’καί

238 3676 294 3741 ἐπὶ
317 3677 375 3760 τῆς
396 3676 454 3758 γῆς
470 3672 583 3760 ὤφθη,
607 3677 749 3752 καὶτοῖς
764 3670 961 3759 ἀνθρώποις
977 3678 1260 3764 σννανεστράφη,”

237 3775 289 3837 καί
314 3771 347 3838 ίν
371 3766 448 3856 ἡμῖν
471 3773 699 3858 κατελογίσθη,
724 3771 798 3839 τότε
821 3775 906 3857 πρὸςΙ
928 3772 1004 3849 τοὺς
1027 3768 1129 3839 αὐτοῦ
1144 3782 1261 3863 μαθη-

237 3871 313 3947 τάς,
344 3868 429 3951 πρὸς
459 3867 515 3947 οῦς
538 3865 661 3954 ιῦφειλε
683 3870 766 3936 κατὰ
788 3870 898 3935 πάντα
922 3865 1135 3956 ὁμοιωθῆναι
1156 3875 1286 3958 χωρίςῑ

198 3965 409 4051 ευάμαριίας,
433 3968 514 4033 θεὸν
536 3991 600 4048 μου
623 3967 720 4050 ἔλεγε,
744 3969 797 4032 καί
822 3970 902 4033 θεὸν
926 3963 1025 4049 ὑμῶν,
1049 3970 1103 4034 καί
1127 3976 1262 4056 πατέρα

236 4090 300 4147 μου
323 4069 375 4130 καί
400 4070 528 4147 πατέρα
552 4060 650 4148 ῦμιῦν.
682 4068 811 4144 πατέρα
831 4087 895 4145 μου
917 4067 976 4145 μὲν
999 4065 1082 4131 κατὰ
1104 4065 1212 4152 φύσιν
1226 4068 1263 4137 έν

237 4165 276 4244 τῇ
306 4162 443 4247 θεάτητι
470 4165 525 4229 καί
552 4167 682 4243 πατέρα
710 4155 817 4242 ὑμῶν,
847 4164 902 4225 καί
929 4166 1058 4246 πατέρα
1086 4157 1182 4245 ῦμιῦν
1205 4166 1265 4235 διὰ

235 4256 330 4338 χάριν
359 4253 399 4323 δι’
424 4259 481 4340 ἐμὲ
509 4260 542 4325 ἒν
570 4262 610 4342 τῇ
640 4256 804 4341 υἱοθεσία.
850 4256 932 4323 θεάν
958 4282 1023 4341 μου
1052 4261 1106 4337 δὲ,
1136 4256 1195 4331 ὅτι
1222 4264 1265 4333 τὸ

602 4546 766 4662 -ἢ
