2867 5084
1076 492 1088 513 Q

237 944 300 1010 356
468 949 668 1001 επισωκωι
682 946 780 998 κατι
798 947 986 997 mmm
1001 947 1032 997 r.

234 1109 289 1176 καί
312 1102 371 1193 την
393 1102 566 1170 πολιτείαν
584 1092 642 1166 οὒκ
658 1092 766 1184 ὀλίγοι
780 1096 897 1181 ἄνδρες
911 1094 1152 1181 θαυμάζουσιν,
1186 1095 1259 1163 είθε

234 1204 349 1272 δὲκαὶ
372 1203 411 1287 τῇ
433 1205 549 1265 πίστει
572 1192 685 1281 ὀρθῶς
707 1195 879 1284 ἐφρόνησε.
910 1193 948 1259 τὸ
970 1193 1031 1279 γάρ
1051 1188 1184 1278 Ἀρείου
1206 1196 1260 1260 καί

233 1295 336 1377 αὐτὸς
368 1290 425 1364 ἀπ’
460 1290 559 1382 άρχῆς
592 1294 654 1372 ἕως
688 1295 803 1372 τέλους
835 1297 985 1375 κατέσχε,
1024 1294 1077 1357 καί
1113 1285 1193 1358 οὐδὲ
1225 1290 1260 1357 σί

234 1399 376 1480 θλίψεις
403 1397 469 1461 τών
499 1395 652 1479 διωγμῶν
683 1385 782 1458 αὐτὸν
811 1389 1063 1474 διωρθώσαντο.
1111 1387 1260 1474 ἐδιώχθη

211 1493 296 1581 εγὰρ
323 1491 409 1577 μετὰ
440 1494 506 1557 τών
535 1490 614 1574 περὶ
636 1490 815 1555 Βασίλειον
843 1491 898 1554 καὶ
917 1482 1082 1552 Ἐλεόσιον
1111 1488 1166 1552 καί
1191 1488 1263 1551 λοι-

235 1590 330 1670 ποός.
368 1590 460 1669 ἐδοξε
482 1589 518 1655 δὲ
546 1587 601 1655 καί
629 1586 715 1672 πρὸς
736 1591 901 1671 Λιγίέριον
921 1580 1042 1669 Ῥώμης
1072 1581 1131 1649 τὸν
1153 1609 1264 1667 μακα-

235 1694 328 1775 ρίτην
350 1685 545 1771 πρεσβεύειν
574 1682 644 1768 ἅμα
671 1682 786 1762 ἄλλοις
815 1682 1030 1760 ἐπισκόποις,
1068 1683 1122 1747 καί
1144 1685 1187 1768 τῇ
1212 1681 1264 1748 ἐκ·

235 1791 334 1851 θέσει
367 1786 425 1869 τῆς
459 1781 544 1848 κατὰ
571 1788 714 1847 Νίκαιαν
748 1786 922 1866 γενομένης
957 1778 1098 1845 συνόδου
1131 1782 1188 1844 καί
1223 1782 1262 1864 τῇ

238 1875 398 1966 ὁμολογίᾳ
419 1882 478 1964 τῆς
501 1875 702 1962 όρθοδοξίας
730 1874 1006 1964 ὖπογεγραφίναι.
1044 1876 1092 1953 είς
1120 1872 1262 1961 ὕστερον

199 1977 274 2046 ίοδὲ
297 1972 411 2059 ὥσπερ
434 1977 597 2062 μνησθεὶς
617 1979 671 2041 καί
695 1975 731 2055 ἐξ
751 1970 887 2060 ὀνείρων
908 1970 1053 2052 ἀναστὰς
1074 1972 1118 2039 τὰ
1139 1973 1262 2041 ἑαυτοῦ

235 2072 339 2143 πάλιν
361 2076 480 2159 πρῶτα
501 2076 558 2159 τῆς
574 2075 638 2138 τών
650 2067 832 2159 Ἀρειανών
847 2069 1040 2153 κακοδοξίας
1057 2071 1289 2140 ἐπισκεπτόο

235 2197 335 2258 μενος
358 2165 395 2238 οὗ
421 2173 595 2239 διέλειπεν.
642 2166 733 2255 ὅμως
762 2170 841 2255 περὶ
860 2165 991 2254 Ἀερίου
1019 2164 1098 2254 ἡμῖν
1122 2164 1140 2234 5
1165 2169 1266 2256 λόγος

236 2269 318 2337 ἐστί.
350 2268 403 2336 διὸ
426 2259 528 2348 αὖθις
550 2267 636 2351 πρὸς
659 2264 758 2334 αὐτόν
782 2269 1031 2353 ἐπιστρεπτίον.

322 2373 352 2434 3.
393 2356 499 2447 Οὗτος
531 2363 548 2432 5
575 2362 705 2450 Ἀέρισς
743 2364 799 2431 διὰ
831 2365 909 2442 τοὺς
937 2363 1110 2442 τοιούτους
1143 2364 1267 2449 λόγους

200 2464 430 2549 Ιεσεμνόνεται
451 2467 511 2549 μὲν
534 2459 721 2542 άποταξίαν
750 2462 783 2528 ἐν
812 2457 909 2548 ἀρχῇ,
946 2461 1140 2527 καταλιπών
1165 2463 1265 2529 δὲτὸ

236 2573 509 2647 πτωχστροφεῖον
531 2562 731 2644 παρείλκυσε
753 2560 859 2625 πολὺν
879 2558 978 2642 χορὸν
996 2554 1125 2642 ἀνδρῶν
1146 2585 1187 2626 τε
1210 2563 1265 2627 καὶ

234 2661 405 2743 γυναικών.
445 2653 652 2745 άπηλαόνετο
682 2658 718 2724 δὲ
748 2652 848 2734 αὐτὸς
869 2656 953 2739 μετὰ
975 2660 1032 2742 τῆς
1057 2651 1160 2721 αὐτοῦ
1193 2652 1265 2724 άπὸ

235 2758 302 2821 τῶν
325 2754 501 2840 ἐκκλησιῶν
527 2754 582 2820 καὶ
613 2750 720 2839 άγρών
750 2756 802 2819 καί
825 2757 944 2836 κωμῶν
972 2757 1026 2818 καί
1054 2756 1122 2819 τών
1150 2751 1267 2821 ἄλλων

236 2849 377 2916 πόλεων.
423 2852 585 2930 πολλάκις
616 2853 652 2917 δέ
680 2851 764 2934 μετὰ
791 2851 919 2916 πολλοῦ
954 2847 1050 2931 όχλου
1082 2854 1143 2916 τοῦ
1175 2851 1266 2918 ίδίου

198 2946 413 3033 τονιφόμενοι
435 2945 578 3033 ἀγρόθεν
602 2949 778 3024 διετέλουν,
803 2944 971 3030 ίίπαιθροί
987 2973 1023 3013 τε
1044 2951 1097 3012 καὶ
1116 2943 1187 3013 ὑπὸ
1204 2955 1269 3016 πέ-

236 3069 316 3130 τρας
338 3038 557 3128 αὐλιζόμενοι,
582 3045 615 3112 ἐν
639 3042 734 3123 ίίλαις
748 3045 1017 3131 καταφεύγοντες.
1050 3034 1089 3129 ἦν
1106 3046 1144 3112 δὲ
1159 3041 1291 3113 αὖτοῦυ

236 3138 255 3207 5
278 3142 374 3230 λόγος
394 3142 564 3229 μανιώδης
591 3145 717 3227 μᾶλλον
750 3140 836 3229 ἤπερ
864 3140 1096 3219 καταστάσεως
1125 3137 1267 3229 ἂνθρω-

236 3248 351 3328 πίνης·
389 3249 445 3309 καί
467 3265 560 3330 φησι,
589 3247 622 3307 τί
644 3240 734 3307 ἐστιν
757 3239 943 3317 ἐπίσκοπος
970 3239 1055 3322 πρὸς
1077 3240 1268 3325 πρεσβύτε-

236 3360 314 3421 ρονς
354 3334 449 3406 οὐδὲν
482 3337 672 3405 διαλλάττει
703 3326 800 3415 οὗτος
828 3335 964 3402 τούτου·
1000 3343 1061 3420 μία
1095 3337 1158 3420 γάρ
1193 3338 1268 3406 ἐστι

197 3432 329 3513 ἳετάξις
350 3438 403 3501 καί
425 3443 496 3517 μία,
527 3439 619 3523 φησί,
649 3433 726 3521 τιμὴ
749 3443 802 3500 καὶ
826 3437 860 3500 ἓν
883 3428 1021 3517 άξίωμα.
1058 3441 1266 3519 χειροθετεί,

237 3533 349 3618 φησίν,
373 3531 567 3611 ἐπίσκοπος,
598 3528 682 3599 ἀλλὰ
710 3534 764 3597 καὶ
795 3526 813 3596 5
842 3531 1073 3616 πρεσβύτερος.
1121 3532 1267 3619 λουτρὸν

236 3628 375 3695 δίδωσιν
397 3624 416 3694 5
438 3628 632 3708 ἐπίσκοπος,
657 3625 782 3712 ὁμοίιος
810 3631 862 3695 καὶ
886 3624 904 3693 5
927 3628 1160 3714 πρεσβύτερος.
1206 3631 1268 3720 τὴν

236 3725 428 3809 οἰκονομίαν
450 3729 508 3813 τῆς
519 3729 671 3812 λατρείας
685 3736 781 3792 ποιεῖ
797 3720 814 3790 5
831 3726 1024 3805 ἐπίσκοπος,
1048 3728 1102 3792 καί
1121 3722 1140 3792 5
1156 3753 1269 3813 πρεσ·

235 3823 372 3909 βότερος
405 3816 571 3902 ώσαότως.
624 3824 801 3902 καθίζεται
838 3819 856 3888 5
890 3823 1075 3901 ἐπίσκοπος
1108 3822 1168 3890 ἐπί
1205 3831 1268 3894 τοῦ

199 3920 372 4004 θοθρόνου,
396 3922 573 4002 καθέζεται
595 3920 650 3986 καί
673 3916 690 3985 5
714 3920 946 4004 πρεσβύτερος.
988 3920 1021 3986 ἐν
1044 3919 1152 4006 τούτῳ
1176 3928 1312 3992 πολ-Μ

237 4016 314 4095 λοὺς
328 4011 479 4104 ἠπάτησε
501 4022 555 4085 καί
571 4013 711 4104 ἀρχηγὸν
726 4020 844 4082 τοῦτον
860 4016 1041 4103 ἐσχήκασιν.
1076 4011 1150 4086 είτά
1166 4044 1268 4109 φησι,

237 4118 271 4178 τί
293 4113 364 4181 ἐστι
385 4114 423 4182 τὸ
450 4116 576 4197 Πάσχα,
610 4111 693 4199 ὅπερ
723 4109 800 4198 παρ’
826 4110 902 4198 ὑμῖν
926 4115 1149 4197 ἐπιτελεῖταις
1184 4112 1274 4188 Ἰου-

235 4207 365 4288 δαϊκοῖς
387 4212 490 4279 πάλιν
511 4212 637 4296 μάθοις
658 4218 888 4295 προσανέχειε.
927 4207 964 4277 05
986 4211 1047 4297 γὰρ
1068 4212 1141 4300 χρὴ,
1166 4218 1271 4305 φησὶ,
