2867 5084
203 955 234 997 rt·
625 949 797 997 Plinthine,

206 1126 269 1162 num
293 1107 339 1178 qui
363 1113 490 1178 ageretur
505 1106 679 1177 eornpntaiit.
705 1104 776 1158 ielnt
793 1104 819 1157 in
837 1104 895 1176 ipso
912 1102 1015 1156 Panarii
1034 1102 1117 1157 initio.
1140 1090 1225 1154 'Em-

203 1183 297 1262 eruii,
322 1193 474 1265 γραφεῖσα
497 1184 528 1243 ἐν
553 1191 593 1266 τῷ
616 1184 801 1266 ἐνενηκοστῷ
824 1182 956 1264 δευτέρῳ
985 1180 1040 1241 ἔτει
1072 1187 1123 1258 τῆς
1145 1181 1225 1240 ,Ιτα-

204 1274 368 1347 κὶ.τ,τταναι”·
389 1269 557 1344 Ἰτάττιλετάς,
588 1266 844 1329 Οὐαλεντινταταῖ·
867 1270 916 1326 καὶ
943 1262 1116 1335 Οὗάλτντος
1138 1263 1227 1335 ἔτους

204 1350 392 1426 δωδεκάτου,
415 1355 463 1412 καὶ
484 1355 511 1412 Γ
510 1360 655 1429 periuros·
679 1352 765 1423 ἔτους
787 1348 907 1432 ὀγδόου.
931 1368 956 1411 et
981 1357 1007 1410 in
1025 1356 1091 1410 loeis
1107 1354 1226 1428 quibus-

204 1445 264 1498 dam
289 1445 429 1499 nucereti:
453 1444 486 1498 «Ie
510 1460 564 1515 ipro
588 1444 638 1497 oin
664 1462 689 1497 in
713 1449 812 1497 ‚tnnot
837 1443 887 1497 rui.
911 1446 933 1497 1.
959 1461 984 1514 p.
1003 1444 1073 1497 370.
1108 1439 1147 1493 Ad
1170 1457 1226 1494 nu-

204 1563 309 1601 merum
333 1528 368 1600 (ἶ
388 1545 460 1617 quod
483 1545 594 1607 attinet,
620 1563 673 1599 non
698 1544 875 1598 ‹Irrbitonrlnm
898 1545 961 1615 qnin
983 1542 1106 1597 Petarius
1128 1540 1225 1596 literae

203 1654 220 1703 α
250 1658 322 1702 reete
352 1646 523 1701 substituerit
555 1663 696 1700 nnmerum
727 1648 912 1701 centenarium
939 1637 980 1717 p':
1016 1644 1092 1698 litera
1119 1660 1183 1697 vero
1211 1654 1218 1677 ¹

204 1750 259 1787 non
282 1732 365 1803 Inpuet
390 1740 480 1785 utrum
503 1730 536 1785 ab
558 1730 668 1785 liiamrio
695 1748 746 1803 pro
768 1748 785 1803 y
815 1732 850 1785 ait
873 1730 959 1787 illata,
989 1746 1021 1782 au
1053 1727 1136 1801 ipsius
1161 1727 1227 1799 Epi-

204 1817 296 1890 phanii
326 1833 420 1870 errore
450 1815 536 1888 posita
571 1817 754 1870 annumeratis
784 1824 914 1887 quattuor
943 1814 1034 1871 anuis,
1070 1829 1139 1883 iquos
1175 1812 1228 1867 de-

204 1901 273 1955 train
297 1902 387 1973 potius
416 1900 543 1954 debuisse
572 1901 676 1955 monuit
706 1901 852 1969 zacagnius
882 1900 908 1953 in
933 1898 1047 1953 Praefat.
1070 1897 1103 1951 ad
1125 1896 1228 1951 Menu-

205 1995 293 2040 menta
311 1995 399 2040 retem
417 1985 488 2039 Eeel.
505 1984 621 2039 Graecae
645 2003 671 2057 p.
688 1986 730 2039 IX.
768 1987 893 2040 Ceterum
911 1983 1018 2038 Petario
1041 1982 1121 2037 rerba
1143 1977 1228 2036 Aro-

204 2069 367 2142 uiqrmrofr
391 2063 432 2123 δι’
456 2069 556 2123 delenti
586 2071 733 2142 praeiverat
759 2070 913 2129 Cornurins,
937 2070 982 2142 qni
1007 2084 1061 2121 non
1084 2066 1226 2121 intelieetn

203 2156 277 2227 qnod
300 2156 326 2208 in
350 2155 469 2226 margine
492 2154 592 2209 corticis
616 2155 735 2210 lenensis
758 2163 917 2210 arrrrotatum
946 2153 1048 2207 rideret
1080 2145 1112 2206 ἓν
1139 2141 1226 2205 ἄλλω

203 2247 287 2367 IIJJ
309 2290 346 2345 sie
371 2290 436 2345 haee
459 2289 589 2345 vertendo
618 2290 747 2362 pervertit
771 2307 798 2361 p.
817 2291 875 2345 309
906 2288 948 2344 ed.
972 2286 1050 2343 Basil.
1081 2304 1105 2341 a.
1133 2289 1225 2343 1543.

204 2383 252 2429 “ut
275 2376 331 2429 sint
353 2393 371 2429 α
393 2376 538 2447 praedicto
555 2374 640 2428 IInne
664 2391 749 2446 nsque
768 2375 797 2428 in
811 2390 948 2445 proruens
964 2381 1080 2444 tempus,
1101 2370 1227 2426 I'utentia

203 2461 314 2533 quidem
335 2477 439 2514 annum
463 2458 543 2512 XIII.
569 2457 705 2512 Gratiani
735 2475 799 2510 rere
828 2475 931 2511 eranum
955 2474 1065 2520 ieonum,
1099 2455 1228 2512 I'aIentt'·

204 2545 286 2598 niani
308 2544 429 2597 iunioris
452 2560 556 2596 unarum
578 2544 715 2613 primum:
739 2542 808 2594 anari
831 2543 986 2611 nermqinta
1010 2540 1092 2595 tres.”

292 2627 328 2682 Ite
351 2626 442 2681 codiee
467 2642 497 2680 ex
521 2642 575 2697 qno
598 2626 751 2697 descriptus
775 2635 815 2679 est
839 2626 959 2680 ienensis
989 2636 1092 2680 tanturn
1121 2625 1226 2699 proba-

204 2711 295 2768 biliter
317 2710 450 2766 ceniieere
472 2710 544 2772 lieet,
569 2726 623 2764 nen
646 2710 786 2783 antiquum
803 2709 895 2771 fuisse,
919 2711 966 2766 seri
983 2720 1069 2765 aetate
1085 2708 1226 2783 aliquanto

204 2797 359 2852 inferiorem
383 2795 484 2850 Veneto
509 2793 641 2849 Marciano
665 2795 748 2868 partis
772 2795 879 2867 prioris,
910 2798 1011 2869 scripto
1034 2811 1104 2849 anno
1133 2798 1224 2850 1057.

205 2889 236 2936 ut
264 2883 289 2936 in
314 2879 482 2935 Praefatione
506 2878 557 2934 vol.
580 2884 602 2935 1.
633 2898 658 2952 p.
675 2879 728 2933 tn.
758 2879 888 2934 dicebam.
944 2880 1007 2934 Nam
1038 2896 1120 2952 quum
1153 2878 1226 2934 liber

205 2965 323 3020 Venetus
346 2963 372 3018 in
396 2962 438 3018 itta
462 2967 552 3037 operis
575 2973 651 3037 parte
674 2964 789 3019 millenis
813 2966 839 3019 in
862 2964 929 3019 loeis
945 2966 1076 3038 integrior
1091 2964 1126 3018 sit
1142 2980 1224 3037 qnam

205 3067 286 3124 quern
315 3049 450 3122 Oporinus
479 3049 505 3102 in
537 3048 654 3103 editione
679 3048 822 3103 Basiieensi
852 3050 984 3123 expressit
1013 3049 1148 3111 lenensis,
1183 3049 1225 3104 rix

205 3133 321 3189 dubitari
355 3141 445 3205 potest
474 3133 538 3205 quin
569 3134 594 3187 in
628 3133 710 3188 alteru
745 3133 835 3207 operis
871 3143 946 3207 parte
978 3132 1070 3189 eadem
1099 3131 1223 3188 roriieuru

205 3220 397 3279 recentiorum,
422 3234 538 3289 qnorum
554 3217 701 3290 scripturos
719 3217 826 3273 exhibet
843 3218 972 3279 lenensis,
996 3218 1028 3272 ad
1045 3218 1223 3289 antiquiores,

204 3303 251 3376 qui
274 3303 422 3376 perierunt,
446 3303 514 3356 rati«)
538 3302 632 3356 fuerit:
669 3311 697 3356 ut
721 3304 867 3357 carendum
897 3302 932 3358 sit
961 3319 995 3358 ne
1018 3303 1078 3374 quis
1107 3302 1133 3358 in
1155 3301 1224 3357 Iocis

205 3387 245 3442 vei
269 3386 405 3461 corruptis
427 3385 477 3448 rel,
501 3386 546 3458 qui
571 3403 624 3440 non
649 3388 725 3459 pauci
749 3396 821 3448 sunt,
846 3387 967 3450 deiectis,
1002 3387 1094 3443 codiee
1117 3385 1224 3442 lenensi

206 3481 332 3546 tanquam
355 3470 432 3525 firmo
456 3469 557 3542 ubique
580 3471 754 3527 [inuitamento
777 3480 869 3526 utatur
890 3472 1107 3527 corrieeturarnm
1124 3470 1224 3545 quibus

206 3554 353 3612 tolerabilis
377 3555 483 3627 quidem
506 3556 649 3629 scriptura,
674 3573 765 3611 rerum
789 3573 843 3611 nen
867 3556 953 3613 oratio
976 3556 1116 3629 scriptoris
1141 3554 1225 3611 resti-

205 3647 306 3696 tuatur.
358 3639 431 3708 Quae
460 3640 524 3694 mini
547 3655 642 3702 caussa
665 3641 713 3696 Iuit
737 3650 775 3705 nt,
806 3642 869 3696 licet
890 3641 990 3696 teriora
1013 3641 1074 3696 vitia
1096 3639 1223 3714 plurima,

205 3726 301 3801 partim
318 3723 511 3798 praeeuntibus
528 3724 656 3779 Cornario
680 3736 707 3781 et
726 3726 844 3790 Petavio,
868 3726 1042 3799 corrigerem,
1067 3734 1156 3781 tamen
1173 3724 1225 3780 alia

204 3809 287 3865 multa
310 3809 350 3864 vei
373 3809 516 3864 manifesto
539 3818 666 3881 corrupta
689 3810 730 3865 rel
753 3819 881 3883 suspecta
903 3811 943 3865 vel
966 3810 1079 3874 deiecta,
1103 3826 1172 3883 quae
1196 3808 1226 3865 iu

206 3892 425 3949 annotationibus
448 3893 546 3957 notari,
571 3892 669 3949 intaeta
692 3895 717 3949 in
742 3903 816 3950 textu
839 3895 1031 3968 relinquerem,
1061 3893 1226 3968 praesertim

205 3976 232 4032 in
255 3980 387 4053 scriptore
410 3977 486 4032 euius
509 3978 595 4033 oratio
624 3995 704 4053 saepe
734 3988 787 4036 tam
816 3980 882 4036 dura
912 3988 939 4034 et
968 3988 1092 4035 contorta
1121 3987 1164 4035 est
1193 3986 1226 4034 ut

204 4064 340 4120 interdum
362 4062 483 4135 :rubigus
505 4062 570 4136 quid
593 4063 650 4137 ipse
673 4066 847 4130 commiserit,
877 4063 941 4138 qnid
970 4064 1086 4119 librariis
1109 4073 1137 4120 et
1159 4080 1227 4121 eor-

205 4147 357 4204 recton'bus
380 4149 414 4204 sit
438 4148 633 4220 imputandum.
667 4150 725 4217 Qua
747 4151 873 4206 cautione
894 4157 970 4205 reete
993 4165 1036 4203 me
1059 4165 1138 4205 usum
1161 4165 1226 4205 essa

205 4230 303 4288 clarius
325 4234 465 4306 apparebit
487 4232 509 4287 si
532 4233 640 4306 qnando
663 4235 830 4308 antiquiores
852 4234 958 4290 codices
981 4234 1082 4305 reperti
1106 4233 1224 4290 fuerint:
