2867 5084
276 559 283 569 ι

611 968 696 1020 mm
713 969 884 1019 αιυτιυατ.
1191 959 1254 1020 575

202 1119 289 1188 Βκαλ
313 1110 551 1202 ἀναμαρτήτως
570 1116 614 1183 τά
633 1117 747 1186 πάντα
768 1121 902 1198 τελείως
924 1119 1013 1202 ἔχων,
1037 1122 1091 1186 καί
1115 1119 1257 1205 ίσχηκῶς

233 1229 344 1301 ψυχην
366 1215 424 1300 τὴν
447 1208 665 1299 ἀνθρωπίνην
694 1216 728 1282 ἐν
750 1212 903 1304 ἀληθείᾳ,
938 1220 1013 1284 νοῦν
1041 1218 1099 1284 τόν
1122 1212 1256 1301 ἀνθρώ·

234 1337 336 1379 πινον
357 1311 392 1379 ἐν
415 1306 569 1398 ἀληθείᾳ,
592 1309 651 1394 οῦχ
679 1310 725 1391 ῶς
747 1310 838 1399 ἡμῶν
867 1315 1167 1398 διαβεβαιουμένων
1198 1314 1256 1379 τόν

232 1414 313 1478 νοῦν
335 1403 421 1476 ελναι
443 1403 639 1487 ὑπόστασιν,
662 1411 780 1488 καθώς
801 1409 899 1477 ἄλλοι
914 1413 1053 1497 λέγουσι.
1088 1411 1130 1478 τὰ
1144 1410 1255 1477 πάντα

234 1509 273 1574 δὲ
294 1506 339 1591 μη
360 1510 547 1588 χρανθέντα
577 1505 610 1572 ἐν
633 1501 793 1594 άμαρτίᾳ,
828 1508 935 1591 στόμα
961 1506 1006 1594 μη
1037 1509 1279 1591 ψευσάμενον,ῡ

232 1605 325 1690 χείλη
353 1603 398 1689 μὴ
421 1601 609 1688 λαλήσαντα
632 1603 745 1683 δόλον,
768 1606 905 1690 καρδίαν
926 1605 970 1692 μὴ
994 1605 1185 1672 ἐκκλίνασαν
1208 1603 1255 1682 είς

236 1698 427 1785 λρεθισμόν,
451 1703 528 1767 νοῦν
542 1700 587 1784 μὴ
604 1701 806 1785 ἐκτραπέντα
821 1704 868 1782 είς
890 1701 912 1768 ά
933 1702 977 1787 μὴ
999 1711 1068 1789 χρη,
1092 1701 1197 1786 σάρκα
1210 1698 1255 1786 μὴ

234 1799 279 1864 τὰ
289 1797 409 1882 σαρκός
419 1793 538 1885 ἡδονῆς
551 1797 783 1882 ἐργασαμένην·
805 1803 931 1879 τέλειος
946 1798 1079 1866 ἀνωθεν
1090 1798 1182 1877 θεὸς,
1200 1792 1258 1864 οῦκ

236 1895 349 1962 όλθῶν
359 1898 553 1981 κατοικῆσαι
567 1895 601 1962 ἐν
613 1891 797 1982 ἀνθρώπῳ,
807 1892 875 1962 ἀλλ’
887 1893 986 1976 αι’-τός
998 1894 1075 1976 ὅλος
1087 1897 1257 1977 ἔνανθρω·

206 1992 359 2078 ΰπησας,
383 1987 419 2057 οῦ
435 1995 575 2076 τραπείς
595 1992 654 2079 τὴν
677 1994 788 2079 φύσιν,
813 1994 1104 2082 συμπεριειληφώς
1125 1995 1162 2059 δὲ
1185 1989 1296 2074 άμαιο

235 2093 277 2176 τῇ
293 2091 430 2176 θεότητι
445 2087 503 2175 την
520 2089 607 2155 ίδίαν
623 2090 889 2177 λυανθρώπησιν,
912 2093 946 2159 ἐν
960 2092 1068 2178 μήτρᾳ
1083 2096 1257 2175 παρθένου

234 2187 378 2273 γεγονώς
406 2187 440 2253 ἐν
463 2181 622 2272 ἀληθείᾳ,
652 2191 877 2274 κυοφορηθεὶς
898 2189 956 2254 τόν
986 2187 1119 2272 χρόνον,
1146 2211 1258 2272 γεννη·

234 2287 314 2362 θείς
336 2283 393 2349 διόι
413 2288 607 2368 γεννητικῶν
631 2283 745 2368 πόρων
768 2282 1051 2368 άνεποιισχόντως,
1080 2282 1256 2368 ἀχράντως,

237 2376 440 2463 ἀμολόντως,
471 2375 672 2466 ἀνατραφεὶς
699 2385 752 2447 καὶ
777 2382 1026 2467 ἕναγκαλισθείς
1049 2377 1115 2446 ῦπό
1137 2405 1174 2447 τε
1194 2385 1256 2445 Συ·

235 2482 365 2562 μεῶνος
387 2478 442 2543 καὶ
457 2476 586 2565 ’Ἀννης,
609 2479 814 2562 βασταχθεὶς
836 2477 1062 2563 ῦπὸίίίαρίας,
1086 2476 1256 2559 πεζεῦσας,
1268 2489 1296 2539 15

237 2572 480 2662 ὁδοιπορήσας,
512 2577 650 2643 παιδίον
677 2576 833 2661 γεγονώς,
865 2573 1043 2661 ἆδρυνθείς
1070 2579 1109 2663 τῇ
1137 2573 1257 2662 ἡλικίᾳ,

235 2673 281 2740 τά
314 2673 425 2740 πάντα
459 2673 539 2756 ἔχων
575 2673 608 2740 ἒν
641 2673 747 2760 ἑαυτῷ
777 2674 811 2741 ἐν
833 2675 1023 2761 τελειότητι,
1062 2674 1096 2740 ίν
1122 2669 1259 2758 ἀριθμῷ

236 2770 322 2840 ἐτῶν
344 2773 524 2854 λογισθεὶς,
548 2772 582 2837 ἑν
604 2765 741 2858 άριθμηῦ
763 2777 884 2857 μηνῶν,
908 2773 942 2839 ἓν
964 2775 1074 2858 κοιλίᾳ
1094 2792 1259 2858 κυοφορη-

236 2872 326 2947 θεὶς,
347 2867 520 2952 γενόμενος
542 2868 576 2934 ἐκ
597 2870 759 2953 γυναικὸς,
787 2869 960 2955 γενόμενος
982 2865 1051 2935 ῦπό
1073 2869 1183 2952 νόμον,
1207 2866 1260 2932 ἐλ-

208 2964 318 3038 υθῶν
339 2965 395 3032 ἐπὶ
418 2965 476 3031 τὸν
495 2960 667 3052 Ἰορδάνην,
700 2970 906 3050 βαπτισθεὶς
927 2963 994 3033 ῦπό
1014 2962 1174 3044 Ἰωάννου,
1203 2959 1299 3032 οῦκτ]

238 3063 456 3144 ἐπιδεόμενος
489 3064 651 3147 λουτρῶν,
685 3064 743 3129 διὰ
774 3065 811 3130 δὲ
842 3063 881 3129 τό
914 3060 1101 3130 ἀκόλουθον
1133 3065 1192 3147 τῆς
1226 3061 1259 3126 ἐν

238 3160 332 3247 νόμῳ
355 3159 641 3245 ἐνανθρωπήσεως
662 3160 705 3247 μὴ
729 3159 905 3243 ταράσσων
933 3161 1131 3236 τὸδίκαιον,
1167 3153 1261 3232 ὅπως

238 3260 418 3344 πληρωθῇ,
441 3254 486 3336 ῶς
508 3252 607 3336 αῦτός
629 3258 708 3344 ἔφη,
738 3261 833 3323 πᾶσα
855 3254 1060 3340 δικαιοσύνη,
1093 3255 1149 3320 ἵνα
1171 3253 1260 3338 δείξῃ

241 3351 296 3422 ὅτι
317 3350 480 3441 ἀληθινὴν
503 3354 608 3440 σάρκα
630 3354 815 3432 ἐνεδύσατο,
851 3349 1013 3440 ἀληθινὴν
1042 3349 1261 3435 ἐνανθρώπη-

240 3476 312 3532 σιν,
341 3452 574 3536 κατερχόμενος
597 3452 644 3529 είς
665 3450 706 3517 τά
728 3447 849 3528 ῦδοτα,
879 3450 992 3530 διδοὺς
1020 3447 1104 3535 ἤπερ
1133 3447 1300 3532 λαμβά-τυ

239 3575 324 3630 κων,
354 3552 578 3634 παρεχόμενος
610 3548 695 3638 ἤπερ
727 3549 956 3633 ἐπιδεόμενος,
990 3548 1144 3634 φωτίζων
1167 3541 1259 3625 αῦτόι,

240 3648 432 3731 ἐνδυναμῶν
464 3643 548 3714 αὐτὰ
581 3647 628 3727 είς
659 3646 765 3713 τόπον
797 3649 864 3712 τῶν
892 3646 1078 3730 μελλόντων
1111 3644 1145 3711 ἐν
1172 3638 1261 3729 αὐτῷ

186 3746 468 3825 οοετελειοῦσθοιι,
492 3741 586 3823 ὅπως
609 3745 641 3810 οί
663 3738 753 3830 αῦτῶ
775 3742 1034 3821 πεπιστευκότες
1063 3743 1097 3809 ἕν
1119 3737 1262 3828 ἀληθείᾳ

241 3844 297 3908 καί
320 3841 448 3922 ἔχοντες
468 3844 527 3929 τὴν
549 3849 665 3908 πίστιν
687 3845 745 3928 τῆς
764 3836 926 3928 ἀληθείας
939 3840 1099 3924 μάθωσιν
1115 3836 1168 3904 ὅτι
1183 3833 1262 3923 ἀλη-

238 3940 350 4018 θινῶς
371 3938 639 4027 ίνηνθρῶπησεν,
663 3933 834 4026 ἀληθινῶς
856 3939 1057 4022 ἐβαπτίσθη,
1081 3938 1135 4002 καί
1158 3931 1301 4011 οῦτωςσθ

240 4035 300 4103 διὰ
320 4038 379 4119 τῆς
400 4032 502 4103 αὐτοῦ
524 4042 798 4122 συγκαταθέσεως
819 4039 873 4103 καὶ
897 4031 989 4103 αῦτοί
1013 4034 1182 4118 ἐρχόμενοι
1205 4031 1263 4096 λά-

239 4141 329 4218 βωσι
349 4136 409 4220 τῆς
431 4129 533 4201 αῦτοῦ
562 4133 774 4218 καταβάσεως
801 4132 860 4219 τὴν
887 4133 1041 4217 δύναμιν,
1073 4132 1128 4195 καί
1157 4151 1263 4213 φωτι·

239 4233 376 4299 σθῶσιν
397 4226 466 4298 όπό
487 4235 546 4320 τῆς
567 4225 669 4297 αῦτοῦ
691 4236 920 4317 φωταγωγίας,
954 4231 1183 4315 πληρουμένου
1204 4226 1264 4291 τοῦ
