2867 5084
241 926 313 988 ¹292
479 934 679 985 κστσκκιον
695 932 792 982 xm
809 931 997 982 ιινοεσακ
1013 933 1044 983 r.

246 1084 403 1173 Ἐβραίων
425 1086 692 1167 πεπαιδευμένος
713 1077 783 1149 σίπό
804 1085 863 1148 τοῦ
886 1076 988 1148 αὐτοῦ
1009 1078 1199 1164 πνεύματος
1212 1082 1270 1146 τοῦ
1277 1103 1294 1153 n

250 1184 284 1250 ἐν
307 1185 437 1269 παλαιᾷ
464 1180 519 1246 καί
548 1183 642 1266 καινῇ
672 1179 815 1268 διαθήκῃ
850 1179 1054 1266 λαλήσαντος
1081 1176 1142 1256 τὰς
1171 1172 1272 1255 αῦτάς

250 1281 354 1347 ἕλκειν
377 1275 514 1357 έννσίας,
538 1274 652 1361 ὥσπερ
676 1272 746 1343 άπὸ
767 1279 834 1343 τιῦν
857 1275 916 1342 όῦο
938 1278 1093 1359 ψαλμῶν,
1120 1269 1192 1342 άπὸ
1214 1277 1270 1340 τοῦ

248 1402 285 1443 τε
307 1378 458 1462 λέγοντος
482 1374 543 1441 ’κὰ
564 1373 706 1459 κρίματά
729 1396 789 1439 σου
812 1369 958 1457 άβυσσσς
972 1371 1109 1459 πολλη,”
1130 1372 1188 1438 κατ’
1203 1365 1270 1438 ἀπό

225 1478 307 1540 ατοῦ
331 1473 387 1540 “αί
408 1480 517 1559 τρίβοι
540 1496 600 1539 σου
624 1471 657 1538 ἓν
680 1466 780 1536 ῦόασι
801 1470 951 1549 πολλοῖς,
975 1471 1027 1535 καί
1051 1468 1094 1536 τὰ
1117 1470 1190 1557 ίχνη
1211 1492 1270 1536 σου

250 1566 288 1638 οῦ
310 1571 592 1659 γνωσθησσνται,”
615 1568 672 1634 τὸν
694 1570 772 1651 περὶ
795 1565 963 1651 κριμάτων
984 1568 1043 1632 τσῦ
1065 1569 1150 1633 θεοῦ
1175 1566 1268 1652 λόγον

246 1671 435 1755 μετέβαλεν,
464 1662 538 1732 ἀντὶ
551 1668 611 1749 μὲν
626 1668 684 1731 τοῦ
702 1663 868 1750 “ιί’βυσσος
883 1662 1011 1750 πολλη”
1032 1662 1072 1728 τό
1096 1652 1145 1730 “ιῦ
1159 1663 1268 1749 βάθος

247 1764 422 1842 πλοῦτον,”
452 1758 525 1829 ἀντὶ
554 1764 590 1828 δὲ
618 1764 676 1827 τοῦ
707 1762 763 1827 “ai
784 1767 895 1846 τρίβοι
916 1783 977 1826 σου
1006 1758 1040 1826 ἒν
1062 1756 1166 1827 ῦόοσι
1187 1761 1268 1827 πολ-

247 1862 320 1939 λοῖς
340 1863 393 1925 καί
417 1859 459 1924 τὰ
483 1861 553 1946 ἴχνη
577 1881 636 1924 σου
659 1854 697 1925 οῦ
712 1858 983 1945 γνισσθήσσνται”
1004 1854 1043 1923 τό
1065 1852 1267 1941 “ιἰνεξιχνίο·

206 1961 355 2036 οοστον,”
389 1950 460 2021 άντί
492 1957 528 2022 δὲ
549 1959 607 2021 τοῦ
638 1956 699 2022 *τά
721 1955 863 2041 κρίματά
891 1977 952 2021 σου
975 1951 1122 2039 ἄβυσσος
1143 1954 1306 2042 τισλλη’“’8λΞ

245 2054 285 2121 τὸ
309 2049 559 2140 *όνεξερεύνητα
581 2053 624 2118 τόι
645 2054 787 2137 κρίματά
808 2055 897 2119 σου.”
927 2049 1014 2118 οὕτω
1035 2054 1088 2117 καὶ
1112 2049 1194 2137 παρ’
1212 2049 1266 2120 σό-

245 2156 304 2239 τῆς
326 2155 383 2240 τῆς
406 2158 529 2239 σοφίας
550 2148 609 2236 τήν
631 2150 709 2234 περὶ
733 2152 850 2237 ἑαυτῆς
877 2147 932 2215 καὶ
958 2150 1017 2215 τοῦ
1046 2147 1186 2231 πατρὸς,
1216 2149 1266 2216 καλ

245 2250 304 2339 την
327 2249 412 2335 πρὸς
433 2249 512 2316 τάδε
534 2247 691 2333 γενόμενα
714 2254 825 2331 σχέσιν
843 2244 974 2331 μαθὼν,
999 2243 1032 2311 έν
1054 2255 1127 2324 τοῖς
1149 2246 1267 2313 ἑαυτοῦ

245 2343 324 2434 ἡμῖν
346 2346 404 2435 τὴν
427 2345 507 2432 περὶ
527 2343 655 2430 πατρὸς
676 2347 729 2410 καὶ
754 2345 827 2409 υἱοῦ
848 2346 902 2409 καλ
924 2345 991 2408 τιῦν
1015 2341 1050 2409 έκ
1071 2342 1205 2428 πατρός
1227 2335 1268 2411 όέ

206 2446 320 2511 1ῦυὶοῦ
346 2443 527 2529 γεγονότων
557 2447 758 2527 παρίστησιν
789 2441 926 2507 ἔννοιαν.
966 2442 1026 2525 τῆς
1051 2438 1114 2524 γὰρ
1143 2449 1273 2528 σοφίας

246 2540 406 2626 είιτοόσης
434 2538 518 2623 “byth
541 2535 559 2625 ἦ
584 2534 689 2626 σοφία
717 2538 949 2626 κατεσκηνισσα
979 2536 1117 2623 βουλήν”
1147 2540 1205 2605 καὶ
1229 2537 1282 2607 τὰ

239 2639 327 2723 έξῆς,
358 2635 413 2702 καὶ
434 2635 624 2722 μεταβάσης
646 2635 693 2714 εἷς
714 2633 772 2701 τὸν
796 2630 837 2701 δι’
862 2624 901 2700 οῦ
930 2633 1028 2719 λόγον
1056 2634 1178 2721 (εἴρηκε
1206 2636 1277 2722 γὰρ

240 2730 307 2799 ·“όι’
326 2734 405 2816 ἐμοῦ
425 2732 593 2817 βασιλεῖς”
614 2735 669 2797 καί
690 2731 729 2796 τὸ
753 2731 830 2798 “έόιν
854 2726 1033 2816 όναγγείλιυ
1056 2726 1134 2813 ὑμῖν
1156 2731 1203 2800 τά
1225 2728 1276 2801 δι’

244 2828 334 2913 ἐμοῦ,
357 2828 573 2914 μνημονεῦσαι
595 2828 637 2895 τὰ
659 2823 716 2896 ἀπ’
742 2828 863 2906 αιίῦνσς
885 2825 1102 2914 άριθμῆσαιἽ
1133 2830 1189 2895 καλ
1222 2830 1282 2897 είν

205 2925 372 3011 ευποόσης
395 2925 526 3011 ’κύριος
548 2927 656 2993 ἐ’κτισέ
676 2952 718 3010 με
741 2921 840 3011 ἀρχὴν
864 2921 950 2992 ὁδιῦυ
981 2921 1082 2991 αὐτοῦ
1109 2925 1158 3004 είς
1187 2927 1285 3012 ἔργα

243 3017 354 3104 αῦτοῦ,
378 3022 445 3108 πρὸ
467 3026 527 3090 τοῦ
550 3023 672 3102 αἷιῦνσς
694 3023 898 3106 έθεμελίισσὲ
918 3048 976 3106 με,
1010 3021 1096 3106 πρὸς
1118 3024 1155 3089 δέ
1176 3022 1273 3092 πάν·

241 3149 307 3189 των
328 3123 425 3208 γεννᾷ
446 3125 514 3205 με”,
553 3115 625 3188 άντί
646 3123 708 3205 μὲν
740 3123 798 3186 τοῦ
829 3116 967 3207 “dij
997 3121 1111 3204 έλαβεν
1134 3114 1153 3185 ό
1176 3114 1275 3187 άπό-

241 3221 361 3298 στολος
382 3217 421 3284 τὸ
444 3221 628 3305 “πριῦτος,”
651 3213 723 3285 ἀντὶ
748 3218 784 3283 δὲ
805 3220 863 3283 τοῦ
886 3219 1001 3303 ’γεννᾷ
1015 3220 1074 3300 με”
1095 3216 1135 3282 τὸ
1156 3215 1264 3298 τόκος,

242 3310 313 3380 όιντὶ
338 3317 374 3382 δὲ
395 3320 454 3382 τσῦ
477 3313 556 3382 ὅλου
580 3311 662 3400 ὁμοῦ
683 3318 743 3382 τοῦ
767 3315 895 3381 “ἒ’κτισί
915 3339 957 3398 με
978 3308 1078 3401 ἀρχὴν
1094 3309 1181 3380 όόιῦν
1205 3309 1266 3381 αῦ-

202 3415 300 3478 2στσῦ
329 3410 384 3477 καὶ
411 3416 508 3499 γεννᾷ
535 3416 594 3496 με”
627 3413 666 3478 τὸ
695 3412 927 3497 ’πρωτότοκος
958 3409 1070 3495 πάσης
1096 3414 1264 3493 κτίσεως”,

241 3502 316 3575 όιντὶ
345 3508 381 3574 δὲ
408 3512 468 3574 τοῦ
497 3509 738 3592 “·έθειιελίωσε”
771 3507 811 3575 τὸ
843 3508 897 3575 “gv
927 3503 1015 3594 αὐτῷ
1049 3507 1187 3595 ἐκτίσθη
1221 3507 1266 3576 τὰ

240 3604 380 3685 πάντα”,
411 3599 485 3671 όιντί
507 3606 544 3671 δὲ
565 3609 624 3671 τοῦ
648 3602 710 3672 “dl
736 3606 834 3690 ἐμσῦ”
863 3606 925 3672 “τά
947 3599 1005 3671 ἀπ’
1030 3604 1160 3686 αἰῶνος,
1195 3607 1265 3675 εἴτε

238 3702 361 3788 θρόνοι
383 3702 450 3769 εἴτε
471 3701 673 3788 κυριότητες,
698 3703 765 3783 εἴτε
790 3697 902 3788 άρχαὶ,
932 3703 998 3770 εἴτε
1021 3701 1185 3783 ἐξουσίαι,
1221 3702 1265 3771 τό

239 3799 352 3867 πάντα
373 3794 414 3866 δι’
439 3793 540 3866 αῦτσῦ
562 3799 617 3865 καὶ
639 3799 686 3878 είς
708 3795 808 3867 αῦτὸν
831 3801 1004 3868 έκτισται.”
1044 3798 1181 3866 πάντων
1203 3789 1264 3869 οῦν

202 3897 326 3983 οοπρὸς
347 3897 434 3977 λέξιν
457 3896 673 3978 έξισαζόντων
696 3891 928 3965 άπαστσλικιῦν
956 3891 1001 3976 ὥς
1022 3902 1064 3963 τὰ
1086 3897 1181 3982 παρὰ
1201 3901 1265 3978 τῦς

239 4001 372 4082 σοφίας,
406 4000 558 4063 τουτέστι
584 3998 643 4063 τοῦ
671 4021 708 4064 τε
730 3989 830 4080 όιρχήν
858 3993 943 4079 πρὸς
969 3992 1009 4060 τὸ
1038 3996 1174 4078 πρῶτος
1204 3994 1294 4066 κολα

238 4094 298 4157 τοῦ
325 4094 421 4180 γεννᾷ
450 4091 536 4180 πρὸς
568 4091 608 4158 τό
635 4091 864 4180 πρωτότοκος,
898 4090 953 4157 καί
985 4089 1024 4156 τό
1059 4092 1190 4158 “Saravi
1218 4118 1266 4177 με

237 4180 338 4271 ἀρχὴν
360 4185 447 4257 ὁδῶν
469 4185 571 4257 αὐτοῦ
599 4189 646 4268 είς
674 4190 752 4275 ἔργα
774 4181 892 4255 αὐτοῦ’
921 4186 1007 4274 πρὸς
1033 4186 1073 4255 τὸ
1103 4191 1269 4274 ’πρωτό-
