2867 5084
534 969 652 1024 mm.
672 965 863 1025 ισοιιοιοι.
886 950 891 959 ’
1143 964 1202 1026 421

182 1123 243 1207 τῆς
265 1119 383 1187 ἑαυτοῦ
407 1120 576 1210 ἐστέρηται
600 1119 716 1202 οὐσίας
738 1123 815 1192 οὔτε
835 1127 894 1212 τῆς
909 1123 1027 1190 ἑαυτοῦ
1045 1122 1085 1190 τό
1099 1148 1208 1211 γεγεν-

182 1223 332 1302 νημένον,
356 1218 458 1302 μόνον
481 1219 515 1285 ἐκ
535 1220 648 1303 μόνου,
678 1225 732 1287 καὶ
762 1223 800 1287 τὸ
824 1219 917 1306 ἅγιον
941 1217 1041 1288 αῦτοῦ
1065 1225 1206 1307 πνεῦμα,

181 1314 228 1399 μὴ
252 1315 367 1397 ἔχοντα
391 1314 476 1398 πρὸς
498 1315 540 1381 τὰ
563 1314 647 1383 ἀλλα
671 1318 808 1405 ἰσότητα
830 1313 850 1405 ἢ
873 1313 1069 1401 ἀξιώματος,
1100 1313 1121 1406 ἢ
1143 1316 1208 1407 φό-

183 1434 279 1490 σεως,
302 1407 323 1499 ἢ
346 1413 458 1496 ἑτέρας
480 1413 570 1492 τινὸς
593 1412 799 1495 ἀποθέσεως,
824 1411 882 1497 οὐχ
904 1416 1001 1481 ἑαυτὸ
1025 1416 1206 1503 ἐστέρησαν,

184 1507 261 1575 οῦτε
283 1509 365 1576 κατὰ
389 1512 454 1588 ἕξιν
477 1508 552 1577 οὕτε
574 1512 657 1577 κατὰ
680 1508 796 1579 οὐσίαν
817 1516 875 1600 τῆς
894 1507 1089 1597 ἀσυγκρίτου
1105 1508 1232 1580 αότοῦσ

182 1605 355 1692 θεότητος,
380 1606 455 1674 οὔτε
476 1607 515 1673 τὸ
538 1607 573 1687 ἐξ
594 1605 704 1688 αὐτοῦ,
730 1609 774 1688 ὡς
797 1611 888 1697 ἔφην,
912 1616 1054 1695 γέννημα
1075 1609 1207 1698 ἐστέρη-

183 1728 240 1769 ται
273 1708 331 1789 της
358 1709 416 1770 τοῦ
446 1704 574 1788 πατρὸς
602 1702 696 1786 ἀξίας
728 1712 781 1772 καλ
813 1707 980 1793 ἰσότητος,
1012 1701 1207 1791 ἀσύγκριτον

185 1794 232 1878 ὂν,
256 1803 309 1866 καὶ
332 1801 371 1866 τὸ
394 1799 487 1886 ἅγιον
511 1797 611 1868 αὐτοῦ
634 1808 765 1887 πνεῦμα
788 1806 872 1888 πρὸς
891 1808 959 1870 πᾶν
976 1801 1096 1882 ὁτιοῦν,
1122 1800 1206 1890 ὅπερ

124 1896 252 1963 θσίὲστλ
276 1898 370 1981 τριὰς
391 1901 509 1977 τελεία,
532 1901 657 1979 τέλειος
681 1897 698 1966 5
722 1901 842 1988 πατὴρ,
866 1903 991 1980 τέλειος
1015 1896 1129 1980 όυλδς,
1152 1904 1207 1968 τέ-

182 1996 271 2061 λειον
295 1996 333 2060 τὸ
356 1992 449 2080 ἅγιον
472 2000 611 2080 πνεῦμα,
647 1993 685 2062 οῦ
714 1999 898 2086 συναλοιφή
928 2024 979 2076 τις
1002 1988 1095 2078 οὖσα,
1131 1993 1248 2065 omno

180 2090 270 2176 πρὸς
303 2092 419 2180 ἑαυτὴν
447 2088 688 2180 διαφυρὸμένη,
727 2090 804 2161 σῦδέ
832 2122 865 2161 τι
893 2094 927 2161 ἐν
957 2095 1055 2182 ἑαυτῇ
1086 2096 1205 2177 ἔχουσα

180 2184 397 2275 ἀποβεβηκὸς,
421 2192 476 2256 ἵνα
498 2189 542 2279 μὴ
565 2190 605 2256 τὸ
628 2191 875 2278 διακρινόμενον
892 2186 1034 2278 ἀφανίζῃ
1052 2192 1090 2256 τὸ
1107 2187 1208 2278 ἀσόγ-

181 2309 294 2370 κριτον
318 2295 371 2353 καί
395 2287 433 2353 τό
456 2285 679 2371 ἠλλοιωμένον
702 2295 855 2375 στέρησιν
877 2292 936 2354 τοῦ
960 2285 1045 2356 εἶναι
1068 2287 1204 2376 ἐργάση-

179 2408 248 2461 ται,
273 2384 337 2462 ἕξει
358 2385 460 2467 μόνον
484 2387 667 2470 λεγόμενον,
691 2385 746 2452 καὶ
767 2382 824 2452 οῦκ
840 2381 993 2472 ἀληθείᾳ,
1016 2380 1098 2473 ἢιός
1115 2386 1205 2471 ψιλῷ

179 2480 269 2566 λόγῳ
293 2477 532 2565 ὀνομαζόμενον
556 2483 590 2549 έν
613 2482 767 2569 παρόδῳ,
806 2482 861 2549 καὶ
888 2483 932 2568 μὴ
967 2479 1019 2562 ὂν,
1055 2477 1100 2560 ὡς
1122 2479 1139 2567 ἡ
1164 2481 1204 2570 σὴ
1217 2501 1246 2551 15

180 2578 318 2657 πόντιος
350 2591 556 2663 περινοείται
587 2580 735 2660 διάνοια,
770 2575 982 2659 ἀποξενῶσαι
1017 2586 1204 2665 πειρωμένη

179 2678 243 2740 τοῦ
264 2678 323 2762 τῆς
345 2683 490 2755 πίστεως
523 2676 621 2762 λόγου
654 2674 706 2742 δτι
731 2676 922 2744 ’πιστεύειν
945 2678 996 2743 δεῖ
1017 2678 1075 2742 τόν
1099 2699 1207 2759 προσ-

182 2771 356 2858 ερχόμενον
390 2778 461 2858 θεῷ
496 2770 548 2839 ὅτι
582 2777 654 2840 ἔστι
689 2773 744 2840 καὶ
774 2785 847 2853 τοῖς
880 2774 1068 2861 ἐκζητοῦσιν
1103 2768 1205 2840 αῦτδν

180 2870 443 2955 μισθαποδότης
459 2877 584 2956 γίνεται
594 2875 620 2907 ·”
643 2867 727 2956 ὅπερ
750 2871 784 2937 ἐν
807 2875 911 2955 πατρὶ
931 2871 1022 2958 μόνην
1046 2866 1084 2936 οῦ
1108 2871 1207 2939 δόνα-

151 2992 238 3042 Βται
267 2968 496 3054 τελειωθῆναι.
544 2964 561 3034 5
584 2967 646 3054 γάρ
674 2968 718 3055 μὴ
750 2971 829 3050 ἔχων
858 2968 916 3033 τὸν
945 2968 1016 3034 οἶόν
1045 2964 1120 3035 οῦδὲ
1147 2968 1245 3038 τὸνίσ

180 3070 312 3147 πατέρα
335 3065 414 3147 ἔχει,
450 3068 501 3131 καὶ
527 3061 545 3130 5
567 3064 625 3132 τὸν
647 3064 719 3131 υἱὸν
749 3067 850 3150 λέγων
881 3059 918 3130 οῦ
948 3065 1085 3131 δόναται
1114 3065 1206 3145 ε’κτδς

181 3161 372 3244 πνεύματος
395 3158 499 3247 άγίου.

270 3265 299 3324 3.
322 3257 412 3325 ’Ἐστι
435 3260 495 3344 γάρ
519 3255 564 3338 ὡς
587 3254 724 3345 ἀληθῶς
755 3253 772 3322 5
796 3257 906 3344 πατὴρ
930 3251 1092 3343 ἀληθινὸς
1113 3255 1205 3337 θεὸς,

182 3351 229 3434 οἷς
251 3367 410 3439 μαρτυρεῖ
433 3353 450 3422 5
474 3357 553 3435 υίὸς,
589 3351 726 3432 ὁείδώς
748 3352 805 3419 τὸν
834 3359 973 3437 πατέρα,
1007 3357 1061 3420 καὶ
1085 3349 1207 3442 ἀληθι-

180 3451 241 3518 νὸν
264 3456 337 3539 φῶς
360 3449 377 3518 ὃ
400 3452 481 3533 υίὸς,
512 3451 530 3518 5
552 3452 793 3538 γινωσκόμενος
816 3446 883 3515 ὑπὸ
906 3455 965 3516 τοῦ
996 3451 1123 3536 πατρὸς
1150 3453 1246 3525 καίεο

178 3549 457 3635 μαρτυρούμενος,
492 3555 544 3615 καί
579 3554 709 3633 πνεῦμα
741 3544 903 3634 ἀληθείας
924 3546 963 3613 τό
986 3551 1132 3632 πνεῦμα,
1166 3549 1206 3615 τὸ

180 3643 243 3714 σῦκ
265 3644 438 3732 ἀλλότριον
462 3643 508 3726 ὃν,
533 3643 601 3712 ἀλλ’
626 3642 695 3713 ἀπὸ
718 3645 846 3730 πατρὸς
869 3644 1127 3730 ἐκπορευόμενον
1150 3648 1204 3713 καὶ

179 3747 244 3811 τοῦ
264 3746 338 3811 υἱοῦ
361 3744 537 3830 λαμβάνον.
580 3746 684 3809 ταῦτα
713 3745 749 3809 δὲ
779 3738 973 3830 ἀφαιρεῖται
1000 3743 1113 3808 πᾶσάν
1144 3764 1206 3809 σου

147 3845 252 3916 οτιῦν
274 3841 388 3927 λόγων,
409 3837 526 3919 Lam,
550 3839 797 3927 συλλογιστικην
819 3841 1037 3924 μυθολογίαν,
1070 3842 1123 3905 καλ
1147 3835 1206 3907 οῦκ

179 3940 346 4022 ἐνδέχεται
368 3936 455 4026 ἡμᾶς
476 3943 740 4022 προτρέψασθαι
762 3935 919 4022 μαθητὰς
936 3943 1094 4020 γενέσθαι
1113 3932 1246 4022 Ἀρι-σο·

179 4039 374 4117 στστέλοος,
405 4040 465 4103 τοῦ
488 4039 548 4101 σοῦ
571 4034 770 4114 ἐπιστάτου,
800 4035 854 4098 καὶ
878 4033 976 4099 ἐᾶσαι
997 4033 1054 4098 τὸν
1082 4036 1147 4098 τιῦν
1170 4033 1205 4101 ἐν

176 4133 348 4217 πνεύματι
369 4136 453 4201 θεοῦ
476 4137 740 4219 πεφωτισμένων
763 4125 883 4196 όιλιέων
905 4125 1127 4213 ἀγραμμάτων
1150 4127 1206 4199 όν·

175 4256 250 4300 των
270 4230 355 4298 κατὰ
385 4229 564 4316 τὸνλόγον
590 4232 644 4297 καὶ
669 4229 828 4308 ἰδιωτῶν,
862 4225 1008 4312 κηρύκιον
1038 4226 1073 4291 δὲ
1101 4224 1207 4297 ὄντων
