2867 5084
503 947 623 1000 mm.
642 950 829 1001 ινοοιοιοι.
1117 941 1179 1003 445

153 1100 349 1184 λαμβάνειν,
371 1098 428 1166 καὶ
441 1103 560 1167 τοῦτον
576 1111 774 1184 προσκυνεῖν
797 1105 905 1169 τεκαὶ
927 1109 1099 1187 γεραίρειν,
1123 1106 1182 1190 τῆς

156 1208 305 1277 πίστεως
339 1197 440 1285 φύσει
467 1199 759 1284 παρεκβαλλοίσης
788 1199 827 1263 τὸ
856 1201 1081 1287 προσκυνητὸν
1113 1197 1181 1268 άπὸ

156 1300 217 1362 τοῦ
241 1298 373 1363 κτιστοῦ
396 1299 449 1361 καὶ
472 1297 511 1361 τὸ
533 1296 665 1362 κτιστὸν
688 1291 758 1362 άπὸ
780 1301 839 1362 τοῦ
857 1303 1104 1384 προσκυνητοῦ,
1128 1304 1181 1366 καὶ

126 1395 219 1480 υγάρ
244 1420 271 1461 ει
266 1390 381 1470 ’ὅλως
402 1398 501 1459 τοῦτο
525 1390 620 1460 ονδὲν
644 1397 711 1460 διοί
699 1401 774 1473 ίσει,
803 1394 889 1480 πρὸς
917 1420 994 1473 τους
1015 1400 1054 1482 τῆ
1077 1404 1183 1464 κτίσει

156 1493 196 1557 τὸ
221 1498 321 1575 σέβας
342 1497 500 1574 νέμοντας
523 1488 617 1558 οὐδὲν
647 1494 826 1577 ιτράκριτον
849 1494 942 1559 ἔσται
965 1493 998 1558 ἐν
1018 1501 1206 1577 Χριστιαρδ

157 1592 277 1674 νισμηῖ,
318 1589 412 1655 ἔσται
435 1590 471 1654 δὲ
492 1585 511 1674 ἡ
535 1589 670 1676 τοιαύτη
695 1599 809 1667 πίστις
839 1590 1077 1674 εἰδωλολατρία
1098 1594 1184 1673 μᾶλ-

158 1689 218 1751 λον
240 1681 261 1771 ἢ
283 1692 470 1770 θεοσέβεια.
510 1692 735 1771 προσκυνοῦσι
756 1687 817 1773 γὰρ
845 1683 990 1754 κάκεῖνοι
1012 1686 1106 1772 ἥλιον
1129 1690 1184 1754 καί

158 1784 297 1869 σελήνην
319 1788 372 1850 καί
398 1784 560 1867 δυνάμεις,
585 1780 725 1868 οὖρανόν
747 1788 857 1851 τεκαὶ
881 1789 949 1872 γῆν,
973 1790 1026 1851 καὶ
1042 1784 1084 1852 τά
1100 1784 1184 1851 ἄλλα

159 1888 333 1964 κτίσματα.
371 1886 424 1948 καὶ
448 1878 486 1948 οδ
510 1884 548 1948 τὸ
572 1883 735 1969 διάφορον
759 1887 825 1949 τῶν
853 1886 1041 1967 κτισμάτων
1072 1893 1184 1950 ποιεί·

158 2004 218 2043 ται
240 1977 279 2042 τὸ
300 1984 433 2062 θαῦμα·
457 1976 534 2047 οὐδὲ
557 1983 679 2047 διοίσει
700 1981 739 2045 τὸ
756 1981 921 2065 ἐξαίρετον
945 1983 1049 2067 ἑαυτῷ
1072 1983 1111 2047 τὸ
1126 1984 1184 2067 τῆς
1195 2000 1223 2050 10
1291 1970 1301 2007 “

162 2072 340 2158 δμοτιμίας
362 2078 479 2144 διὰτὸ
503 2075 686 2161 ὁμώνυμον,
711 2076 769 2144 κάν
792 2105 828 2144 τε
849 2076 1185 2161 ὖπερτεταλάντισται

161 2173 201 2239 τὸ
224 2175 284 2256 μὲν
307 2170 456 2240 ἀπὸτοῦ
480 2177 601 2259 ἑτέρου.
640 2171 687 2253 εἷς
709 2175 770 2258 γάρ
793 2176 883 2241 ἐστιν
907 2174 924 2240 ὁ
947 2177 989 2241 τά
1011 2172 1185 2261 ἀμφότερα

105 2270 310 2356 ωθποιήσας
331 2276 384 2337 καί
408 2268 649 2357 ἀποκληρώσας
672 2272 808 2357 ἑκάστην,
833 2269 890 2337 οὐκ
913 2269 1076 2355 ὀνόματος
1097 2297 1185 2355 παρ-

163 2368 318 2453 αλλαγὴν,
342 2365 409 2435 ἀλλ’
436 2364 559 2446 οὐσίας.
598 2370 632 2436 έν
655 2365 765 2434 ἅπασι
787 2369 847 2452 γὰρ
870 2380 942 2448 τοῖς
963 2376 1186 2451 κεκτισμίνοις

162 2467 202 2531 τὸ
226 2465 343 2532 δοῦλόν
372 2466 444 2532 ἐστι
472 2471 529 2530 τοῦ
554 2476 732 2551 κτίσματος
759 2466 797 2531 τὸ
821 2464 940 2549 ὄνομα,
979 2462 1047 2532 ἀλλ’
1080 2462 1117 2531 οδ
1146 2465 1185 2531 τὸ
1198 2485 1226 2535 15

164 2563 351 2646 ε’λεάδερον.
385 2565 440 2628 καὶ
464 2563 491 2629 εἰ
515 2565 548 2630 έν
572 2566 618 2630 ἑνὶ
642 2571 734 2646 μέρει
750 2565 788 2628 τὸ
805 2566 923 2630 δοῦλον
939 2575 1184 2648 προσκυνεῖται,

164 2656 260 2727 οὐδὲν
284 2663 405 2728 διοίσει
427 2661 512 2744 πρὸς
533 2662 571 2727 τὸ
595 2660 676 2727 ἄλλο
698 2668 798 2745 μέρος
821 2659 838 2749 ἡ
862 2663 1093 2747 προσκύνησις,
1127 2659 1187 2728 κάν

163 2784 199 2826 τε
222 2755 436 2845 ὑποβέβηκεν.
475 2760 548 2824 ἴσον
571 2760 632 2843 γάρ
657 2760 727 2825 έστι
750 2764 796 2845 τῷ
820 2758 977 2827 ἀνωτάτω
1000 2758 1187 2845 συγγενειά-

164 2858 220 2937 ζον
242 2859 290 2939 τῷ
313 2863 476 2938 κτίσματι,
501 2856 536 2935 ἐξ
558 2853 615 2923 οδκ
639 2855 742 2922 ὄντων
765 2859 858 2943 παρὰ
879 2862 938 2923 τοῦ
962 2857 1057 2936 ὄντος
1076 2859 1187 2943 κεκλη-

163 2960 322 3037 ρωμένον.
368 2954 522 3021 ἐντεῦθεν
551 2956 589 3019 τὸ
620 2951 793 3040 ἀγέννητον
823 2963 1013 3041 σνμπρίπει
1036 2960 1107 3041 θεῷ
1133 2957 1227 3026 καλλι)

161 3052 201 3117 τὸ
225 3049 309 3129 θεὸς
330 3055 376 3138 τῷ
392 3047 565 3138 άγεννητῳ.
603 3053 655 3117 διὸ
678 3054 716 3118 τὸ
738 3060 879 3139 γέννημα
895 3050 952 3119 οὐκ
968 3057 1061 3137 ἔργον
1078 3054 1187 3137 φαμὲν

162 3146 243 3217 οὐδὲ
277 3156 420 3233 ποίημα,
460 3148 545 3215 ἀλλὰ
578 3157 720 3235 γέννημα
752 3146 923 3227 οδσιωδῶς
956 3147 1025 3215 ἀπὸ
1062 3146 1189 3229 πατρὸς

132 3243 336 3332 Βάχράντως
356 3254 595 3331 γεγεννημένον,
627 3243 805 3329 δμοοάσιον
833 3251 880 3331 τῷ
903 3252 1004 3329 πατρὶ
1028 3245 1084 3310 καὶ
1107 3267 1190 3325 συμ-

155 3343 405 3429 προσκυνητὸν,
438 3348 491 3410 καὶ
514 3343 552 3410 τὸ
576 3343 671 3429 ἅγιον
693 3348 824 3426 πνεῦμα
847 3344 882 3421 ἐξ
903 3339 1013 3422 αὐτοῦ,
1048 3345 1101 3408 καὶ
1131 3336 1189 3406 οὐκ

151 3440 353 3524 ἀλλότριον,
376 3442 429 3507 διὸ
452 3441 508 3508 καὶ
529 3441 832 3527 σομπροσκονητόν.
869 3441 968 3524 ἑτέρῳ
992 3444 1027 3508 δὲ
1048 3444 1115 3506 τῶν
1137 3458 1228 3511 ›te-25

148 3543 350 3621 καιομένων
377 3540 415 3605 τὸ
445 3539 527 3618 θεὸς
556 3538 662 3623 ὄνομα
691 3533 730 3604 οὗ
759 3550 1032 3626 συνεκφωνεῖται,
1067 3537 1123 3605 διὰ
1150 3535 1190 3601 τὸ

142 3635 396 3722 μετηλλάχθαι
417 3642 475 3724 τῆς
497 3633 699 3723 άγεννησίας,
735 3631 789 3701 ὅτι
817 3636 852 3714 ἐξ
873 3631 930 3702 οὐκ
953 3633 1056 3702 ὄντοιν
1079 3633 1191 3720 κεκλή·

146 3759 277 3822 ρωται
298 3732 337 3797 τὸ
358 3729 453 3801 εἶναι.
492 3731 508 3820 ἡ
534 3737 569 3801 δὲ
591 3735 685 3817 τριὰς
708 3733 774 3815 ἔχει
796 3732 834 3797 τὸ
857 3728 908 3800 ἀεὶ
932 3728 1026 3811 εἶναι,
1056 3736 1108 3797 καὶ
1133 3725 1191 3812 οὐχ

144 3830 283 3915 ἕτερόν
304 3856 339 3896 τι
359 3832 451 3910 θεὸς,
475 3835 528 3897 καὶ
552 3830 723 3916 ἕτεροντὸ
748 3827 939 3953 ἀγέννητον

255 3935 287 3995 2.
322 3931 562 4014 Συνομολογεῖς
591 3930 640 4008 δὲ,
668 3922 793 4044 Ἀέτιε,
827 3926 884 3994 τὸν
907 3928 978 3994 υἱὸν
1007 3928 1041 3994 ἐκ
1063 3925 1228 4008 πατρὸςίλ)

142 4028 370 4114 γεγενῆσθαι
397 4026 562 4114 εἰρωνείᾳ,
597 4032 649 4092 καί
680 4050 738 4090 ουκ
767 4021 919 4110 ἀληθεία
968 4029 1037 4090 πᾶν
1064 4024 1125 4108 γάρ
1152 4021 1192 4087 τὸ

88 4132 127 4185 (ζ
145 4121 326 4210 γεννητὸν
347 4118 386 4190 οὐ
408 4122 540 4190 κτιστὸν
560 4127 615 4190 καί
637 4124 676 4189 τὸ
699 4121 831 4188 κτιστὸν
855 4117 893 4187 οὗ
908 4123 1069 4208 γεννητόν.
1105 4120 1133 4186 εί
1156 4121 1193 4188 δὲ

151 4223 206 4289 τὸ
228 4221 384 4307 γεννητὸν
406 4222 548 4300 κτιστὸν,
577 4216 645 4288 κατ’
671 4218 772 4287 ἄλλον
800 4219 927 4304 τρόπον
955 4219 1027 4287 ἐστὶ
1049 4217 1192 4299 κτιστὸν,

1051 4506 1255 4632 Λ
