2867 5084
241 939 306 1002 324
466 952 674 1001 επιοενιοκ
689 952 785 1001 κατι
803 952 991 1002 mmmm
1007 954 1036 1002 ι’.

239 1097 294 1167 ὅτι
320 1104 387 1169 τῶν
415 1099 671 1183 ἐπιθυμούντων
700 1101 797 1184 ἐσμὲν
824 1108 1027 1184 χαρίσματος
1054 1097 1134 1183 ύμῖν
1162 1127 1266 1184 μετα-

241 1200 357 1264 δοῦναι
379 1201 611 1280 πνευματικοῦ.

323 1300 510 1360 Πίστευσον
533 1284 590 1360 ούν
613 1291 666 1361 ὅτι
688 1293 763 1361 οῦτε
786 1289 929 1378 ἀλλαχοῦ
952 1298 1009 1379 τῆς
1030 1299 1161 1380 γραφῆς
1186 1293 1261 1362 οῦτε

239 1390 296 1459 ἐπὶ
334 1395 393 1457 τοῦ
427 1392 593 1476 παρόντος
624 1400 746 1475 χωρίου
784 1392 916 1459 ἐναντία
954 1392 995 1457 τὰ
1031 1390 1165 1478 ῥῆματα
1203 1397 1261 1479 τῆς

215 1493 368 1576 δγραφῆς
391 1485 545 1575 ἀλληλοις
568 1489 652 1566 ἐστὶ,
685 1484 745 1555 κάν
772 1490 942 1570 μάχεσθαι
971 1490 1049 1573 δοκῇ
1072 1490 1169 1572 παρὰ
1191 1501 1262 1567 τοῖς

237 1590 277 1673 τῆ
300 1593 414 1654 πίστει
434 1587 478 1673 μῆ
501 1583 719 1671 ὑγιαίνουσιν,
751 1585 827 1672 ἤτοι
855 1583 1038 1653 ἀσθενοῦσι
1067 1587 1106 1670 τῇ
1136 1587 1258 1673 γνώμη,

238 1687 290 1749 καί
326 1679 370 1762 ὡς
401 1679 496 1749 οὐδὲν
529 1686 594 1748 τῶν
627 1684 709 1749 κατὰ
736 1683 793 1749 τὸν
825 1684 948 1766 κόσμον
978 1683 1282 1769 παραδειγμάτων

239 1777 310 1845 οἷόν
332 1786 368 1846 τί
390 1780 478 1846 ἐστιν
502 1775 688 1866 εὑρεθῆναι,
720 1777 802 1863 ὅπερ
827 1780 955 1863 ἐξαρκεῖ
975 1773 1051 1843 καθ’
1077 1779 1179 1846 ἑαυτὸ
1203 1805 1260 1846 σα·

239 1880 312 1961 φιῦς
334 1879 549 1960 παραστῆσαι
570 1881 628 1940 τοῦ
649 1880 846 1960 μονογενοῦς
872 1876 931 1963 τῆν
959 1876 1071 1963 φύσιν.
1117 1884 1172 1944 καί
1208 1877 1259 1943 διὰ

202 1975 337 2040 εοτοῦτο
359 1968 378 2058 ῆ
400 1972 509 2059 γραφῆ
533 1975 676 2052 πολλοῖς
697 1975 864 2051 ἐπινοίαις
886 1977 963 2057 περὶ
985 1976 1046 2038 τοῦ
1063 1978 1262 2059 μονογενοῦς

238 2076 292 2135 καὶ
315 2067 520 2153 ἐπωνυμίαις
541 2076 700 2156 κέχρηται,
725 2072 758 2137 εί
778 2096 852 2148 πως
874 2075 1092 2158 δυνηθείημεν
1118 2072 1175 2139 διά
1197 2076 1257 2138 τιῦν

237 2161 314 2254 καθ’
340 2162 424 2254 ἡμᾶς
445 2168 484 2232 τὸ
506 2164 590 2252 ὑπὲρ
612 2164 698 2252 ῆμάς
720 2169 932 2252 καταλαβεῖν,
965 2172 1018 2235 καί
1043 2168 1101 2236 διὰ
1123 2173 1190 2235 τῶν
1212 2195 1256 2253 γι·

238 2270 452 2349 νωσκομίνων
486 2269 722 2352 φαντασθῆναι
750 2264 791 2331 τὰ
820 2260 1037 2348 ἀγνοούμενα,
1073 2261 1180 2352 ῆρέμα
1208 2266 1255 2331 καί

238 2361 322 2429 κατὰ
348 2362 464 2446 μικρὸν
499 2359 568 2428 ἀπὸ
596 2367 662 2429 τῶν
691 2366 843 2448 φανερῶν
872 2363 957 2444 πρὸς
983 2362 1026 2429 τὰ
1058 2369 1254 2447 κεκρυμμένα

203 2460 528 2543 ιυπροβιγίαζύμενοι.
560 2461 633 2527 ἐπεὶ
656 2470 767 2525 τοίνυν
790 2461 856 2525 ἔδει
872 2460 948 2537 τούς
964 2461 1185 2538 πιστεύοντας
1202 2484 1254 2524 πι·

239 2557 365 2624 στεύειν
388 2557 435 2634 είς
444 2557 603 2638 Χριστὸν,
628 2555 673 2634 ὡς
697 2554 813 2639 ὅμοιός
836 2556 924 2622 ἐστιν
948 2552 966 2620 ύ
989 2557 1061 2634 υίὸς
1083 2561 1130 2642 τῷ
1147 2558 1251 2641 πατρὶ,

238 2649 297 2719 άτε
319 2653 356 2738 δῆ
380 2653 474 2718 είκιέιν
498 2649 650 2734 ὑπάρχων
673 2657 732 2718 τοῦ
756 2653 812 2719 ἐπὶ
830 2653 975 2731 πάντων,
999 2650 1090 2720 ὁδιά
1107 2654 1246 2730 πάντων,

237 2744 279 2813 δι’
306 2739 343 2813 οῦ
364 2749 406 2814 τὰ
427 2747 538 2815 πάντα
561 2750 834 2836 δεδημιούργηται
860 2751 902 2816 τά
930 2776 965 2817 τε
995 2750 1028 2816 ἐν
1057 2762 1131 2829 τοῖς
1159 2748 1294 2836 οὐρα-θ]

240 2856 310 2921 νοῖς
331 2846 383 2909 καί
406 2870 441 2909 τε
471 2844 529 2910 ἐπὶ
549 2850 614 2930 γῆς·
661 2846 755 2914 είκαίν
783 2848 818 2911 δὲ
848 2843 906 2927 ούχ
929 2843 973 2924 ιύς
996 2846 1128 2929 άφυχον
1152 2846 1253 2933 ἐμψύ·

200 2959 306 3022 mov,
331 2935 402 3005 οῦδ’
428 2938 473 3018 ιύς
488 2941 631 3026 ἐνέργεια
645 2950 765 3027 τέχνης,
790 2938 866 3007 οῦδ)
881 2941 925 3021 ὡς
942 2939 1156 3027 ἀποτέλεσμα
1172 2946 1257 3027 ἐνερ·

238 3043 338 3121 γείας,
362 3032 445 3103 ἀλλὰ
466 3045 606 3123 γέννημα
629 3046 685 3106 τοῦ
706 3038 928 3125 γεννήσαντος.
964 3044 1016 3107 καὶ
1035 3038 1089 3108 ὅτι
1105 3038 1144 3108 ού
1160 3049 1262 3124 θέμις

239 3134 308 3201 ἐστὶ
342 3138 399 3221 τῆς
433 3141 620 3221 σωματικῆς
654 3134 871 3221 ἀνθρωπίνης
898 3137 1079 3224 γεννῆσεως
1114 3140 1172 3225 τῆν
1200 3134 1279 3204 τοῦ

237 3236 433 3316 μονογενοῦς
461 3240 609 3319 γέννησιν
637 3233 694 3320 τῆν
722 3232 788 3316 πρὸ
810 3238 877 3299 τιῦν
905 3234 1035 3301 αἰώνων
1062 3243 1286 3324 χαρακτηρΡ

240 3329 374 3407 ζεσθαι·
407 3333 461 3395 καί
491 3326 536 3407 ὡς
563 3331 645 3396 κατὰ
666 3331 704 3396 τὸ
733 3330 945 3415 παράδειγμα
972 3335 1030 3417 τῆς
1056 3341 1182 3418 σοφίας
1203 3335 1305 3418 τῆό

199 3430 443 3521 γςπερηεκτικῆς
464 3431 529 3492 τῶν
546 3422 770 3510 ἀνθρωπίνων
786 3427 1027 3512 ἐνθυμημάτων
1044 3433 1105 3495 τοῦ
1122 3431 1305 3514 πατρὸςμ

239 3515 277 3585 οῦ
307 3521 371 3607 μην
404 3517 633 3599 ἀνυπόστατός
672 3549 707 3589 τε
738 3528 792 3588 καὶ
829 3519 1053 3606 ἀνύπαρκτος,
1089 3526 1305 3614 ἑκατέραιῦ

236 3628 311 3696 ταῖς
333 3619 458 3697 λέξεσιν
480 3619 637 3706 ἐχρῆσατο
664 3616 683 3705 ῆ
712 3619 838 3705 γραφη,
872 3624 929 3705 τῆς
962 3647 998 3687 τε
1030 3620 1172 3704 κτίσεως
1204 3620 1304 3691 καῖ

236 3718 276 3801 τῇ
298 3719 356 3801 τῆς
376 3714 569 3803 γεννῆσεως,
604 3720 643 3801 τῆ
671 3741 706 3781 τε
735 3719 792 3780 τοῦ
822 3717 928 3782 ἔκτισε
957 3719 1012 3783 καὶ
1040 3723 1099 3787 τοῦ
1131 3722 1305 3807 ἐγέννηκ

238 3835 309 3889 οεν,
342 3807 399 3893 οὐχ
421 3813 476 3878 ἵνα
497 3813 539 3878 τὰ
562 3812 693 3878 ἐναντία
722 3813 800 3897 δοκῆ
819 3813 884 3878 ’καὶ
905 3814 988 3879 κατὰ
1010 3815 1049 3880 τὸ
1073 3812 1157 3883 αῦτὸ
1180 3819 1283 3902 περὶ

198 3910 303 3985 μητιῦν
325 3902 432 3973 αάτιῦν
455 3910 627 3990 λέγεσθαι,
658 3903 726 3972 ἀλλ’
752 3909 806 3973 ἵνα
836 3910 891 3975 διὰ
920 3912 979 3993 μὲν
1006 3916 1065 3978 τοῦ
1090 3915 1200 3985 ἔκτισε
1219 3914 1274 3983 τὸν

239 4002 461 4070 ίνυπόστατόν
483 4029 518 4069 τε
541 4006 594 4068 καί
622 4004 777 4084 μόνιμον,
814 4005 870 4071 διὰ
898 4008 934 4071 δὲ
963 4012 1022 4073 τοῦ
1046 4009 1201 4100 ἐγέννησε
1221 4010 1259 4080 τὸ

239 4099 404 4180 ἐξαίρετον
425 4103 482 4164 τοῦ
505 4103 701 4182 μονογενοῦς
729 4101 780 4162 καί
806 4100 930 4182 ἰδιάζον
953 4111 1115 4196 παριστᾷ.
1158 4110 1257 4196 “W

238 4199 338 4274 φησίν
362 4195 417 4260 “ἐκ
436 4194 646 4278 τοῦπατρὸς
673 4193 829 4277 ἐξῆλθον,
859 4203 912 4267 καὶ
941 4197 1040 4285 ῆκω.”
1086 4207 1201 4275 ἱκανὸν
1223 4209 1258 4275 δέ

508 4520 526 4571 ,ι’

489 4604 498 4631 ί
