2867 5084
543 872 764 925 mmmm
1013 859 1163 966 sshw

173 1025 237 1074 eirca
262 1024 422 1091 abiectionem
448 1024 477 1074 de
502 1026 700 1074 consubstantiali
724 1025 796 1074 serbo
821 1024 901 1075 tata.
943 1024 1161 1075 Cousubstantialis

173 1092 313 1142 vocalrulum
333 1101 368 1140 cst
388 1094 551 1141 necessarium
571 1093 648 1142 tots.
661 1094 682 1141 b.
727 1094 868 1142 Ariauorum
896 1100 984 1156 quanta
1002 1092 1120 1142 calliditas
1138 1095 1163 1144 in

172 1160 387 1210 circumveniendis
414 1160 601 1222 simplicioribus
626 1160 747 1209 mentibus
772 1161 819 1209 'lb'l
835 1161 859 1210 h.
906 1162 1007 1210 Arianae
1032 1162 1161 1210 haerescos

98 1250 114 1295 ‘.
172 1228 343 1278 coniurationis
363 1228 487 1277 conclusio
506 1229 535 1276 ab
553 1227 728 1277 illuminatione
748 1242 791 1290 per
809 1235 904 1290 sputum
919 1244 946 1278 es
957 1229 1080 1289 Evangelio
1094 1230 1163 1278 loun-

172 1297 211 1345 uis
229 1296 310 1345 806d.
347 1296 427 1344 Ariani
447 1304 532 1357 negant
551 1298 654 1345 animiam
679 1303 826 1358 assumptam
851 1296 978 1345 aChristo
997 1297 1078 1346 tttb.
1114 1296 1162 1346 Sed

173 1365 276 1413 Arianos
301 1362 460 1412 hallucinatus
480 1363 572 1413 ridetur
593 1366 617 1412 in
637 1365 722 1413 Esaiae
740 1364 794 1413 loco
812 1364 908 1412 citando
927 1364 1006 1413 trac.
1054 1365 1083 1413 Et
1102 1380 1164 1428 quae

174 1432 204 1480 de
223 1433 291 1480 Putre
311 1432 402 1493 tropico
421 1432 540 1488 dicuntur,
561 1447 604 1481 cur
622 1446 669 1480 uon
690 1432 719 1479 de
738 1431 786 1479 irtio
805 1432 915 1481 similiter
933 1441 1080 1493 usurpentur
1098 1433 1163 1482 ilud.

171 1500 252 1550 Ariani
272 1499 301 1547 de
320 1500 404 1561 spiritu
424 1507 507 1548 sancto
527 1514 662 1561 perversum
681 1499 766 1560 dogma
786 1500 902 1548 refutatur
920 1499 1000 1548 tlte.
1036 1499 1096 1547 Eum
1115 1513 1162 1548 nun

173 1582 227 1617 esse
246 1573 353 1616 creatum
371 1567 451 1616 778ιι.
486 1566 518 1615 Er
538 1568 647 1616 Matthaei
666 1568 715 1617 xlx
740 1568 817 1629 capite
842 1567 946 1616 obiectio
971 1567 1002 1615 de
1027 1567 1079 1615 solo
1098 1567 1162 1616 buno

172 1636 223 1684 Deo
243 1635 320 1684 7800.
358 1634 418 1691 Ouia
443 1634 516 1683 multa
543 1635 605 1683 bona
630 1636 653 1682 in
678 1635 804 1697 scripturis
829 1635 980 1698 appellantur
997 1634 1076 1683 tstc.
1111 1635 1163 1683 Alia

172 1704 277 1752 obiectio
298 1717 324 1751 cx
344 1703 453 1752 Mattbaci
472 1703 510 1752 xx
529 1710 551 1751 et
570 1704 640 1751 blarci
659 1703 677 1750 11
696 1703 726 1751 de
745 1702 926 1751 tililsZebedaei
946 1702 1011 1752 ib.d.
1038 1702 1162 1759 Ouilocus

171 1770 304 1834 explicatur
322 1770 402 1819 tusa.
438 1771 547 1820 Obiectio
566 1770 596 1819 de
616 1771 711 1819 Christo
731 1772 847 1819 suscitato
866 1786 893 1819 cr
911 1771 1014 1819 mortuis
1032 1785 1045 1818 a
1060 1771 1110 1818 Deo
1129 1771 1161 1818 ib.

172 1839 223 1887 Alia
243 1853 269 1886 cr
289 1839 367 1886 Lucae
385 1837 445 1886 111111
465 1839 542 1901 capite
562 1838 590 1887 tle
611 1838 705 1887 Christo
730 1845 814 1887 orante
833 1845 923 1900 patrem
943 1837 1022 1887 lii-lb.
1064 1837 1162 1886 blinds

173 1904 261 1954 auxilio
278 1905 421 1966 Angelorum
441 1906 520 1954 teob.
560 1906 607 1954 Cur
623 1906 733 1954 Christus
752 1907 776 1954 in
795 1920 824 1954 eu
843 1914 868 1954 ut
887 1907 910 1954 in
926 1906 1013 1954 ceteris
1038 1905 1164 1968 passiones

173 1974 289 2022 humanas
317 1974 450 2036 susceperit
475 1973 538 2021 ibe.
581 1973 707 2029 Quomodo
734 1974 837 2033 Angelus
862 1974 982 2023 Christum
1012 1974 1162 2023 confortasse

174 2041 261 2090 dicitur
278 2041 328 2089 786
337 2041 359 2089 d.
395 2041 446 2089 Alia
465 2041 568 2089 obiectio
588 2040 617 2088 cle
637 2040 732 2089 Christo
751 2041 845 2102 lugente
864 2042 929 2105 quod
948 2042 1025 2090 olleo
1045 2042 1076 2089 sit
1094 2041 1163 2089 dere-

174 2109 244 2157 lictus
264 2109 311 2157 787
321 2109 343 2156 d.
378 2108 426 2156 Sed
445 2108 540 2155 bomani
559 2108 583 2155 in
604 2108 698 2156 Christo
722 2109 822 2156 allectus
840 2109 915 2157 luisse
934 2110 1066 2170 probantur
1084 2108 1163 2157 788ι.

173 2176 202 2225 Et
221 2177 274 2225 eius
293 2176 371 2224 anima
391 2176 420 2224 ad
439 2176 530 2223 iulcros
548 2175 673 2223 descendit
691 2174 804 2223 tesca.
850 2176 877 2223 Et
895 2175 999 2224 occlusis
1017 2175 1109 2223 loribus
1128 2176 1165 2223 in·

173 2258 270 2306 gressus
289 2251 326 2291 est
344 2243 390 2293 791
402 2259 422 2292 c.
434 2243 456 2291 ι1.
493 2242 521 2290 Et
539 2257 582 2291 cur
599 2243 622 2291 in
643 2257 714 2290 cruce
728 2244 812 2304 purtim
828 2243 952 2301 hebraice,
970 2242 1164 2305 partimSgriace

174 2312 204 2360 sit
223 2311 318 2360 locutos
338 2310 386 2359 792
397 2327 418 2359 c.
453 2309 504 2358 Alia
523 2311 627 2358 obiectio
647 2324 673 2359 er
694 2310 790 2358 loannis
808 2310 855 2358 lllll
875 2318 898 2358 et
916 2311 974 2358 xltt
997 2310 1033 2358 lac
1052 2310 1118 2371 ipsos
1138 2317 1164 2358 ut

174 2380 221 2428 siut
238 2380 262 2427 iu
279 2393 327 2439 me,
346 2387 391 2427 etc.
411 2377 489 2427 tsaa.
525 2378 582 2426 Eius
601 2378 712 2427 refutatio
731 2377 795 2425 ihc.
828 2377 855 2425 Et
874 2377 982 2426 Ecclesia
993 2377 1088 2426 Christo
1107 2390 1164 2439 pro-

173 2449 235 2496 xima
254 2447 286 2495 ih.
323 2447 375 2503 Quo
395 2460 468 2494 seusu
488 2459 549 2494 uuus
568 2446 662 2494 dicatur
671 2446 781 2494 Christus
800 2460 854 2494 curu
874 2445 924 2494 lieu
943 2453 967 2493 ct
985 2459 1039 2493 cum
1058 2443 1165 2507 discipu·

176 2515 204 2563 lis
222 2514 300 2563 tusa.
349 2514 489 2563 Ariauorum
515 2520 652 2574 argorucuta
678 2513 792 2574 captiosis
816 2512 959 2576 syllogismis
984 2512 1112 2572 conclusa,
1140 2517 1165 2560 et

174 2596 257 2630 eorum
277 2582 388 2631 relutatio
408 2582 457 2632 791
466 2581 488 2631 d.
524 2582 604 2630 Ariani
623 2581 778 2641 aristotelici,
796 2594 928 2644 eurumque
948 2580 1062 2630 cavillatio
1082 2580 1163 2630 teob.

175 2649 231 2699 Eius
250 2651 338 2699 solutio
356 2651 424 2699 ilnc.
467 2650 605 2698 Ariauorum
625 2650 735 2711 impietas
762 2650 844 2697 neseio
870 2648 928 2711 quid
947 2649 1024 2697 simile
1044 2648 1114 2696 idolis
1132 2647 1161 2696 de

175 2718 270 2767 Christo
289 2719 444 2766 statuentium
464 2717 513 2766 755
524 2732 545 2767 ιι.
580 2718 660 2766 Ariani
680 2716 828 2777 refelluntur,
848 2717 1031 2778 ostenditurque
1042 2716 1162 2765 Christum

163 2800 222 2833 nou
243 2785 289 2835 diei
308 2794 443 2835 creaturam
461 2785 543 2835 7581).

138 2853 210 2901 Arius
228 2854 258 2901 ab
276 2853 384 2901 Ecclesia
403 2853 510 2902 deiectus
529 2854 552 2901 in
570 2853 727 2902 Palaestinam
747 2852 847 2900 recessit
866 2850 944 2901 laub.

138 2921 282 2983 Artotpritoe
301 2920 357 2969 dicti
376 2935 389 2968 a
408 2935 470 2982 praue
480 2930 502 2969 et
513 2935 593 2982 casco,
611 2921 699 2985 quilius
715 2921 738 2969 iu
748 2921 866 2983 mysteriis
877 2921 927 2968 suis
939 2920 1066 2968 utebantur
1083 2915 1164 2967 ttsd.

138 2989 243 3050 Aspidos
261 2988 353 3049 scipsas
372 2987 493 3048 devorant,
511 2996 535 3037 et
552 2988 728 3037 [ortiorearum
740 2989 918 3050 Aspidogorgou
937 2996 1034 3037 vocatur
1055 2988 1099 3036 151
1111 2984 1164 3036 ud.

138 3055 321 3116 Aspidogorgou
341 3067 388 3102 uus
407 3068 434 3103 es
453 3056 578 3115 aspidibus
596 3057 681 3106 tortior
699 3063 792 3106 ceteras
810 3056 940 3105 absumens
958 3055 987 3104 61
1001 3071 1022 3104 c.

137 3122 211 3183 Aspis
229 3121 258 3168 ab
276 3119 360 3182 aspide
378 3134 493 3169 sensnum
512 3128 595 3170 mutuo
614 3123 686 3170 sumit
705 3123 815 3171 l'rorcrh.
834 3123 897 3171 68ιι.

138 3192 245 3239 Assera
265 3188 362 3236 Graecis
381 3187 444 3235 idem
464 3187 569 3236 creditor
587 3202 641 3236 curu
660 3188 789 3237 Zoroastre
808 3189 855 3236 lc.

139 3260 217 3307 Assur
235 3256 297 3304 lilius
315 3255 447 3305 Ncmbrotb
466 3269 526 3318 quas
545 3255 616 3304 urbes
636 3254 743 3304 condidit
761 3257 804 3304 lc.

139 3326 290 3389 Assyriorum
309 3324 438 3386 primordia
457 3323 505 3373 dcl.

140 3394 250 3443 Asterius
269 3392 382 3455 Sophiste
400 3392 423 3440 in
442 3391 611 3454 persecutione
628 3389 762 3439 Maximiani
782 3388 853 3437 iidem
872 3386 971 3435 eiurarit
989 3386 1068 3436 stuc.

141 3461 285 3510 Athanasius
304 3466 398 3508 creatur
416 3460 549 3522 Episcopus
568 3458 732 3520 Alexandriae,
752 3458 852 3519 eiusque
871 3455 977 3504 studium
996 3455 1020 3502 iu
1032 3453 1163 3503 Ecclesiam

175 3529 225 3578 7311
233 3542 253 3577 a.
283 3527 352 3577 blulta
372 3541 502 3590 perpessus
521 3527 551 3575 oh
570 3526 641 3574 hdcm
660 3526 690 3574 ih.
702 3526 725 3573 b.
752 3524 874 3574 Athanasii
887 3523 998 3586 Episcopi
1007 3521 1162 3571 Alexandriae

176 3596 281 3660 Epistola
305 3595 334 3645 ad
358 3594 492 3657 Epictetum
517 3594 695 3643 Coriutlriorum
719 3593 864 3655 Episcopum
892 3592 972 3641 sate.
1019 3592 1163 3639 Athanasius

176 3664 301 3713 ordinatus
331 3662 464 3725 Episcopus
495 3662 650 3710 Alexandriae
675 3660 755 3710 7221.
804 3660 948 3709 Atlmuasius
972 3658 1112 3707 Aleletinnos
1135 3655 1166 3706 ad

178 3731 372 3780 communionem
391 3738 459 3792 urget
476 3729 556 3778 7221.
590 3729 653 3778 ldcm
673 3735 800 3777 accusatos
819 3727 900 3778 taso.
927 3725 1004 3775 liuius
1020 3739 1092 3774 causa
1108 3738 1166 3772 con·

177 3799 257 3847 ciliuur
276 3798 328 3860 Tyri
348 3799 415 3846 iussu
435 3797 585 3847 Constantini
610 3803 779 3858 congregatum
798 3797 861 3845 ibe.
904 3794 1013 3844 Ursatius
1039 3799 1062 3840 et
1080 3792 1165 3841 Valens

176 3873 329 3914 accusatores
348 3866 470 3914 Athanasii
490 3866 519 3914 ab
539 3865 642 3914 Eusebio
669 3865 793 3913 subornati
817 3863 875 3912 tus.
918 3861 1044 3920 Relegatur
1062 3860 1165 3908 Athana-

177 3935 235 3994 sius,
256 3943 278 3982 et
297 3934 321 3981 iu
341 3933 407 3982 ltalia
426 3934 503 3981 exulat
522 3932 604 3981 thob.
647 3932 762 3981 Arseuius
787 3931 849 3979 rivius
868 3928 1008 3992 producitur
1033 3935 1055 3976 et
1074 3930 1165 3988 integer

177 4002 208 4050 ib.
237 4001 380 4050 Athanasius
398 4003 523 4050 restitutus
542 3999 604 4048 ib.d.
633 4000 720 4049 lterum
739 3999 832 4061 pulsus,
851 4012 879 4045 ac
891 3997 970 4045 denuo
988 3996 1116 4044 restitutus
1135 3994 1164 4041 ab

178 4069 272 4119 loriano
286 4070 395 4132 lmpcrat.
415 4069 495 4117 7761).
522 4066 676 4117 Euml'aleus
691 4069 824 4129 imperator
841 4066 929 4115 eiicere
947 4076 995 4112 non
1013 4063 1086 4113 audet
1104 4063 1166 4111 ibe.

142 4136 323 4186 Atheniensium
342 4151 409 4186 sacra
429 4144 451 4185 et
471 4137 576 4200 Dionysii
597 4135 667 4196 Orgia
690 4135 754 4185 1092
766 4136 788 4183 b.
