2867 5084
505 918 511 929 ’
592 956 688 1011 τινι.
706 960 914 1011 namot.
1219 949 1260 1013 05

240 1113 440 1199 ζημιουμίνη
470 1110 548 1197 δόξη
576 1109 634 1176 τὸν
662 1114 754 1198 θῆρα
781 1113 962 1197 θηρεῦσαι,
998 1114 1051 1178 καί
1080 1106 1189 1180 οὐκέτι
1216 1107 1263 1190 ὦς

240 1210 404 1293 ἰσχύουσα
431 1213 485 1275 καὶ
515 1205 680 1295 όπερτάτη
710 1218 764 1275 καί
796 1209 915 1296 δυνατὴ
944 1209 1031 1296 λόγῳ
1053 1204 1073 1294 ἢ
1096 1210 1262 1298 θελήματι

238 1309 300 1375 τόν
322 1310 415 1394 θῆρα
434 1305 648 1392 χειριόσηται,
673 1300 758 1373 ἀλλὰ
772 1310 956 1392 μηχανᾶται
971 1308 1193 1391 πολυτρόπως
1207 1312 1260 1389 καὶ

239 1403 518 1488 πανσυργεάεται,
547 1404 603 1469 ἵνα
632 1404 760 1490 δυνηθῇ
789 1407 847 1469 τοῦ
875 1405 983 1488 θηρός
1013 1412 1260 1490 περιγενέσθαι.

240 1505 296 1569 καὶ
321 1503 351 1569 εί
373 1498 459 1578 ὅλως
481 1508 664 1586 θηρευθείη
689 1497 706 1565 ό
730 1501 813 1586 θηρ,
837 1499 898 1585 ἤδη
922 1498 1072 1568 ἀπὸτοῦ
1095 1504 1287 1586 ίδίουμί-5

239 1610 322 1685 ρους
349 1594 535 1683 άπεβάλετο
566 1598 624 1663 τὸν
653 1598 769 1685 ἐ’ριφον
796 1597 854 1664 τόν
885 1606 1108 1683 βεβρωμένυν,
1139 1600 1198 1667 κάν
1226 1626 1264 1668 τε

211 1694 331 1776 οόλως
354 1698 512 1783 δυνηθείη
535 1699 707 1782 θηρεῑσαι.
740 1696 769 1763 εί
789 1696 850 1781 γὰρ
873 1697 931 1783 την
949 1697 1053 1784 ψυχὴν
1069 1693 1264 1765 ἀπέστειλεν

241 1796 392 1863 ἐνταῦθα
414 1790 433 1880 ἡ
456 1792 525 1860 άνω
549 1793 694 1875 δι’ναμις,
718 1794 773 1860 ἵνα
796 1795 852 1860 διὰ
867 1799 924 1880 της
940 1799 1046 1881 ψυχης
1060 1795 1187 1882 πεδηση
1204 1794 1264 1874 τὰς

242 1887 346 1976 ἀρχὰς
368 1894 421 1958 καί
443 1893 502 1969 τὰς
526 1892 676 1970 ἐξουσίας
699 1891 897 1978 θηρεύουσα,
932 1886 991 1958 υόκ
1012 1887 1120 1980 ἀπέβη
1145 1889 1162 1959 δ
1186 1917 1264 1960 σκυ-

242 1990 310 2069 πδς
331 1993 371 2075 τῇ
395 1985 482 2054 υότω
503 1990 757 2076 βουλευσαμένη.
788 1986 848 2055 κάν
870 2015 906 2056 τε
927 1988 987 2074 γὰρ
1011 1985 1187 2059 άπέστειλε
1204 1991 1262 2076 τὴν
1274 2008 1303 2058 10

243 2086 353 2172 ψυχήν
368 2090 542 2171 θηρεῦσαι,
565 2085 773 2170 τεθήρευται,
796 2080 817 2172 ἢ
832 2088 1043 2171 παγιδεῦσαι,
1060 2090 1264 2174 πεπαγίδευ·

241 2211 316 2262 ται,
346 2183 495 2251 ἐλθοῦσα
524 2180 593 2250 ἀπό
622 2187 774 2267 καθαρᾶς
802 2183 934 2269 φάσεως
962 2184 1017 2249 καί
1044 2181 1264 2251 ὑποπεσοῦσα

244 2285 380 2366 πρῶτον
402 2284 462 2364 μὲν
485 2283 594 2368 δεσμῷ
618 2281 773 2364 σώματος
788 2284 845 2365 της
862 2278 948 2367 ὕλης,
972 2276 1043 2347 elza
1059 2282 1094 2348 δὲ
1110 2285 1163 2348 καί
1180 2285 1264 2348 πολ-

245 2382 322 2456 λαίς
342 2382 407 2445 τῶν
430 2373 671 2466 ἁμαρτημάτων
695 2374 862 2455 ἀτοπίαις.
892 2380 947 2443 καὶ
963 2378 1175 2458 πανταχόθεν
1191 2381 1265 2444 δια-

246 2483 368 2543 πίπτει
387 2472 405 2541 ό
427 2480 488 2542 τοῦ
510 2476 637 2543 πλάνου
659 2476 757 2561 λόγος
778 2480 831 2541 καί
854 2470 873 2561 ἡ
896 2478 954 2541 τοῦ
978 2470 1148 2561 ἀλιτηρίου
1172 2476 1304 2546 deda-15

251 2574 377 2639 σκαλία.

333 2679 384 2762 45.
417 2676 503 2754 Φέρε
525 2670 564 2755 δη
588 2671 711 2754 ἴδωμεν
726 2674 779 2737 καλ
795 2674 927 2752 περλ”
888 2696 946 2758 της
960 2670 1082 2793 μητρός
1097 2696 1155 2758 της
1171 2671 1264 2756 ζωης,

190 2758 284 2854 ὥθῆς
305 2768 428 2889 ιηάσκει
450 2767 531 2835 δυνά
530 2794 622 2850 μεως
640 2770 919 2885 '‘Q‘’ssfflffffi‘„
950 2772 1002 2834 καὶ
1027 2764 1127 2856 αὐτην
1149 2770 1186 2835 δὲ
1208 2795 1266 2854 την

246 2974 410 3045 στοιχεῖα,
433 2960 537 3030 ἅτινά
559 2963 663 3042 ἐστιν,
688 2959 733 3041 ὡς
755 2964 876 3040 ἐκεῖνος
899 2964 1038 3047 λέγειᾙ
1024 2962 1158 3047 άνεμος,
1182 2968 1264 3050 φῶς,
1274 2984 1305 3034 2⁰

245 3059 352 3145 ὕδωρ,
382 3063 449 3146 πῦρ
478 3063 532 3127 καὶ
560 3056 629 3148 όλη.
673 3065 778 3126 ταῦτα
800 3062 835 3126 δὲ
859 3057 1137 3144 ἔνδυσάμενον’
1100 3060 1198 3127 αυτόν
1221 3057 1267 3139 ὥς

246 3159 334 3275 πρὸς
362 3159 560 3245 κατασκευὴν
589 3159 738 3241 πολέμου
767 3160 940 3225 κατελθεῖν
973 3160 1061 3225 κάτω
1089 3162 1142 3223 καί
1166 3159 1268 3224 πολε·

246 3281 353 3343 μησαι
375 3259 422 3341 τῷ
444 3257 564 3323 σκότει.
609 3256 642 3320 οἱ
664 3254 725 3340 γὰρ
749 3259 806 3320 τοῦ
831 3255 968 3333 σκότους
990 3254 1143 3339 ἄρχοντες
1166 3257 1267 3322 πολε-

245 3359 387 3440 μοῦντες
409 3348 497 3452 αδτιῦ
521 3357 644 3440 εφαγυν
667 3353 761 3419 ἐκ
724 3379 781 3438 της
802 3355 953 3419 πανυπλί
941 3360 993 3430 ίας
1008 3349 1117 3431 αὐτοῦ,
1143 3349 1161 3416 ὅ
1177 3353 1267 3419 ἐστιν

247 3448 389 3538 ηψυχη.
420 3442 447 3517 ὦ
470 3448 610 3536 άγόρτου
627 3453 836 3535 μιμυλογίας,
859 3440 1049 3536 ὦχλεόης
1031 3450 1305 3522 ασυνεικάστουεε

247 3553 302 3616 καί
331 3548 529 3634 γελοιωδυυς
558 3545 770 3626 ὑποθέσεως,
807 3547 848 3613 τὰ
876 3548 1026 3632 ἐπίχειρα
1054 3549 1266 3666 πανταχόθεν

249 3643 434 3730 ἀδυναμίαν
449 3645 641 3730 προσάπτει
655 3672 702 3731 τῳ
686 3648 799 3730 θεῳ,
819 3644 1068 3727 πανταχόθεν”
1047 3671 1181 3730 αγνοιαν
1198 3641 1267 3727 ὁρί-

218 3745 340 3827 ιεζεται
362 3748 409 3830 τῷ
431 3744 541 3810 πάντα
562 3747 756 3827 γινωσκοντι
778 3745 860 3827 θεῷ.
893 3738 911 3809 ό
932 3744 993 3828 γάρ
1018 3742 1194 3827 προβαλὼν
1210 3742 1267 3825 τὴν

246 3849 375 3930 μητέρα
395 3845 452 3927 τῆς
474 3842 557 3926 ζωῆς
578 3839 661 3907 κατὰ
679 3839 736 3907 τόν
752 3834 853 3911 αὐτοῦ
870 3841 975 3924 λόγον,
1000 3835 1018 3927 ἢ
1035 3838 1087 3906 ὅτι
1104 3837 1267 3923 ἀγνωσίαν

248 3935 331 4022 εἶχε,
359 3945 433 4006 τίνα
454 3939 495 4005 τά
517 3936 587 4006 ἀπὸ
608 3937 823 4053 τηςμητρὸς
832 3941 890 4025 τῆς
913 3939 996 4024 ζωῆς
1018 3936 1307 4050 ἐπιτελρόμενα,εο

246 4064 267 4124 η
297 4034 352 4105 ότι
380 4033 664 4105 άποτελεσθέντα·
677 4036 770 4119 παρὰ
798 4061 856 4121 την
885 4036 1089 4118 προσδοκίαν
1114 4059 1171 4118 της
1194 4034 1268 4098 δια·

246 4142 343 4214 νσίας
364 4134 407 4201 τά
427 4134 654 4223 συμβεβηκότα
683 4131 791 4209 άλλως
813 4127 990 4218 εὑρεθέντα
1013 4128 1140 4207 όνειδυς
1163 4136 1265 4216 φέρει.

248 4257 386 4318 αγνοιαν
408 4232 469 4316 γὰρ
493 4227 706 4321 δφλησειεν(
691 4256 710 4297 ο
732 4231 827 4313 ἕτερα
847 4234 907 4315 μὲν
924 4230 1115 4315 διανοηθείς
1138 4222 1268 4314 άπσβη-

302 4334 448 4387 ssmphaniu.
468 4333 504 4375 ιιι.
1101 4333 1116 4382 ⁵
