2867 5084
468 952 562 1018 Lm.
580 958 850 1020 κεειοειενιτιι.
1101 961 1159 1023 153

139 1118 468 1204 συνεισενεγκάμενος
496 1122 534 1205 τῇ
565 1118 733 1206 ἐκκλησίᾳ,
766 1120 821 1186 διὰ
849 1119 888 1185 τὸ
915 1118 977 1206 ἤδη
1002 1122 1163 1201 πολλάκις

138 1216 288 1295 πολλοῦς
320 1215 367 1294 είς
398 1209 559 1303 ἀλλήλους
593 1218 819 1304 διαφέρεσθαί
851 1243 884 1283 τε
915 1223 968 1283 καὶ
998 1226 1162 1302 σχίσματα

139 1312 252 1380 πολλά
276 1308 370 1393 εἶναι,
394 1312 625 1399 συνεκρότησεν
649 1312 873 1400 οἷκονμενικην
892 1315 1029 1381 σόνοδον
1046 1306 1092 1382 τόν
1107 1318 1160 1384 καὶ

139 1411 183 1477 τὰ
206 1406 353 1493 ὀνόματα
375 1411 422 1489 είς
444 1411 494 1477 ἔτι
517 1413 612 1494 δεῦρο
636 1412 775 1491 σώζεται
798 1419 995 1495 τριακοσίων
1015 1416 1160 1481 δέκακαὶ

141 1504 228 1574 όκτιῦ
251 1508 454 1586 ἐπισκόπων,
489 1512 542 1574 καλ
566 1503 848 1591 άναθεματίζρυσι
870 1510 927 1594 την
947 1505 1079 1593 Ἀρείου
1102 1518 1189 1580 rvi-5

141 1629 216 1672 στιν
245 1605 279 1672 ἐν
306 1609 345 1692 τῇ
375 1612 526 1672 Νικαέων
555 1605 668 1685 πόλει,
698 1610 750 1672 καί
782 1603 980 1691 ὁμολογοῦσι
1008 1611 1065 1692 την
1094 1612 1160 1674 τῶν

142 1708 297 1787 πατέρων
325 1698 509 1787 όρθόδοξον
539 1709 654 1770 πίστιν
683 1709 736 1769 καί
767 1699 896 1791 άκλινῇ,
926 1707 979 1770 καὶ
1003 1699 1073 1772 άπὸ
1095 1709 1161 1772 τιῦν

142 1794 342 1866 ἀποστόλων
363 1804 416 1867 καὶ
441 1805 623 1887 προφητῶν
645 1802 910 1886 παραδοθεῖσαν.
942 1797 1162 1888 ῦπσγραψάν-

142 1922 209 1962 των
233 1897 269 1963 δὲ
291 1899 356 1963 τῶν
378 1897 574 1964 ἐπισκόπιυν
603 1900 649 1976 είς
674 1899 794 1982 ταύτην
818 1901 869 1965 καὶ
894 1893 1162 1983 άναθεματισάν·

141 2019 209 2059 των
231 1992 289 2080 τὴν
308 1989 577 2079 Ἀρειομανίτιδα
599 1996 740 2079 αἵρεσιν,
765 1993 851 2063 οῦτωΙ
873 2003 1049 2083 γεγένηται.
1091 1995 1161 2081 ἅμα
1175 2015 1205 2063 ιο

104 2091 181 2162 εδδ
203 2093 255 2156 καὶ
279 2091 313 2157 έν
334 2097 381 2178 τη]
404 2089 493 2178 αὐτῷ
515 2093 654 2172 κανόνος
668 2094 760 2171 τινάς
783 2095 906 2180 ἐ’θηκαν
930 2095 962 2161 ἐν
977 2099 1016 2180 τῇ
1034 2095 1161 2180 συνόδῳ
1234 2164 1239 2175 ,

141 2186 443 2274 έκκλησιαοτικοῦς·
471 2185 553 2271 ὁμοῦ
584 2191 619 2256 δέ
642 2194 795 2274 καὶπερὶ
818 2196 877 2258 τοῦ
900 2191 1013 2273 πάσχα
1036 2189 1160 2276 ὥρισαν

140 2291 222 2369 μίαν
250 2286 366 2352 ἕνωσιν
394 2286 449 2352 καὶ
478 2281 634 2369 ὁμόνοιαν
663 2288 720 2373 τὴν
750 2284 845 2372 άγίαν
868 2292 951 2354 θεοῦ
975 2289 1159 2371 πανάρετον

141 2377 265 2467 ἡμέραν
286 2389 450 2465 γίνεσθαι,
474 2382 589 2469 ἐπειδη
613 2384 784 2469 διαφόρως
806 2385 899 2469 παρά
913 2408 1001 2450 τισιν
1018 2386 1161 2471 ἐφυλάτ-

139 2503 227 2546 τετο.
259 2480 291 2545 ολ
312 2483 371 2564 μὲν
392 2481 453 2566 γάρ
475 2481 738 2566 προελάμβανον,
764 2482 796 2547 οἱ
819 2483 853 2547 δὲ
878 2481 1044 2565 ε’μέσαζον,
1069 2482 1100 2547 οἱ
1125 2483 1159 2548 δέ
1174 2497 1205 2546 ιε

139 2584 322 2661 μετέπειτα
343 2578 527 2646 ἐπετέλουν.
559 2579 614 2644 καὶ
636 2575 753 2656 ἁπλῶς
774 2579 881 2664 πολλὴ
899 2579 1022 2666 φράσις
1037 2568 1075 2663 ἦν
1091 2575 1158 2644 κατ’
1214 2640 1220 2655 ,

142 2674 247 2743 ἐκεῖνο
276 2679 400 2759 καιροῦ.
446 2676 571 2742 τούτων
600 2677 636 2743 δὲ
666 2672 683 2740 5
712 2676 794 2754 θεὸς
816 2676 855 2741 τό
877 2677 1082 2759 κατόρθωμα
1106 2674 1162 2744 διά

140 2775 201 2837 τοῦ
223 2779 404 2856 μακαρίτου
421 2779 672 2840 Κωνσταντίνου
696 2773 891 2857 ἐβράβευσεν
915 2774 1042 2859 είρηνης
1056 2775 1159 2859 χάριν.

141 2865 189 2948 τός
222 2860 279 2936 οῦν
312 2865 562 2956 άνεθεματίσθη
598 2867 616 2936 5
647 2868 794 2954 Ἄρειος,
833 2875 885 2938 καὶ
919 2875 1023 2937 ταῦτα
1057 2868 1161 2948 οῦτως

140 2967 313 3050 ἐπράχθη,
343 2966 376 3033 ἐν
405 2972 451 3052 τῷ
482 2962 570 3052 αότῴ
602 2967 667 3034 ἐτει
695 2968 841 3034 παύεται
867 2964 1081 3051 Ἀλέξανδρος
1103 2972 1206 3033 vomo

110 3071 232 3149 ῃβίοα,
252 3064 305 3131 καὶ
328 3065 514 3146 διαδέχεται
536 3062 635 3131 αὐτόν
656 3060 818 3146 Ἀχιλλᾶς.
851 3055 888 3150 ἦν
904 3067 937 3132 δὲ
956 3070 1008 3132 καὶ
1027 3070 1161 3143 (νεωνᾶς

142 3166 364 3239 κατασταθεὶς
397 3157 465 3227 ὑπὸ
497 3165 563 3227 τιῦν
596 3163 821 3231 δίελετιανιῦν.
868 3162 944 3228 τότε
976 3164 1162 3243 διαδέχεται

136 3253 294 3341 Ἀχιλλᾶν
320 3259 378 3324 τὸν
400 3257 586 3326 ἐπίσκοπον
609 3258 798 3346 ποιήσαντα
820 3262 925 3344 μῆνας
948 3269 1036 3340 τρεῖς
1054 3256 1162 3325 Ἀθα-

139 3357 258 3435 νάσιος
280 3353 298 3422 ό
319 3363 509 3443 μακαρίτης,
534 3351 579 3421 ιῦν
596 3357 670 3424 τότε
687 3356 837 3432 διάκονος
856 3351 1083 3438 Ἀλεξάνδρου,
1107 3359 1160 3423 καλ

139 3447 197 3520 ὑπ’
223 3448 324 3519 αἰτοῦ
347 3450 594 3536 ἀπεσταλμένος
618 3454 672 3520 ἐπὶ
696 3453 735 3518 τὸ
759 3455 956 3538 κομητάτιιν,
981 3443 1007 3518 ὦ
1030 3449 1047 3517 5
1067 3447 1204 3518 'sm-25

139 3550 290 3634 ξανδρος,
312 3552 441 3634 μέλλων
463 3552 616 3618 τελευτάν
639 3552 855 3636 παρηγγειλεν
873 3547 1085 3636 ἀποδοθῆναι
1104 3552 1160 3636 την

138 3647 356 3715 ἐπισκοπίαν.
388 3649 469 3726 ἔθος
491 3649 527 3715 δὲ
550 3648 584 3715 ἐν
600 3645 832 3735 Ἀλεξανδρείᾳ
846 3649 888 3733 μη
905 3650 1063 3731 χρονίζειν
1078 3648 1161 3732 μετὰ

135 3744 294 3830 τελευτὴν
317 3745 503 3813 ἐπισκόπου
526 3746 602 3824 τοὺς
623 3753 904 3828 καθισταμένους,
929 3740 997 3812 ἀλλ’
1022 3744 1091 3829 ἅμα
1112 3751 1163 3829 γέ-

135 3846 266 3912 νεσθαι
289 3841 416 3928 είρηνης
438 3843 545 3921 ἕνεκα,
569 3845 627 3908 τοῦ
650 3843 694 3929 μη
717 3843 926 3928 παρατριβὰς
947 3848 1106 3927 γενέσθαι
1128 3840 1161 3907 ἐν

135 3950 214 4017 τοῖς
244 3939 354 4020 λαοῖς,
382 3943 448 4006 τῶν
474 3942 535 4024 μέν
565 3940 660 4006 τόνδε
689 3939 873 4017 θελόντων,
903 3942 968 4005 τῶν
998 3939 1034 4004 δὲ
1056 3938 1206 4004 τόνδεεο

134 4041 346 4121 κατέστησαν
375 4038 410 4103 δέ
439 4031 479 4103 δι’
510 4032 650 4123 ἀνάγκην
678 4036 722 4122 μὴ
753 4036 918 4120 παρόντος
943 4031 1161 4113 Ἀθανασίου,

85 4130 304 4217 ωἈχιλλᾶν.
336 4127 354 4198 5
378 4133 413 4201 δέ
435 4134 559 4218 θρόνος
580 4123 619 4221 ἦν
642 4137 694 4199 καί
720 4127 912 4218 ἡλερωσόνη
929 4132 1162 4218 έτοιμαζομένη

133 4234 188 4319 τῷ
212 4229 250 4299 ἐκ
271 4232 353 4297 θεοῦ
375 4232 558 4320 κεκλημένῳ
579 4234 633 4298 καὶ
650 4224 720 4297 άπὸ
735 4231 793 4295 τοῦ
809 4236 990 4312 μακαρίτου
1009 4224 1163 4308 Ἀλεξάν-

968 4436 1220 4654 Α
