<?xml version="1.0" encoding="UTF-8"?>
<!DOCTYPE html PUBLIC "-//W3C//DTD XHTML 1.0 Transitional//EN"
    "http://www.w3.org/TR/xhtml1/DTD/xhtml1-transitional.dtd">
<html xmlns="http://www.w3.org/1999/xhtml" xml:lang="en" lang="en">
 <head>
  <title>
</title>
<meta http-equiv="Content-Type" content="text/html;charset=utf-8" />
  <meta name='ocr-system' content='tesseract 3.04.00' />
  <meta name='ocr-capabilities' content='ocr_page ocr_carea ocr_par ocr_line ocrx_word'/>
</head>
<body>
  <div class='ocr_page' id='page_1' title='image "./opera01dindgoog_0176.png"; bbox 0 0 2867 5084; ppageno 0'>
   <div class='ocr_carea' id='block_1_1' title="bbox 232 926 1019 987">
    <p class='ocr_par' dir='ltr' id='par_1_1' title="bbox 232 926 1019 987">
     <span class='ocr_line' id='line_1_1' title="bbox 232 926 1019 987; baseline -0.009 0"><span class='ocrx_word' id='word_1_1' title='bbox 232 926 292 987; x_wconf 86' lang='grc'><strong><em>154</em></strong></span> <span class='ocrx_word' id='word_1_2' title='bbox 455 931 658 983; x_wconf 67' lang='lat' dir='ltr'><strong><em>mmor</em></strong></span> <span class='ocrx_word' id='word_1_3' title='bbox 675 929 770 979; x_wconf 73' lang='lat' dir='ltr'><strong><em>xm</em></strong></span> <span class='ocrx_word' id='word_1_4' title='bbox 788 929 974 980; x_wconf 71' lang='grc' dir='ltr'><strong><em>κιυυτιαιυ</em></strong></span> <span class='ocrx_word' id='word_1_5' title='bbox 990 933 1019 980; x_wconf 88' lang='grc' dir='ltr'><strong><em>ιι.</em></strong></span> 
     </span>
    </p>
   </div>
   <div class='ocr_carea' id='block_1_2' title="bbox 167 1071 1290 4279">
    <p class='ocr_par' dir='ltr' id='par_1_2' title="bbox 167 1071 1290 4279">
     <span class='ocr_line' id='line_1_2' title="bbox 230 1071 1251 1172; baseline -0.003 -18"><span class='ocrx_word' id='word_1_6' title='bbox 230 1089 309 1172; x_wconf 91' lang='grc' dir='ltr'><strong><em>δρου</em></strong></span> <span class='ocrx_word' id='word_1_7' title='bbox 333 1082 514 1169; x_wconf 77' lang='grc' dir='ltr'><strong><em>ὡρισμένῳ.</em></strong></span> <span class='ocrx_word' id='word_1_8' title='bbox 546 1082 620 1148; x_wconf 82' lang='grc' dir='ltr'><strong><em>ἐπεὶ</em></strong></span> <span class='ocrx_word' id='word_1_9' title='bbox 644 1071 700 1146; x_wconf 77' lang='grc' dir='ltr'><strong><em>οὖν</em></strong></span> <span class='ocrx_word' id='word_1_10' title='bbox 725 1079 883 1158; x_wconf 77' lang='grc' dir='ltr'><strong><em>ἐλθόντος</em></strong></span> <span class='ocrx_word' id='word_1_11' title='bbox 899 1074 1107 1148; x_wconf 80' lang='grc' dir='ltr'><strong><em>Ἀθανασίου</em></strong></span> <span class='ocrx_word' id='word_1_12' title='bbox 1122 1085 1177 1149; x_wconf 81' lang='grc' dir='ltr'><strong><em>καί</em></strong></span> <span class='ocrx_word' id='word_1_13' title='bbox 1193 1109 1251 1152; x_wconf 88' lang='grc' dir='ltr'><strong><em>κα-</em></strong></span> 
     </span>
     <span class='ocr_line' id='line_1_3' title="bbox 229 1177 1250 1269; baseline -0.002 -18"><span class='ocrx_word' id='word_1_14' title='bbox 229 1189 470 1258; x_wconf 85' lang='grc' dir='ltr'><strong><em>τασταθέντος,</em></strong></span> <span class='ocrx_word' id='word_1_15' title='bbox 503 1177 598 1257; x_wconf 75' lang='grc' dir='ltr'><strong><em>ὄντος</em></strong></span> <span class='ocrx_word' id='word_1_16' title='bbox 620 1181 695 1262; x_wconf 80' lang='grc' dir='ltr'><strong><em>περὶ</em></strong></span> <span class='ocrx_word' id='word_1_17' title='bbox 718 1179 777 1264; x_wconf 73' lang='grc' dir='ltr'><strong><em>την</em></strong></span> <span class='ocrx_word' id='word_1_18' title='bbox 801 1184 916 1243; x_wconf 88' lang='grc' dir='ltr'><strong><em>πίστιν</em></strong></span> <span class='ocrx_word' id='word_1_19' title='bbox 939 1179 1083 1264; x_wconf 82' lang='grc' dir='ltr'><strong><em>ζηλωτοῦ</em></strong></span> <span class='ocrx_word' id='word_1_20' title='bbox 1107 1181 1250 1269; x_wconf 85' lang='grc' dir='ltr'><strong><em>σφόδρα,</em></strong></span> 
     </span>
     <span class='ocr_line' id='line_1_4' title="bbox 229 1272 1251 1366; baseline -0.003 -18"><span class='ocrx_word' id='word_1_21' title='bbox 229 1282 285 1348; x_wconf 82' lang='grc' dir='ltr'><strong><em>καὶ</em></strong></span> <span class='ocrx_word' id='word_1_22' title='bbox 307 1283 364 1364; x_wconf 76' lang='grc' dir='ltr'><strong><em>τῆς</em></strong></span> <span class='ocrx_word' id='word_1_23' title='bbox 380 1279 551 1361; x_wconf 72' lang='grc' dir='ltr'><strong><em>ἐκκλησίας</em></strong></span> <span class='ocrx_word' id='word_1_24' title='bbox 567 1272 849 1359; x_wconf 79' lang='grc' dir='ltr'><strong><em>ὑπερπάσχοντος,</em></strong></span> <span class='ocrx_word' id='word_1_25' title='bbox 874 1273 934 1361; x_wconf 76' lang='grc' dir='ltr'><strong><em>ἤδη</em></strong></span> <span class='ocrx_word' id='word_1_26' title='bbox 961 1277 1126 1355; x_wconf 82' lang='grc' dir='ltr'><strong><em>σονάξεων</em></strong></span> <span class='ocrx_word' id='word_1_27' title='bbox 1141 1279 1251 1366; x_wconf 92' lang='grc' dir='ltr'><strong><em>πάντη</em></strong></span> 
     </span>
     <span class='ocr_line' id='line_1_5' title="bbox 229 1370 1253 1458; baseline -0.003 -14"><span class='ocrx_word' id='word_1_28' title='bbox 229 1380 285 1444; x_wconf 86' lang='grc' dir='ltr'><strong><em>καὶ</em></strong></span> <span class='ocrx_word' id='word_1_29' title='bbox 308 1372 576 1458; x_wconf 70' lang='grc' dir='ltr'><strong><em>ἀποσπάσματος</em></strong></span> <span class='ocrx_word' id='word_1_30' title='bbox 597 1377 663 1438; x_wconf 80' lang='grc' dir='ltr'><strong><em>τῶν</em></strong></span> <span class='ocrx_word' id='word_1_31' title='bbox 686 1375 774 1436; x_wconf 84' lang='grc' dir='ltr'><strong><em>λαῶν</em></strong></span> <span class='ocrx_word' id='word_1_32' title='bbox 797 1380 975 1456; x_wconf 73' lang='grc' dir='ltr'><strong><em>γινομένων</em></strong></span> <span class='ocrx_word' id='word_1_33' title='bbox 997 1370 1065 1439; x_wconf 72' lang='grc' dir='ltr'><strong><em>άπὸ</em></strong></span> <span class='ocrx_word' id='word_1_34' title='bbox 1086 1380 1153 1440; x_wconf 82' lang='grc' dir='ltr'><strong><em>των</em></strong></span> <span class='ocrx_word' id='word_1_35' title='bbox 1177 1382 1253 1443; x_wconf 82' lang='grc' dir='ltr'><strong><em>Με-</em></strong></span> 
     </span>
     <span class='ocr_line' id='line_1_6' title="bbox 206 1465 1253 1555; baseline -0.001 -14"><span class='ocrx_word' id='word_1_36' title='bbox 206 1477 386 1541; x_wconf 83' lang='grc' dir='ltr'><strong><em>5λετιανῶν</em></strong></span> <span class='ocrx_word' id='word_1_37' title='bbox 409 1475 626 1555; x_wconf 75' lang='grc' dir='ltr'><strong><em>καλουμένων,</em></strong></span> <span class='ocrx_word' id='word_1_38' title='bbox 651 1465 691 1535; x_wconf 77' lang='grc' dir='ltr'><strong><em>δι’</em></strong></span> <span class='ocrx_word' id='word_1_39' title='bbox 709 1469 747 1554; x_wconf 80' lang='grc' dir='ltr'><strong><em>ἢν</em></strong></span> <span class='ocrx_word' id='word_1_40' title='bbox 772 1470 804 1536; x_wconf 79' lang='grc' dir='ltr'><strong><em>ἐν</em></strong></span> <span class='ocrx_word' id='word_1_41' title='bbox 827 1473 866 1555; x_wconf 72' lang='grc' dir='ltr'><strong><em>τῇ</em></strong></span> <span class='ocrx_word' id='word_1_42' title='bbox 890 1474 967 1554; x_wconf 81' lang='grc' dir='ltr'><strong><em>περὶ</em></strong></span> <span class='ocrx_word' id='word_1_43' title='bbox 982 1473 1150 1538; x_wconf 84' lang='grc' dir='ltr'><strong><em>Μελετίου</em></strong></span> <span class='ocrx_word' id='word_1_44' title='bbox 1167 1470 1253 1540; x_wconf 75' lang='grc' dir='ltr'><strong><em>ὑπο-</em></strong></span> 
     </span>
     <span class='ocr_line' id='line_1_7' title="bbox 233 1567 1255 1654; baseline -0.001 -15"><span class='ocrx_word' id='word_1_45' title='bbox 233 1579 328 1639; x_wconf 84' lang='grc' dir='ltr'><strong><em>θέσει</em></strong></span> <span class='ocrx_word' id='word_1_46' title='bbox 357 1571 465 1636; x_wconf 81' lang='grc' dir='ltr'><strong><em>αἰτίαν</em></strong></span> <span class='ocrx_word' id='word_1_47' title='bbox 499 1567 751 1654; x_wconf 74' lang='grc' dir='ltr'><strong><em>προδεδηλωκα,</em></strong></span> <span class='ocrx_word' id='word_1_48' title='bbox 779 1571 831 1633; x_wconf 84' lang='grc' dir='ltr'><strong><em>καλ</em></strong></span> <span class='ocrx_word' id='word_1_49' title='bbox 854 1569 1055 1651; x_wconf 68' lang='grc' dir='ltr'><strong><em>βουλομένου</em></strong></span> <span class='ocrx_word' id='word_1_50' title='bbox 1077 1570 1136 1654; x_wconf 79' lang='grc' dir='ltr'><strong><em>την</em></strong></span> <span class='ocrx_word' id='word_1_51' title='bbox 1159 1578 1255 1638; x_wconf 83' lang='grc' dir='ltr'><strong><em>συνέ-</em></strong></span> 
     </span>
     <span class='ocr_line' id='line_1_8' title="bbox 231 1666 1282 1754; baseline 0 -18"><span class='ocrx_word' id='word_1_52' title='bbox 231 1694 332 1736; x_wconf 90' lang='grc' dir='ltr'><strong><em>νωσιν</em></strong></span> <span class='ocrx_word' id='word_1_53' title='bbox 353 1672 411 1754; x_wconf 68' lang='grc' dir='ltr'><strong><em>τῆς</em></strong></span> <span class='ocrx_word' id='word_1_54' title='bbox 434 1668 603 1751; x_wconf 75' lang='grc' dir='ltr'><strong><em>ἐκκλησίας</em></strong></span> <span class='ocrx_word' id='word_1_55' title='bbox 625 1666 849 1750; x_wconf 65' lang='grc' dir='ltr'><strong><em>ποιήσασθαι,</em></strong></span> <span class='ocrx_word' id='word_1_56' title='bbox 879 1666 1021 1732; x_wconf 80' lang='grc' dir='ltr'><strong><em>ἐνεκάλει</em></strong></span> <span class='ocrx_word' id='word_1_57' title='bbox 1043 1669 1097 1732; x_wconf 83' lang='grc' dir='ltr'><strong><em>καὶ</em></strong></span> <span class='ocrx_word' id='word_1_58' title='bbox 1119 1666 1282 1753; x_wconf 64' lang='grc' dir='ltr'><strong><em>ἠπείλεις</em></strong></span> 
     </span>
     <span class='ocr_line' id='line_1_9' title="bbox 232 1756 1252 1847; baseline 0 -16"><span class='ocrx_word' id='word_1_59' title='bbox 232 1766 401 1832; x_wconf 76' lang='grc' dir='ltr'><strong><em>ἐνουθέτει</em></strong></span> <span class='ocrx_word' id='word_1_60' title='bbox 421 1789 457 1828; x_wconf 90' lang='grc' dir='ltr'><strong><em>τε</em></strong></span> <span class='ocrx_word' id='word_1_61' title='bbox 479 1764 533 1827; x_wconf 84' lang='grc' dir='ltr'><strong><em>καὶ</em></strong></span> <span class='ocrx_word' id='word_1_62' title='bbox 556 1756 664 1839; x_wconf 76' lang='grc' dir='ltr'><strong><em>οὐδεὶς</em></strong></span> <span class='ocrx_word' id='word_1_63' title='bbox 686 1758 839 1847; x_wconf 73' lang='grc' dir='ltr'><strong><em>ἠνείχετο.</em></strong></span> <span class='ocrx_word' id='word_1_64' title='bbox 880 1759 962 1829; x_wconf 82' lang='grc' dir='ltr'><strong><em>ὅθεν</em></strong></span> <span class='ocrx_word' id='word_1_65' title='bbox 985 1762 1094 1829; x_wconf 88' lang='grc' dir='ltr'><strong><em>πάντα</em></strong></span> <span class='ocrx_word' id='word_1_66' title='bbox 1116 1765 1158 1831; x_wconf 88' lang='grc' dir='ltr'><strong><em>τά</em></strong></span> <span class='ocrx_word' id='word_1_67' title='bbox 1182 1762 1252 1831; x_wconf 73' lang='grc' dir='ltr'><strong><em>κατ’</em></strong></span> 
     </span>
     <span class='ocr_line' id='line_1_10' title="bbox 233 1855 1257 1945; baseline 0.001 -16"><span class='ocrx_word' id='word_1_68' title='bbox 233 1859 332 1929; x_wconf 74' lang='grc' dir='ltr'><strong><em>αὐτοῦ</em></strong></span> <span class='ocrx_word' id='word_1_69' title='bbox 356 1866 534 1945; x_wconf 74' lang='grc' dir='ltr'><strong><em>κινηθέντα</em></strong></span> <span class='ocrx_word' id='word_1_70' title='bbox 556 1860 589 1924; x_wconf 84' lang='grc' dir='ltr'><strong><em>έκ</em></strong></span> <span class='ocrx_word' id='word_1_71' title='bbox 610 1863 668 1923; x_wconf 85' lang='grc' dir='ltr'><strong><em>τοῦ</em></strong></span> <span class='ocrx_word' id='word_1_72' title='bbox 690 1855 956 1942; x_wconf 70' lang='grc' dir='ltr'><strong><em>ὑπερβάλλοντος</em></strong></span> <span class='ocrx_word' id='word_1_73' title='bbox 972 1860 1004 1925; x_wconf 77' lang='grc' dir='ltr'><strong><em>ἒν</em></strong></span> <span class='ocrx_word' id='word_1_74' title='bbox 1021 1856 1108 1943; x_wconf 72' lang='grc' dir='ltr'><strong><em>αὐτῷ</em></strong></span> <span class='ocrx_word' id='word_1_75' title='bbox 1126 1863 1257 1930; x_wconf 83' lang='grc' dir='ltr'><strong><em>θεόθεν</em></strong></span> 
     </span>
     <span class='ocr_line' id='line_1_11' title="bbox 195 1955 1258 2045; baseline 0 -19"><span class='ocrx_word' id='word_1_76' title='bbox 195 1977 225 2026; x_wconf 82' lang='grc' dir='ltr'><strong><em>ίθ</em></strong></span> <span class='ocrx_word' id='word_1_77' title='bbox 235 1960 331 2045; x_wconf 75' lang='grc' dir='ltr'><strong><em>ζήλου</em></strong></span> <span class='ocrx_word' id='word_1_78' title='bbox 355 1957 507 2042; x_wconf 78' lang='grc' dir='ltr'><strong><em>ἐπράχθη</em></strong></span> <span class='ocrx_word' id='word_1_79' title='bbox 531 1959 640 2022; x_wconf 78' lang='grc' dir='ltr'><strong><em>τεκαὶ</em></strong></span> <span class='ocrx_word' id='word_1_80' title='bbox 666 1957 928 2038; x_wconf 88' lang='grc' dir='ltr'><strong><em>συνεσκευάσθη·</em></strong></span> <span class='ocrx_word' id='word_1_81' title='bbox 952 1955 1106 2023; x_wconf 78' lang='grc' dir='ltr'><strong><em>ὥστεκαὶ</em></strong></span> <span class='ocrx_word' id='word_1_82' title='bbox 1124 1958 1258 2044; x_wconf 81' lang='grc' dir='ltr'><strong><em>ε’ξορίας</em></strong></span> 
     </span>
     <span class='ocr_line' id='line_1_12' title="bbox 167 2049 1258 2138; baseline 0 -14"><span class='ocrx_word' id='word_1_83' title='bbox 167 2124 173 2135; x_wconf 79' lang='grc'><strong><em>,</em></strong></span> <span class='ocrx_word' id='word_1_84' title='bbox 236 2053 334 2124; x_wconf 73' lang='grc' dir='ltr'><strong><em>αὐτὸν</em></strong></span> <span class='ocrx_word' id='word_1_85' title='bbox 351 2054 540 2137; x_wconf 81' lang='grc' dir='ltr'><strong><em>ὑπομεῖναι,</em></strong></span> <span class='ocrx_word' id='word_1_86' title='bbox 560 2054 615 2119; x_wconf 83' lang='grc' dir='ltr'><strong><em>καὶ</em></strong></span> <span class='ocrx_word' id='word_1_87' title='bbox 630 2058 687 2137; x_wconf 77' lang='grc' dir='ltr'><strong><em>τῆς</em></strong></span> <span class='ocrx_word' id='word_1_88' title='bbox 702 2058 769 2120; x_wconf 81' lang='grc' dir='ltr'><strong><em>τῶν</em></strong></span> <span class='ocrx_word' id='word_1_89' title='bbox 782 2049 961 2138; x_wconf 79' lang='grc' dir='ltr'><strong><em>Ἀρειανῶν</em></strong></span> <span class='ocrx_word' id='word_1_90' title='bbox 976 2057 1258 2137; x_wconf 81' lang='grc' dir='ltr'><strong><em>μεταδυναστείας</em></strong></span> 
     </span>
     <span class='ocr_line' id='line_1_13' title="bbox 234 2147 1259 2237; baseline -0.001 -15"><span class='ocrx_word' id='word_1_91' title='bbox 234 2152 438 2235; x_wconf 86' lang='grc' dir='ltr'><strong><em>άδικωτάτης</em></strong></span> <span class='ocrx_word' id='word_1_92' title='bbox 468 2147 715 2235; x_wconf 87' lang='grc' dir='ltr'><strong><em>άκοινιυνησίας.</em></strong></span> <span class='ocrx_word' id='word_1_93' title='bbox 763 2147 847 2218; x_wconf 87' lang='grc' dir='ltr'><strong><em>άλλὰ</em></strong></span> <span class='ocrx_word' id='word_1_94' title='bbox 879 2152 958 2234; x_wconf 87' lang='grc' dir='ltr'><strong><em>περὶ</em></strong></span> <span class='ocrx_word' id='word_1_95' title='bbox 985 2156 1044 2217; x_wconf 86' lang='grc' dir='ltr'><strong><em>τοῦ</em></strong></span> <span class='ocrx_word' id='word_1_96' title='bbox 1073 2163 1259 2237; x_wconf 87' lang='grc' dir='ltr'><strong><em>μακαρίτου</em></strong></span> 
     </span>
     <span class='ocr_line' id='line_1_14' title="bbox 232 2247 1257 2335; baseline -0.001 -16"><span class='ocrx_word' id='word_1_97' title='bbox 232 2248 439 2319; x_wconf 79' lang='grc' dir='ltr'><strong><em>Ἀθανασίου</em></strong></span> <span class='ocrx_word' id='word_1_98' title='bbox 470 2252 532 2327; x_wconf 69' lang='grc' dir='ltr'><strong><em>ἕως</em></strong></span> <span class='ocrx_word' id='word_1_99' title='bbox 560 2250 707 2315; x_wconf 77' lang='grc' dir='ltr'><strong><em>ἐνταῦθα</em></strong></span> <span class='ocrx_word' id='word_1_100' title='bbox 737 2249 844 2330; x_wconf 79' lang='grc' dir='ltr'><strong><em>ἐχέτω.</em></strong></span> <span class='ocrx_word' id='word_1_101' title='bbox 891 2248 1015 2335; x_wconf 75' lang='grc' dir='ltr'><strong><em>ἐρρηθη</em></strong></span> <span class='ocrx_word' id='word_1_102' title='bbox 1038 2251 1098 2333; x_wconf 83' lang='grc' dir='ltr'><strong><em>γάρ</em></strong></span> <span class='ocrx_word' id='word_1_103' title='bbox 1121 2250 1163 2316; x_wconf 86' lang='grc' dir='ltr'><strong><em>τά</em></strong></span> <span class='ocrx_word' id='word_1_104' title='bbox 1187 2247 1257 2318; x_wconf 82' lang='grc' dir='ltr'><strong><em>κατ’</em></strong></span> 
     </span>
     <span class='ocr_line' id='line_1_15' title="bbox 236 2342 1258 2432; baseline 0 -16"><span class='ocrx_word' id='word_1_105' title='bbox 236 2347 335 2416; x_wconf 78' lang='grc' dir='ltr'><strong><em>αὐτὸν</em></strong></span> <span class='ocrx_word' id='word_1_106' title='bbox 357 2349 440 2415; x_wconf 75' lang='grc' dir='ltr'><strong><em>κατὰ</em></strong></span> <span class='ocrx_word' id='word_1_107' title='bbox 463 2347 666 2414; x_wconf 84' lang='grc' dir='ltr'><strong><em>λεπτότατον</em></strong></span> <span class='ocrx_word' id='word_1_108' title='bbox 690 2344 758 2411; x_wconf 87' lang='grc' dir='ltr'><strong><em>άνιο</em></strong></span> <span class='ocrx_word' id='word_1_109' title='bbox 782 2346 815 2412; x_wconf 83' lang='grc' dir='ltr'><strong><em>έν</em></strong></span> <span class='ocrx_word' id='word_1_110' title='bbox 838 2350 877 2432; x_wconf 84' lang='grc' dir='ltr'><strong><em>τῇ</em></strong></span> <span class='ocrx_word' id='word_1_111' title='bbox 890 2349 1056 2414; x_wconf 84' lang='grc' dir='ltr'><strong><em>Μελετίου</em></strong></span> <span class='ocrx_word' id='word_1_112' title='bbox 1079 2342 1258 2416; x_wconf 67' lang='grc' dir='ltr'><strong><em>ὑποθέσει.</em></strong></span> 
     </span>
     <span class='ocr_line' id='line_1_16' title="bbox 198 2433 1265 2530; baseline -0.001 -17"><span class='ocrx_word' id='word_1_113' title='bbox 198 2463 226 2513; x_wconf 68' lang='grc' dir='ltr'><strong><em>ιο</em></strong></span> <span class='ocrx_word' id='word_1_114' title='bbox 323 2454 370 2511; x_wconf 79' lang='lat'><strong><em>12.</em></strong></span> <span class='ocrx_word' id='word_1_115' title='bbox 396 2444 528 2527; x_wconf 80' lang='grc' dir='ltr'><strong><em>’Ἀρειος</em></strong></span> <span class='ocrx_word' id='word_1_116' title='bbox 557 2452 667 2509; x_wconf 83' lang='grc' dir='ltr'><strong><em>τοίνυν</em></strong></span> <span class='ocrx_word' id='word_1_117' title='bbox 696 2433 793 2520; x_wconf 72' lang='grc' dir='ltr'><strong><em>οὗτος</em></strong></span> <span class='ocrx_word' id='word_1_118' title='bbox 822 2444 1026 2529; x_wconf 75' lang='grc' dir='ltr'><strong><em>ε’·νεπνεάσθη</em></strong></span> <span class='ocrx_word' id='word_1_119' title='bbox 1051 2440 1117 2509; x_wconf 79' lang='grc' dir='ltr'><strong><em>άπὸ</em></strong></span> <span class='ocrx_word' id='word_1_120' title='bbox 1142 2448 1265 2530; x_wconf 90' lang='grc' dir='ltr'><strong><em>διαβο-·</em></strong></span> 
     </span>
     <span class='ocr_line' id='line_1_17' title="bbox 186 2535 1288 2630; baseline 0.004 -22"><span class='ocrx_word' id='word_1_121' title='bbox 186 2596 195 2619; x_wconf 79' lang='grc'><strong><em>,</em></strong></span> <span class='ocrx_word' id='word_1_122' title='bbox 236 2547 326 2630; x_wconf 76' lang='grc' dir='ltr'><strong><em>λικῆς</em></strong></span> <span class='ocrx_word' id='word_1_123' title='bbox 349 2544 517 2626; x_wconf 72' lang='grc' dir='ltr'><strong><em>ἐνεργείας,</em></strong></span> <span class='ocrx_word' id='word_1_124' title='bbox 541 2541 596 2606; x_wconf 83' lang='grc' dir='ltr'><strong><em>καὶ</em></strong></span> <span class='ocrx_word' id='word_1_125' title='bbox 619 2535 881 2624; x_wconf 80' lang='grc' dir='ltr'><strong><em>άθυροχλιάττως</em></strong></span> <span class='ocrx_word' id='word_1_126' title='bbox 904 2536 1093 2622; x_wconf 85' lang='grc' dir='ltr'><strong><em>άναισχυντλ</em></strong></span> <span class='ocrx_word' id='word_1_127' title='bbox 1112 2543 1288 2627; x_wconf 71' lang='grc' dir='ltr'><strong><em>φερόμε-ς</em></strong></span> 
     </span>
     <span class='ocr_line' id='line_1_18' title="bbox 237 2635 1261 2724; baseline -0.001 -16"><span class='ocrx_word' id='word_1_128' title='bbox 237 2666 292 2718; x_wconf 88' lang='grc' dir='ltr'><strong><em>νος</em></strong></span> <span class='ocrx_word' id='word_1_129' title='bbox 316 2641 434 2724; x_wconf 69' lang='grc' dir='ltr'><strong><em>ἐπῇρεν</em></strong></span> <span class='ocrx_word' id='word_1_130' title='bbox 465 2635 563 2702; x_wconf 76' lang='grc' dir='ltr'><strong><em>αὐτοῦ</em></strong></span> <span class='ocrx_word' id='word_1_131' title='bbox 587 2636 644 2721; x_wconf 72' lang='grc' dir='ltr'><strong><em>την</em></strong></span> <span class='ocrx_word' id='word_1_132' title='bbox 667 2641 814 2721; x_wconf 80' lang='grc' dir='ltr'><strong><em>γλῶτταν</em></strong></span> <span class='ocrx_word' id='word_1_133' title='bbox 837 2639 920 2703; x_wconf 89' lang='grc' dir='ltr'><strong><em>κατά</em></strong></span> <span class='ocrx_word' id='word_1_134' title='bbox 942 2642 1000 2703; x_wconf 80' lang='grc' dir='ltr'><strong><em>τοῦ</em></strong></span> <span class='ocrx_word' id='word_1_135' title='bbox 1024 2640 1110 2705; x_wconf 79' lang='grc' dir='ltr'><strong><em>ἰδίου</em></strong></span> <span class='ocrx_word' id='word_1_136' title='bbox 1133 2641 1261 2707; x_wconf 86' lang='grc' dir='ltr'><strong><em>δεσπά·</em></strong></span> 
     </span>
     <span class='ocr_line' id='line_1_19' title="bbox 237 2731 1262 2820; baseline 0.001 -17"><span class='ocrx_word' id='word_1_137' title='bbox 237 2763 311 2808; x_wconf 90' lang='grc' dir='ltr'><strong><em>του.</em></strong></span> <span class='ocrx_word' id='word_1_138' title='bbox 342 2737 377 2814; x_wconf 73' lang='grc' dir='ltr'><strong><em>ἐξ</em></strong></span> <span class='ocrx_word' id='word_1_139' title='bbox 399 2731 497 2820; x_wconf 77' lang='grc' dir='ltr'><strong><em>ἀρχῆς</em></strong></span> <span class='ocrx_word' id='word_1_140' title='bbox 520 2735 623 2817; x_wconf 71' lang='grc' dir='ltr'><strong><em>δῆθεν</em></strong></span> <span class='ocrx_word' id='word_1_141' title='bbox 646 2736 703 2818; x_wconf 77' lang='grc' dir='ltr'><strong><em>τὴν</em></strong></span> <span class='ocrx_word' id='word_1_142' title='bbox 727 2735 820 2817; x_wconf 80' lang='grc' dir='ltr'><strong><em>παρὰ</em></strong></span> <span class='ocrx_word' id='word_1_143' title='bbox 841 2739 888 2819; x_wconf 77' lang='grc' dir='ltr'><strong><em>τῷ</em></strong></span> <span class='ocrx_word' id='word_1_144' title='bbox 911 2737 1103 2819; x_wconf 80' lang='grc' dir='ltr'><strong><em>Σολομῶντι</em></strong></span> <span class='ocrx_word' id='word_1_145' title='bbox 1127 2737 1161 2803; x_wconf 77' lang='grc' dir='ltr'><strong><em>έν</em></strong></span> <span class='ocrx_word' id='word_1_146' title='bbox 1183 2750 1262 2818; x_wconf 80' lang='grc' dir='ltr'><strong><em>ταῒς</em></strong></span> 
     </span>
     <span class='ocr_line' id='line_1_20' title="bbox 239 2829 1261 2917; baseline 0.003 -18"><span class='ocrx_word' id='word_1_147' title='bbox 239 2830 338 2899; x_wconf 83' lang='grc' dir='ltr'><strong><em>αὐτοῦ</em></strong></span> <span class='ocrx_word' id='word_1_148' title='bbox 369 2829 565 2913; x_wconf 84' lang='grc' dir='ltr'><strong><em>παροιμίαις</em></strong></span> <span class='ocrx_word' id='word_1_149' title='bbox 595 2834 719 2908; x_wconf 78' lang='grc' dir='ltr'><strong><em>λέξεσιν</em></strong></span> <span class='ocrx_word' id='word_1_150' title='bbox 749 2834 945 2917; x_wconf 79' lang='grc' dir='ltr'><strong><em>ἑρμηνεῦσαι</em></strong></span> <span class='ocrx_word' id='word_1_151' title='bbox 972 2833 1189 2916; x_wconf 86' lang='grc' dir='ltr'><strong><em>βουλόμενος,</em></strong></span> <span class='ocrx_word' id='word_1_152' title='bbox 1221 2836 1261 2902; x_wconf 88' lang='grc' dir='ltr'><strong><em>τὸ</em></strong></span> 
     </span>
     <span class='ocr_line' id='line_1_21' title="bbox 198 2925 1263 3014; baseline 0.003 -19"><span class='ocrx_word' id='word_1_153' title='bbox 198 2928 278 2996; x_wconf 77' lang='grc' dir='ltr'>20“ὑ</span> <span class='ocrx_word' id='word_1_154' title='bbox 300 2930 411 3011; x_wconf 80' lang='grc' dir='ltr'><strong><em>κύριος</em></strong></span> <span class='ocrx_word' id='word_1_155' title='bbox 434 2929 539 2994; x_wconf 75' lang='grc' dir='ltr'><strong><em>ἕκτισέ</em></strong></span> <span class='ocrx_word' id='word_1_156' title='bbox 561 2955 602 3010; x_wconf 87' lang='grc' dir='ltr'><strong><em>με</em></strong></span> <span class='ocrx_word' id='word_1_157' title='bbox 625 2925 723 3014; x_wconf 73' lang='grc' dir='ltr'><strong><em>ἀρχὴν</em></strong></span> <span class='ocrx_word' id='word_1_158' title='bbox 747 2925 832 2994; x_wconf 75' lang='grc' dir='ltr'><strong><em>ὁδῶν</em></strong></span> <span class='ocrx_word' id='word_1_159' title='bbox 856 2925 972 3008; x_wconf 81' lang='grc' dir='ltr'><strong><em>αὐτοῦ,</em></strong></span> <span class='ocrx_word' id='word_1_160' title='bbox 1003 2930 1069 3013; x_wconf 84' lang='grc' dir='ltr'><strong><em>πρὸ</em></strong></span> <span class='ocrx_word' id='word_1_161' title='bbox 1092 2935 1151 2995; x_wconf 82' lang='grc' dir='ltr'><strong><em>τοῦ</em></strong></span> <span class='ocrx_word' id='word_1_162' title='bbox 1176 2933 1263 2999; x_wconf 72' lang='lat'>6616-</span> 
     </span>
     <span class='ocr_line' id='line_1_22' title="bbox 240 3022 1261 3115; baseline 0.002 -21"><span class='ocrx_word' id='word_1_163' title='bbox 240 3052 295 3106; x_wconf 87' lang='grc' dir='ltr'><strong><em>νος</em></strong></span> <span class='ocrx_word' id='word_1_164' title='bbox 318 3028 520 3110; x_wconf 83' lang='grc' dir='ltr'><strong><em>έθεμελίωσέ</em></strong></span> <span class='ocrx_word' id='word_1_165' title='bbox 542 3052 591 3108; x_wconf 87' lang='grc' dir='ltr'><strong><em>με.</em></strong></span> <span class='ocrx_word' id='word_1_166' title='bbox 623 3026 656 3090; x_wconf 76' lang='grc' dir='ltr'><strong><em>ἓν</em></strong></span> <span class='ocrx_word' id='word_1_167' title='bbox 680 3022 760 3112; x_wconf 74' lang='grc' dir='ltr'><strong><em>άρχῇ</em></strong></span> <span class='ocrx_word' id='word_1_168' title='bbox 784 3026 851 3110; x_wconf 89' lang='grc' dir='ltr'><strong><em>πρὸ</em></strong></span> <span class='ocrx_word' id='word_1_169' title='bbox 874 3030 931 3092; x_wconf 82' lang='grc' dir='ltr'><strong><em>τοῦ</em></strong></span> <span class='ocrx_word' id='word_1_170' title='bbox 955 3026 1012 3111; x_wconf 65' lang='grc' dir='ltr'><strong><em>τὴν</em></strong></span> <span class='ocrx_word' id='word_1_171' title='bbox 1030 3031 1088 3114; x_wconf 73' lang='grc' dir='ltr'><strong><em>γῆν</em></strong></span> <span class='ocrx_word' id='word_1_172' title='bbox 1105 3033 1261 3115; x_wconf 73' lang='grc' dir='ltr'><strong><em>ποιῆσαι,</em></strong></span> 
     </span>
     <span class='ocr_line' id='line_1_23' title="bbox 238 3117 1265 3211; baseline 0 -18"><span class='ocrx_word' id='word_1_173' title='bbox 238 3129 294 3193; x_wconf 84' lang='grc' dir='ltr'><strong><em>καὶ</em></strong></span> <span class='ocrx_word' id='word_1_174' title='bbox 322 3123 388 3207; x_wconf 87' lang='grc' dir='ltr'><strong><em>πρὸ</em></strong></span> <span class='ocrx_word' id='word_1_175' title='bbox 417 3127 475 3189; x_wconf 83' lang='grc' dir='ltr'><strong><em>τοῦ</em></strong></span> <span class='ocrx_word' id='word_1_176' title='bbox 504 3123 562 3201; x_wconf 88' lang='grc' dir='ltr'><strong><em>τάς</em></strong></span> <span class='ocrx_word' id='word_1_177' title='bbox 589 3117 754 3205; x_wconf 78' lang='grc' dir='ltr'><strong><em>ἀβύσσους</em></strong></span> <span class='ocrx_word' id='word_1_178' title='bbox 777 3127 934 3209; x_wconf 76' lang='grc' dir='ltr'><strong><em>ποιῆσαι,</em></strong></span> <span class='ocrx_word' id='word_1_179' title='bbox 966 3125 1032 3206; x_wconf 88' lang='grc' dir='ltr'><strong><em>πρὸ</em></strong></span> <span class='ocrx_word' id='word_1_180' title='bbox 1056 3129 1114 3190; x_wconf 83' lang='grc' dir='ltr'><strong><em>τοῦ</em></strong></span> <span class='ocrx_word' id='word_1_181' title='bbox 1137 3130 1265 3211; x_wconf 85' lang='grc' dir='ltr'><strong><em>προελ-</em></strong></span> 
     </span>
     <span class='ocr_line' id='line_1_24' title="bbox 240 3216 1264 3308; baseline 0 -18"><span class='ocrx_word' id='word_1_182' title='bbox 240 3231 316 3290; x_wconf 83' lang='grc' dir='ltr'><strong><em>θείν</em></strong></span> <span class='ocrx_word' id='word_1_183' title='bbox 339 3222 398 3300; x_wconf 85' lang='grc' dir='ltr'><strong><em>τάς</em></strong></span> <span class='ocrx_word' id='word_1_184' title='bbox 420 3223 528 3305; x_wconf 80' lang='grc' dir='ltr'><strong><em>πηγάς</em></strong></span> <span class='ocrx_word' id='word_1_185' title='bbox 549 3224 615 3286; x_wconf 84' lang='grc' dir='ltr'><strong><em>τῶν</em></strong></span> <span class='ocrx_word' id='word_1_186' title='bbox 638 3216 782 3298; x_wconf 80' lang='grc' dir='ltr'><strong><em>ὑδάτων,</em></strong></span> <span class='ocrx_word' id='word_1_187' title='bbox 808 3221 875 3302; x_wconf 85' lang='grc' dir='ltr'><strong><em>πρὸ</em></strong></span> <span class='ocrx_word' id='word_1_188' title='bbox 891 3225 949 3286; x_wconf 81' lang='grc' dir='ltr'><strong><em>τοῦ</em></strong></span> <span class='ocrx_word' id='word_1_189' title='bbox 967 3221 1025 3306; x_wconf 81' lang='grc' dir='ltr'><strong><em>ὄρη</em></strong></span> <span class='ocrx_word' id='word_1_190' title='bbox 1042 3223 1264 3308; x_wconf 71' lang='grc' dir='ltr'><strong><em>ἑδρασθῆναι,</em></strong></span> 
     </span>
     <span class='ocr_line' id='line_1_25' title="bbox 240 3316 1265 3406; baseline 0.003 -21"><span class='ocrx_word' id='word_1_191' title='bbox 240 3320 306 3402; x_wconf 87' lang='grc' dir='ltr'><strong><em>πρὸ</em></strong></span> <span class='ocrx_word' id='word_1_192' title='bbox 330 3322 364 3385; x_wconf 85' lang='grc' dir='ltr'><strong><em>δὲ</em></strong></span> <span class='ocrx_word' id='word_1_193' title='bbox 388 3320 523 3385; x_wconf 87' lang='grc' dir='ltr'><strong><em>πάντων</em></strong></span> <span class='ocrx_word' id='word_1_194' title='bbox 545 3320 672 3400; x_wconf 80' lang='grc' dir='ltr'><strong><em>βουνιῦν</em></strong></span> <span class='ocrx_word' id='word_1_195' title='bbox 695 3321 791 3403; x_wconf 78' lang='grc' dir='ltr'><strong><em>γεννᾷ</em></strong></span> <span class='ocrx_word' id='word_1_196' title='bbox 812 3321 878 3400; x_wconf 86' lang='grc' dir='ltr'><strong><em>με·”.</em></strong></span> <span class='ocrx_word' id='word_1_197' title='bbox 915 3319 1012 3386; x_wconf 74' lang='grc' dir='ltr'><strong><em>ἔνθεν</em></strong></span> <span class='ocrx_word' id='word_1_198' title='bbox 1035 3316 1124 3406; x_wconf 77' lang='grc' dir='ltr'><strong><em>αὐτῷ</em></strong></span> <span class='ocrx_word' id='word_1_199' title='bbox 1148 3316 1167 3406; x_wconf 82' lang='grc' dir='ltr'><strong><em>ἡ</em></strong></span> <span class='ocrx_word' id='word_1_200' title='bbox 1192 3322 1265 3388; x_wconf 82' lang='grc' dir='ltr'><strong><em>εἶσ-</em></strong></span> 
     </span>
     <span class='ocr_line' id='line_1_26' title="bbox 201 3411 1266 3503; baseline 0.002 -20"><span class='ocrx_word' id='word_1_201' title='bbox 201 3415 349 3501; x_wconf 66' lang='grc' dir='ltr'><strong><em>χεαχωχὴ</em></strong></span> <span class='ocrx_word' id='word_1_202' title='bbox 378 3420 436 3500; x_wconf 72' lang='grc' dir='ltr'><strong><em>τῆς</em></strong></span> <span class='ocrx_word' id='word_1_203' title='bbox 461 3414 588 3501; x_wconf 84' lang='grc' dir='ltr'><strong><em>πλάνης</em></strong></span> <span class='ocrx_word' id='word_1_204' title='bbox 610 3421 786 3502; x_wconf 85' lang='grc' dir='ltr'><strong><em>χεχένηται.</em></strong></span> <span class='ocrx_word' id='word_1_205' title='bbox 832 3415 886 3480; x_wconf 83' lang='grc' dir='ltr'><strong><em>καί</em></strong></span> <span class='ocrx_word' id='word_1_206' title='bbox 910 3411 967 3482; x_wconf 80' lang='grc' dir='ltr'><strong><em>οάκ</em></strong></span> <span class='ocrx_word' id='word_1_207' title='bbox 989 3412 1127 3503; x_wconf 77' lang='grc' dir='ltr'><strong><em>ᾐδέσθη,</em></strong></span> <span class='ocrx_word' id='word_1_208' title='bbox 1151 3421 1205 3485; x_wconf 80' lang='grc' dir='ltr'><strong><em>καί</em></strong></span> <span class='ocrx_word' id='word_1_209' title='bbox 1232 3421 1266 3486; x_wconf 85' lang='grc' dir='ltr'><strong><em>ολ</em></strong></span> 
     </span>
     <span class='ocr_line' id='line_1_27' title="bbox 242 3509 1290 3633; baseline 0.003 -53"><span class='ocrx_word' id='word_1_210' title='bbox 242 3509 343 3580; x_wconf 77' lang='grc' dir='ltr'><strong><em>αὐτοῦ</em></strong></span> <span class='ocrx_word' id='word_1_211' title='bbox 371 3513 539 3633; x_wconf 78' lang='grc' dir='ltr'><strong><em>μαθηταὶ,</em></strong></span> <span class='ocrx_word' id='word_1_212' title='bbox 568 3519 688 3596; x_wconf 88' lang='grc' dir='ltr'><strong><em>κτίσμα</em></strong></span> <span class='ocrx_word' id='word_1_213' title='bbox 711 3509 892 3578; x_wconf 81' lang='grc' dir='ltr'><strong><em>ἀποκαλεῖν</em></strong></span> <span class='ocrx_word' id='word_1_214' title='bbox 915 3512 971 3578; x_wconf 89' lang='grc' dir='ltr'><strong><em>τὸν</em></strong></span> <span class='ocrx_word' id='word_1_215' title='bbox 994 3515 1036 3580; x_wconf 88' lang='grc' dir='ltr'><strong><em>τά</em></strong></span> <span class='ocrx_word' id='word_1_216' title='bbox 1058 3516 1169 3581; x_wconf 89' lang='grc' dir='ltr'><strong><em>πάντα</em></strong></span> <span class='ocrx_word' id='word_1_217' title='bbox 1191 3525 1290 3591; x_wconf 77' lang='grc' dir='ltr'><strong><em>κτλ-ιι</em></strong></span> 
     </span>
     <span class='ocr_line' id='line_1_28' title="bbox 243 3605 1267 3727; baseline 0.001 -48"><span class='ocrx_word' id='word_1_218' title='bbox 243 3636 356 3688; x_wconf 92' lang='grc' dir='ltr'><strong><em>σαντα,</em></strong></span> <span class='ocrx_word' id='word_1_219' title='bbox 381 3609 438 3674; x_wconf 88' lang='grc' dir='ltr'><strong><em>τὸν</em></strong></span> <span class='ocrx_word' id='word_1_220' title='bbox 461 3610 494 3675; x_wconf 79' lang='grc' dir='ltr'><strong><em>ἐκ</em></strong></span> <span class='ocrx_word' id='word_1_221' title='bbox 517 3609 645 3694; x_wconf 85' lang='grc' dir='ltr'><strong><em>πατρὸς</em></strong></span> <span class='ocrx_word' id='word_1_222' title='bbox 667 3605 812 3726; x_wconf 83' lang='grc' dir='ltr'><strong><em>άχρδνως</em></strong></span> <span class='ocrx_word' id='word_1_223' title='bbox 834 3614 887 3676; x_wconf 82' lang='grc' dir='ltr'><strong><em>καὶ</em></strong></span> <span class='ocrx_word' id='word_1_224' title='bbox 899 3605 1059 3727; x_wconf 88' lang='grc' dir='ltr'><strong><em>άνάρχως</em></strong></span> <span class='ocrx_word' id='word_1_225' title='bbox 1073 3621 1267 3699; x_wconf 85' lang='grc' dir='ltr'><strong><em>χεχεννημέ-</em></strong></span> 
     </span>
     <span class='ocr_line' id='line_1_29' title="bbox 244 3703 1269 3825; baseline 0.001 -48"><span class='ocrx_word' id='word_1_226' title='bbox 244 3734 299 3777; x_wconf 92' lang='grc' dir='ltr'><strong><em>νον</em></strong></span> <span class='ocrx_word' id='word_1_227' title='bbox 330 3709 435 3791; x_wconf 87' lang='grc' dir='ltr'><strong><em>λάχον.</em></strong></span> <span class='ocrx_word' id='word_1_228' title='bbox 482 3705 602 3772; x_wconf 85' lang='grc' dir='ltr'><strong><em>λοιπὸν</em></strong></span> <span class='ocrx_word' id='word_1_229' title='bbox 626 3703 701 3772; x_wconf 84' lang='grc' dir='ltr'><strong><em>δὲ</em></strong></span> <span class='ocrx_word' id='word_1_230' title='bbox 684 3707 753 3772; x_wconf 84' lang='grc' dir='ltr'><strong><em>απὸ</em></strong></span> <span class='ocrx_word' id='word_1_231' title='bbox 775 3711 834 3772; x_wconf 84' lang='grc' dir='ltr'><strong><em>τοῦ</em></strong></span> <span class='ocrx_word' id='word_1_232' title='bbox 858 3708 930 3825; x_wconf 78' lang='grc' dir='ltr'><strong><em>ἑνὸς</em></strong></span> <span class='ocrx_word' id='word_1_233' title='bbox 951 3707 1070 3774; x_wconf 80' lang='grc' dir='ltr'><strong><em>τούτοιν</em></strong></span> <span class='ocrx_word' id='word_1_234' title='bbox 1094 3708 1193 3794; x_wconf 87' lang='grc' dir='ltr'><strong><em>λάχου</em></strong></span> <span class='ocrx_word' id='word_1_235' title='bbox 1199 3714 1269 3816; x_wconf 87' lang='grc' dir='ltr'><strong><em>είς</em></strong></span> 
     </span>
     <span class='ocr_line' id='line_1_30' title="bbox 244 3790 1269 3893; baseline 0.003 -20"><span class='ocrx_word' id='word_1_236' title='bbox 244 3806 372 3884; x_wconf 86' lang='grc' dir='ltr'><strong><em>πολλὰς</em></strong></span> <span class='ocrx_word' id='word_1_237' title='bbox 394 3807 446 3870; x_wconf 80' lang='grc' dir='ltr'><strong><em>καὶ</em></strong></span> <span class='ocrx_word' id='word_1_238' title='bbox 469 3803 569 3880; x_wconf 85' lang='grc' dir='ltr'><strong><em>κακὰς</em></strong></span> <span class='ocrx_word' id='word_1_239' title='bbox 591 3829 629 3886; x_wconf 89' lang='grc' dir='ltr'><strong><em>τρ</em></strong></span> <span class='ocrx_word' id='word_1_240' title='bbox 632 3805 776 3886; x_wconf 86' lang='grc' dir='ltr'><strong><em>ίβοοςλ</em></strong></span> <span class='ocrx_word' id='word_1_241' title='bbox 746 3829 759 3869; x_wconf 85' lang='grc' dir='ltr'><strong><em>ε</em></strong></span> <span class='ocrx_word' id='word_1_242' title='bbox 773 3805 867 3881; x_wconf 91' lang='grc' dir='ltr'><strong><em>ά.σας</em></strong></span> <span class='ocrx_word' id='word_1_243' title='bbox 888 3806 946 3889; x_wconf 74' lang='grc' dir='ltr'><strong><em>τὴν</em></strong></span> <span class='ocrx_word' id='word_1_244' title='bbox 969 3806 1087 3871; x_wconf 78' lang='grc' dir='ltr'><strong><em>ἑαυτοῦ</em></strong></span> <span class='ocrx_word' id='word_1_245' title='bbox 1105 3790 1269 3893; x_wconf 80' lang='grc' dir='ltr'><strong><em>κακότρο-</em></strong></span> 
     </span>
     <span class='ocr_line' id='line_1_31' title="bbox 204 3896 1270 3989; baseline 0.002 -18"><span class='ocrx_word' id='word_1_246' title='bbox 204 3922 309 3971; x_wconf 81' lang='grc' dir='ltr'><strong><em>3οπον</em></strong></span> <span class='ocrx_word' id='word_1_247' title='bbox 331 3901 472 3989; x_wconf 84' lang='grc' dir='ltr'><strong><em>χνάμην,</em></strong></span> <span class='ocrx_word' id='word_1_248' title='bbox 495 3904 547 3967; x_wconf 84' lang='grc' dir='ltr'><strong><em>καὶ</em></strong></span> <span class='ocrx_word' id='word_1_249' title='bbox 573 3925 604 3966; x_wconf 93' lang='grc' dir='ltr'><strong><em>οι</em></strong></span> <span class='ocrx_word' id='word_1_250' title='bbox 595 3896 679 3965; x_wconf 77' lang='grc' dir='ltr'><strong><em>ἀπ’</em></strong></span> <span class='ocrx_word' id='word_1_251' title='bbox 699 3897 799 3966; x_wconf 80' lang='grc' dir='ltr'><strong><em>αὐτοῦ</em></strong></span> <span class='ocrx_word' id='word_1_252' title='bbox 816 3901 965 3984; x_wconf 89' lang='grc' dir='ltr'><strong><em>διάδοχοι</em></strong></span> <span class='ocrx_word' id='word_1_253' title='bbox 980 3914 1091 3985; x_wconf 87' lang='grc' dir='ltr'><strong><em>μυρία,</em></strong></span> <span class='ocrx_word' id='word_1_254' title='bbox 1114 3907 1168 3970; x_wconf 82' lang='grc' dir='ltr'><strong><em>καί</em></strong></span> <span class='ocrx_word' id='word_1_255' title='bbox 1187 3905 1270 3974; x_wconf 79' lang='grc' dir='ltr'><strong><em>έπέ-</em></strong></span> 
     </span>
     <span class='ocr_line' id='line_1_32' title="bbox 243 3998 1270 4086; baseline 0.005 -20"><span class='ocrx_word' id='word_1_256' title='bbox 243 4027 334 4067; x_wconf 90' lang='grc' dir='ltr'><strong><em>κεινα</em></strong></span> <span class='ocrx_word' id='word_1_257' title='bbox 357 4026 403 4077; x_wconf 88' lang='grc' dir='ltr'><strong><em>εις</em></strong></span> <span class='ocrx_word' id='word_1_258' title='bbox 424 3999 482 4065; x_wconf 87' lang='grc' dir='ltr'><strong><em>τὸν</em></strong></span> <span class='ocrx_word' id='word_1_259' title='bbox 506 3998 576 4063; x_wconf 82' lang='grc' dir='ltr'><strong><em>υἱὸν</em></strong></span> <span class='ocrx_word' id='word_1_260' title='bbox 597 4002 656 4063; x_wconf 83' lang='grc' dir='ltr'><strong><em>τοῦ</em></strong></span> <span class='ocrx_word' id='word_1_261' title='bbox 679 4001 778 4074; x_wconf 79' lang='grc' dir='ltr'><strong><em>θεοῦ,</em></strong></span> <span class='ocrx_word' id='word_1_262' title='bbox 808 3999 860 4061; x_wconf 82' lang='grc' dir='ltr'><strong><em>καὶ</em></strong></span> <span class='ocrx_word' id='word_1_263' title='bbox 885 4022 931 4075; x_wconf 84' lang='grc' dir='ltr'><strong><em>εις</em></strong></span> <span class='ocrx_word' id='word_1_264' title='bbox 953 4001 991 4063; x_wconf 87' lang='grc' dir='ltr'><strong><em>τὸ</em></strong></span> <span class='ocrx_word' id='word_1_265' title='bbox 1013 3998 1108 4085; x_wconf 80' lang='grc' dir='ltr'><strong><em>ἅγιον</em></strong></span> <span class='ocrx_word' id='word_1_266' title='bbox 1131 4005 1270 4086; x_wconf 80' lang='grc' dir='ltr'><strong><em>πνεῦμα</em></strong></span> 
     </span>
     <span class='ocr_line' id='line_1_33' title="bbox 244 4095 1268 4183; baseline 0.005 -22"><span class='ocrx_word' id='word_1_267' title='bbox 244 4098 483 4182; x_wconf 79' lang='grc' dir='ltr'><strong><em>βλασφημῆσαι</em></strong></span> <span class='ocrx_word' id='word_1_268' title='bbox 507 4096 730 4182; x_wconf 76' lang='grc' dir='ltr'><strong><em>ἐπεχείρησαν.</em></strong></span> <span class='ocrx_word' id='word_1_269' title='bbox 776 4095 965 4173; x_wconf 86' lang='grc' dir='ltr'><strong><em>παρέλυσαν</em></strong></span> <span class='ocrx_word' id='word_1_270' title='bbox 996 4099 1046 4176; x_wconf 76' lang='grc' dir='ltr'><strong><em>δὲ,</em></strong></span> <span class='ocrx_word' id='word_1_271' title='bbox 1078 4095 1123 4176; x_wconf 80' lang='grc' dir='ltr'><strong><em>ως</em></strong></span> <span class='ocrx_word' id='word_1_272' title='bbox 1145 4099 1268 4183; x_wconf 78' lang='grc' dir='ltr'><strong><em>εἰπεῖν,</em></strong></span> 
     </span>
     <span class='ocr_line' id='line_1_34' title="bbox 245 4186 1271 4279; baseline 0.013 -26"><span class='ocrx_word' id='word_1_273' title='bbox 245 4191 283 4253; x_wconf 88' lang='grc' dir='ltr'><strong><em>τὸ</em></strong></span> <span class='ocrx_word' id='word_1_274' title='bbox 312 4204 431 4277; x_wconf 79' lang='grc' dir='ltr'><strong><em>στῖφος</em></strong></span> <span class='ocrx_word' id='word_1_275' title='bbox 459 4198 511 4261; x_wconf 80' lang='grc' dir='ltr'><strong><em>καί</em></strong></span> <span class='ocrx_word' id='word_1_276' title='bbox 541 4193 598 4279; x_wconf 77' lang='grc' dir='ltr'><strong><em>τὴν</em></strong></span> <span class='ocrx_word' id='word_1_277' title='bbox 622 4189 780 4276; x_wconf 84' lang='grc' dir='ltr'><strong><em>ὁμόνοιαν</em></strong></span> <span class='ocrx_word' id='word_1_278' title='bbox 802 4192 860 4273; x_wconf 69' lang='grc' dir='ltr'><strong><em>τῆς</em></strong></span> <span class='ocrx_word' id='word_1_279' title='bbox 883 4186 978 4275; x_wconf 87' lang='grc' dir='ltr'><strong><em>άχίας</em></strong></span> <span class='ocrx_word' id='word_1_280' title='bbox 999 4199 1052 4261; x_wconf 78' lang='grc' dir='ltr'><strong><em>καὶ</em></strong></span> <span class='ocrx_word' id='word_1_281' title='bbox 1077 4190 1271 4279; x_wconf 82' lang='grc' dir='ltr'><strong><em>δρθοδόξοο</em></strong></span> 
     </span>
    </p>
   </div>
   <div class='ocr_carea' id='block_1_3' title="bbox 0 0 1438 5084">
    <p class='ocr_par' dir='ltr' id='par_1_3' title="bbox 0 0 1438 5084">
     <span class='ocr_line' id='line_1_35' title="bbox 0 0 1438 5084; baseline 0 2"><span class='ocrx_word' id='word_1_282' title='bbox 0 0 1438 5084; x_wconf 95' lang='lat' dir='ltr'><strong><em> </em></strong></span> 
     </span>
    </p>
   </div>
  </div>
 </body>
</html>
