2867 5084
573 968 747 1018 celerino.
992 928 995 935 ’
1157 971 1172 1011 v

157 1122 185 1178 de
207 1139 261 1195 que
284 1139 338 1177 non
362 1121 570 1195 desperandum.
610 1122 646 1177 lle
669 1122 792 1177 codicum
816 1125 936 1179 omniurn
959 1123 1055 1196 primo,
1080 1123 1106 1179 id
1129 1133 1173 1180 est

156 1225 185 1262 eo
206 1224 286 1279 quiem
310 1207 476 1280 Epiphanius
500 1208 557 1281 ipse
580 1208 652 1261 loros
675 1207 758 1270 dedit,
789 1216 892 1263 tantum
917 1209 1017 1263 scimus
1040 1218 1171 1280 quantum

154 1293 277 1347 extremis
294 1292 398 1346 Panarii
422 1292 510 1346 verbis
529 1291 654 1364 prodidit,
680 1291 725 1346 nbi
749 1288 848 1364 gratias
871 1293 925 1365 egit
948 1293 1040 1348 amicis
1063 1294 1172 1350 duobus

152 1379 195 1450 qui
219 1376 387 1431 utilissimam
411 1378 436 1431 in
464 1377 570 1432 edendo
594 1376 707 1431 Panaeio
735 1394 844 1449 operam
876 1379 1075 1450 praestiterint:
1100 1395 1172 1450 que·

151 1479 210 1516 rum
235 1461 304 1515 alter
326 1461 464 1516 Anatolins
488 1462 547 1521 luit,
577 1453 593 1517 ὃ
616 1452 669 1516 ded
698 1479 728 1516 ce
758 1457 893 1534 σημείων
922 1458 972 1516 καὶ
1001 1457 1173 1538 σχεδαρίων

150 1540 187 1601 τὰ
210 1540 291 1600 κατὰ
314 1548 375 1601 τῶν
389 1538 535 1621 αἱρέσεων
551 1536 675 1610 τούτων,
701 1547 760 1601 τῶν
775 1537 964 1620 dpd'op'xoere‘
980 1563 1069 1622 φημι,
1091 1542 1171 1618 perd

150 1628 265 1686 nattes
296 1622 436 1701 καμάτου
464 1629 512 1684 καὶ
543 1624 750 1705 προαιρέσεως
777 1627 941 1703 καλλίστης
970 1624 1090 1706 γράψαι
1120 1629 1171 1687 καὶ

150 1708 390 1787 διορθώσασθαι
414 1710 633 1782 καταξιωθείς,
667 1717 736 1770 alter
764 1715 908 1787 llypatiuS,
942 1708 957 1771 ὁ
987 1707 1172 1787 τιμιώτατος

150 1791 360 1866 oerdrduevoe,
384 1792 399 1855 d
424 1792 477 1872 τὴν
497 1794 700 1874 μεταγραφὴν
723 1794 784 1854 ἀπὸ
801 1801 862 1855 τῶν
876 1796 1048 1875 σχεδαρίων
1069 1795 1100 1857 ἓν
1121 1820 1171 1857 ce-

148 1879 239 1961 τράσι
256 1888 285 1940 ti.
296 1903 320 1939 e.
337 1885 574 1957 quaternionilmst
590 1875 804 1959 ποιησάμενος.
839 1885 896 1939 lloc
919 1886 1002 1957 igitur
1024 1887 1169 1958 exemplar,

148 1971 220 2044 qnod
245 1969 437 2042 exemplarium
467 1971 650 2042 posteriorum
681 1970 801 2026 emnium
824 1969 1008 2043 [archetypum
1038 1972 1102 2033 luit,
1137 1972 1170 2026 ad

149 2056 274 2109 ,leucium
297 2065 324 2109 et
339 2054 461 2116 Paulum,
486 2072 602 2128 quorum
626 2056 739 2111 cerisilie
764 2056 836 2110 laune
859 2054 980 2111 laborem
1002 2066 1170 2127 susceperat,

149 2140 220 2194 misit
238 2139 412 2213 Epiphanius,
437 2149 467 2194 ut
483 2157 515 2194 ex
531 2141 674 2195 Prooemio
690 2140 851 2213 intelligitur
866 2141 917 2196 vol.
935 2144 960 2197 l.
984 2160 1010 2213 p.
1023 2143 1169 2215 263scqq.

151 2225 223 2297 Opus
247 2233 335 2279 totum
358 2225 428 2279 intra
452 2233 507 2280 tres
531 2225 586 2280 lere
609 2242 694 2280 onries
717 2226 904 2297 composuisse
922 2226 1034 2290 videtur,
1059 2225 1091 2281 de
1114 2243 1169 2299 quo

148 2310 200 2363 dixi
223 2310 250 2363 in
273 2313 372 2363 slnnot.
395 2308 447 2365 vol.
470 2313 494 2365 l.
517 2327 544 2383 p.
563 2312 634 2367 370.
664 2319 691 2363 ct
714 2310 750 2363 ita
773 2309 881 2380 quidem
916 2319 945 2365 ut
968 2310 1088 2381 singulas
1111 2311 1170 2365 cius
1231 2372 1233 2379 ¹

150 2403 240 2466 partes
264 2394 327 2448 alias
350 2393 402 2448 alio
427 2403 549 2467 ternpore
578 2395 605 2447 in
629 2393 743 2448 schedas
767 2393 922 2454 coniicerm,
957 2411 1023 2466 quas
1047 2403 1171 2465 postom-

149 2479 211 2533 dnm
242 2476 366 2532 Anatolio
395 2478 504 2533 tradidit
533 2487 562 2532 ut
592 2478 742 2548 corrigeret
771 2486 799 2532 et
824 2477 849 2531 in
879 2477 1000 2532 ordinem
1025 2477 1170 2549 redigeret.

150 2563 208 2630 Ques
232 2563 302 2617 laete
319 2562 458 2634 Hypatius,
482 2563 638 2634 calligraphi
662 2562 751 2617 eltieio
769 2562 886 2625 iunctus,
912 2572 997 2617 totum
1017 2578 1085 2635 epus
1102 2580 1172 2618 con-

152 2649 224 2702 tinua
248 2647 376 2701 loliorum
399 2650 469 2702 serie
493 2647 688 2720 transscripsit.

232 2731 287 2786 Sed
317 2733 399 2787 redeo
428 2732 461 2787 ad
489 2731 573 2786 lilires
602 2732 774 2803 superstites,
804 2748 921 2802 euenum
949 2731 982 2787 de
1016 2731 1171 2787 conditione

124 2834 217 2894 'qnae
253 2833 334 2889 supra
369 2817 395 2871 in
425 2816 580 2871 uiiieersnm
616 2816 738 2871 dicebam
773 2817 852 2871 etiem
888 2817 945 2870 aliis
975 2816 1171 2872 confirmantur

149 2901 327 2964 documentis,
351 2899 450 2974 quilius
474 2901 608 2957 inlerioris
631 2901 726 2956 aetatis
743 2900 866 2956 codicum
882 2900 1053 2972 corruptelae
1077 2910 1104 2956 et
1127 2901 1170 2955 in-

149 2987 344 3058 terpolationes
367 2986 523 3041 certissimis
547 2987 657 3058 coargui
681 2985 832 3041 rationibus
849 2994 974 3058 possunt,
997 2985 1064 3040 loeis
1080 2986 1171 3057 primi·

148 3068 206 3126 lelis
230 3072 302 3125 inter
325 3087 354 3125 se
377 3073 549 3142 comparatis.
588 3071 653 3125 Nam
677 3088 760 3143 quarm
777 3070 942 3143 Epiphanius
957 3070 1017 3142 ipse
1034 3071 1171 3141 longiores

148 3154 281 3212 librorum
304 3173 416 3210 snorum
440 3156 516 3212 locos
544 3156 679 3211 interdum
709 3155 881 3228 repetiverit,
916 3154 965 3210 alia
995 3171 1027 3208 en
1055 3154 1170 3210 aliorum

149 3242 257 3313 scriptis
287 3257 356 3313 clerae
386 3242 532 3298 etiamnum
555 3250 704 3314 supersunt
726 3239 941 3312 deprompserit,
972 3238 1012 3294 vel
1035 3239 1079 3294 alii
1102 3257 1170 3311 iprae

147 3326 180 3379 ali
197 3325 347 3398 Epiphanio
372 3326 441 3381 dieta
465 3334 542 3381 erant
564 3326 759 3398 excerpserunt,
782 3322 906 3381 instituta
922 3323 1077 3379 huiusmodi
1093 3324 1171 3380 loen·

147 3427 207 3465 rum
231 3411 434 3482 comparatione
456 3428 537 3482 seepe
561 3428 621 3465 vera
637 3409 792 3481 iirvestigari
808 3411 941 3481 scriptura
958 3417 1058 3482 potest.
1096 3409 1171 3465 Licet

147 3496 219 3550 enlm
243 3495 344 3549 librarii
367 3495 410 3550 illa
433 3512 542 3567 queque
565 3495 654 3549 euteria
676 3512 730 3549 nem
755 3496 839 3566 magis
869 3510 949 3566 qnam
978 3511 1046 3565 quae
1070 3494 1096 3548 in
1119 3495 1171 3548 l‘n-

147 3580 224 3634 nario
247 3579 378 3651 leguntur
400 3580 473 3635 cumi
496 3597 527 3635 ex
550 3589 627 3652 perte
649 3579 754 3647 integre
778 3589 805 3634 et
828 3580 984 3651 incorrupta
1001 3578 1169 3651 reliquerint.

148 3672 240 3720 tamen
264 3680 348 3736 quum
377 3680 431 3720 non
460 3665 556 3720 iisdem
585 3663 731 3736 utrobique
759 3664 846 3718 meilis
871 3663 1057 3735 peccaverint,
1089 3680 1170 3735 saepe

147 3749 234 3804 altere
257 3750 284 3804 in
307 3748 368 3805 loco
386 3749 490 3822 integra
511 3748 642 3821 leguntur
663 3765 732 3823 quiae
757 3749 782 3802 in
799 3749 884 3803 altere
908 3749 947 3803 sel
964 3750 1106 3820 depravata
1130 3747 1170 3801 sel

148 3834 254 3890 delecta
277 3835 461 3907 reperiuntur.
506 3832 663 3889 Cuiusmodi
687 3832 871 3906 exemplorum
905 3833 1008 3906 copiam
1032 3850 1114 3907 quum
1139 3850 1170 3886 ex

146 3917 370 3975 annotationibus
393 3918 495 3975 nostris
516 3918 549 3974 ad
565 3928 708 3992 utramque
725 3918 829 3973 Parrasii
845 3926 951 3992 partem
965 3928 1059 3991 petere
1082 3917 1170 3981 liceat,

147 4011 177 4059 ut
200 4005 234 4060 de
256 4004 349 4077 peiore
371 4003 423 4058 iarn
442 4004 470 4058 in
486 4003 655 4060 Praelatioue
678 4002 821 4058 voluminis
844 4002 955 4062 sectrirdi
978 4002 1081 4064 trienni,
1105 4002 1170 4058 satis

147 4085 328 4145 erit'l‘anarii
358 4088 442 4163 partis
471 4088 582 4145 alterius
612 4088 687 4143 loces
710 4088 862 4143 istiusmodi
886 4088 929 4143 liic
951 4087 1104 4141 summatim
1127 4087 1168 4140 in-

147 4172 261 4239 dicasse,
285 4172 342 4247 qui,
366 4171 474 4229 omissis
497 4172 665 4229 brevioribus
688 4188 805 4245 quorum
822 4171 912 4228 minor
933 4170 1034 4226 rutilitas
1059 4180 1100 4228 est
1123 4188 1172 4226 ex-

148 4260 258 4332 cerptis,
282 4274 398 4316 numere
420 4266 485 4315 snut
506 4274 554 4315 sex
575 4254 665 4331 paullo
687 4256 842 4330 ampliores.
