2867 5084
260 898 321 961 486
488 874 694 960 mmor
710 911 806 960 xm
824 911 1012 960 Αινατιταπ
1028 913 1056 959 ι’.

257 1061 409 1144 κόσμου,”
441 1063 495 1126 καὶ
524 1060 557 1126 ἰν
586 1059 675 1146 ἀλλην
706 1060 884 1145 *μακάριοι
907 1062 938 1126 οἰ
962 1056 1061 1146 ἁγνήν
1088 1059 1148 1149 τήν
1178 1060 1314 1145 σάρκαυ

257 1159 483 1247 τηρήσαντες.”
516 1158 676 1234 πολλάκις
699 1159 735 1224 δὲ
757 1153 824 1224 κατ’
843 1152 943 1244 αὐτῆς
965 1159 1105 1241 λέγουσα
1128 1156 1148 1243 ή
1173 1159 1281 1245 γραφί

258 1257 404 1334 ἐδίδαξεν
428 1250 512 1341 ήμῦις
534 1254 593 1332 τὰς
616 1255 801 1338 ἐπιθυμίας
823 1258 875 1321 καί
900 1252 1020 1343 ἡδονάς
1036 1254 1071 1333 ἐξ
1085 1250 1188 1344 αῦτής
1202 1258 1287 1340 βλα·

258 1353 404 1430 στάνειν,
442 1350 524 1419 κατά
553 1355 589 1419 δὲ
616 1356 674 1417 τοῦ
703 1356 760 1418 νοῦ
789 1347 884 1418 οῦδὲν
920 1352 1082 1439 ἐξηγεῖται
1108 1349 1128 1440 ή
1161 1354 1286 1440 γραφή,

233 1446 342 1542 σάλλά
372 1452 492 1533 “ψαλῶ
521 1453 567 1535 τῷ
597 1453 664 1527 νοῒ,
701 1452 800 1534 ψαλιῦ
835 1453 880 1535 τῷ
911 1450 1084 1532 πνεύματι.
1141 1450 1197 1517 καί
1229 1449 1287 1518 ἰὰν

259 1550 358 1636 ψαλῶ
374 1548 476 1613 πάλιν
492 1551 538 1632 τῶ
555 1547 728 1629 πνεύματι,
753 1543 772 1611 ό
789 1548 823 1613 δὲ·
840 1551 915 1625 νοῦς
935 1551 999 1629 μοῦ
1016 1544 1168 1631 ἀκαρπός
1183 1547 1286 1615 ε’στι.”

257 1651 310 1713 καί
335 1641 414 1732 δρᾷς
437 1642 489 1711 ὅτι
512 1645 545 1711 ἒν
569 1639 657 1729 αῦτηῦ
680 1641 807 1727 καρπός
830 1644 863 1710 ἰν
885 1647 932 1728 τῷ
958 1647 1018 1730 νῷ,
1047 1642 1106 1710 κάν
1135 1670 1172 1711 τε
1193 1645 1241 1734 μή
1265 1635 1285 1733 ᾖ

258 1742 399 1826 καρπὸς,
430 1737 468 1807 οῦ
491 1741 626 1819 πάντως
647 1740 704 1806 τὸν
734 1745 810 1807 νοῦν
838 1743 1005 1820 κατέλεξεν
1034 1741 1066 1808 ἰν
1090 1738 1284 1827 ἁμαρτίαις,

258 1836 342 1907 ἀλλὰ
365 1835 405 1904 δι’
432 1834 532 1904 αῦτοῦ
554 1840 680 1920 μᾶλλον
702 1837 760 1904 τόν
783 1838 910 1923 καρπὸν
934 1833 1140 1926 ἀπεφήνατο.

223 1952 250 2001 10
343 1942 394 2003 28.
429 1942 471 2001 Τί
494 1937 529 2000 δὲ
551 1939 648 2000 τοῦτο
672 1935 758 2019 πρὸς
779 1936 837 2024 τήν
860 1940 919 2001 τοῦ
942 1943 1054 2018 κυρίου
1068 1933 1162 2024 ήμῶν
1184 1935 1288 2003 δόνα·

257 2059 313 2118 μιν
336 2036 393 2121 τῆς
417 2032 577 2118 θεότητος
601 2032 775 2118 ἰνσκήψει,·
811 2040 845 2098 τί
874 2036 909 2100 δὲ
929 2028 1112 2121 ἠμαύρωσε
1141 2033 1201 2122 τήν
1227 2031 1288 2100 αῦ-
1299 2043 1346 2096 1022

257 2135 316 2198 τοῦ
340 2130 477 2214 δι’·ναμιν
507 2133 565 2216 τής
594 2124 688 2213 ἀγίας
710 2130 863 2213 γυναικὸς
884 2130 1025 2216 γαστήρ,·
1061 2129 1171 2219 μήτρα
1195 2157 1287 2218 παρ-

257 2235 359 2297 θένου
369 2260 379 2311 ,·
403 2231 543 2296 τοκετῶν
560 2226 678 2310 πόροις
702 2225 840 2311 ἀγκάλαι
853 2231 1044 2311 Συμεῶνος,·
1060 2226 1183 2315 ’Ἀννης
1199 2225 1288 2296 ῦπα-

260 2326 355 2415 δοχή,·
391 2332 528 2409 Μαρίας
555 2324 762 2409 βασταγμόςς
797 2329 854 2413 τής
882 2326 1008 2412 πόρνης
1036 2321 1140 2411 ἀψαίς
1176 2334 1289 2413 τρίχες

224 2423 410 2509 Ιδγνναικὸς
443 2424 557 2489 ποδιῦν
587 2417 791 2504 άπτόμεναις
829 2418 912 2489 ἀλλὰ
939 2423 981 2489 τὰ
1010 2423 1152 2507 δάκρυα,·
1199 2419 1289 2492 ἀλλὰ

258 2521 426 2609 μνήματος
448 2521 483 2586 αἱ
506 2526 636 2600 θίσεις,·
666 2519 788 2585 σινδῶν
809 2520 870 2604 γάρ
894 2521 1026 2606 εἰλήσας
1048 2519 1086 2585 τὸ
1102 2524 1202 2604 σῶμα
1227 2517 1290 2589 αῦ-

257 2621 315 2685 τοῦ
347 2615 385 2683 οῦ
416 2624 621 2702 περιεγένετο
657 2616 779 2684 ἐκείνου
814 2620 873 2682 τοῦ
903 2613 1105 2704 ἀκραιφνοῦς
1136 2621 1194 2685 καί
1229 2623 1291 2708 τῆς

258 2710 359 2780 αῦτσῦ
381 2721 535 2798 μεγίστης
559 2713 735 2796 δυνάμεως.
782 2715 919 2800 καὶγὰρ
943 2716 992 2782 ἔτι
1018 2715 1051 2781 ἰν
1073 2716 1187 2804 κοιλίᾳ
1209 2743 1290 2804 τυγ·

257 2811 365 2894 χάνιυν
385 2805 533 2896 Ἰωάννης
555 2810 702 2892 ἐσκίρτα,
735 2820 859 2897 χαίριυν
891 2813 947 2879 ἰπὶ
971 2815 1010 2899 τῇ
1032 2816 1091 2878 τοῦ
1114 2813 1290 2882 δεσπότου

221 2903 359 2981 υοαῦτοῦ
388 2907 473 2991 πρὸς
496 2901 595 2972 αῦτὸν
626 2907 760 2995 εἰσόδῳ,
800 2909 856 2976 διά
877 2914 936 2998 τῆς
958 2908 1206 2997 ἰγκυμονήσεως
1230 2917 1273 2979 τῦ
1275 2939 1293 2992 ς

260 3001 355 3092 άγίας
378 3010 561 3090 παρθένου.
606 3012 776 3091 γεννηθείς
805 3009 916 3073 δὲκαὶ
947 3007 980 3074 ἰν
1003 3006 1109 3094 φάτνῃ
1132 3015 1316 3092 κείμενσςε

259 3097 297 3171 οῦ
321 3105 460 3191 λέληθεν
483 3098 626 3189 ἀγγέλων
647 3103 754 3185 χορόν.
787 3106 995 3189 παρεμβολαὶ
1020 3105 1054 3170 δὲ
1078 3103 1135 3170 ἰπὶ
1160 3110 1202 3193 τῇ
1226 3112 1291 3175 τοῦ

257 3204 421 3287 βασιλέως
443 3205 501 3267 τοῦ
525 3200 645 3277 αἰῶνος
668 3200 788 3287 εἰσόδῳ
812 3203 1009 3287 δορυφορεῖν
1025 3195 1289 3287 ἀπεστέλλοντο,

259 3295 356 3384 λίμναι
369 3298 527 3365 ἰπινίκιοι
540 3298 718 3376 ἐτελοῦντο,
729 3297 836 3383 εἰρήνη
851 3299 883 3365 ἰν
895 3309 967 3375 τοῖς
979 3304 1136 3381 ποιμέσιν
1150 3299 1292 3388 ἐκηρύτ-

221 3414 342 3463 meto.
368 3393 452 3461 ἀλλὰ
465 3404 498 3462 τί
508 3392 684 3483 ήμαόριυσε
695 3395 753 3480 τήν
766 3390 866 3461 αῦτοῦ
880 3395 1035 3479 δόναμινς
1051 3396 1100 3461 ἔτι
1111 3395 1175 3483 γὰρ
1190 3395 1293 3480 ὄντος

261 3487 361 3557 αῦτοῦ
388 3499 532 3578 [ίρίιμους
563 3496 615 3558 καί
639 3494 886 3576 μοσταζομένου
915 3488 1052 3577 ἀστέρος
1072 3495 1133 3574 μὲν
1157 3493 1292 3580 γίνεται

259 3594 379 3676 σημεῖα
402 3585 471 3654 ἀπὸ
494 3585 678 3667 ἀνατολῶν,
702 3590 816 3675 μάγιυν
840 3597 1024 3674 παρουσία,
1058 3591 1293 3680 προσκῦνησίς

258 3712 294 3754 τε
316 3688 370 3752 καὶ
393 3687 595 3774 διοροφορία,
619 3693 836 3771 γραμματέων
854 3687 986 3774 ζήτησις
999 3687 1143 3771 βασιλεῖ,
1169 3685 1291 3778 ήπερί

260 3778 360 3850 αῦτοῦ
385 3779 561 3870 ἀπόκρισις
583 3787 635 3849 καί
660 3780 829 3869 ὁμολογία.
862 3785 904 3851 τά
921 3786 956 3851 δὲ
971 3783 1056 3851 ἀλλα
1071 3784 1197 3863 πάντα,
1223 3784 1293 3856 ὅσα

221 3888 403 3965 ψπεριέχει
426 3878 444 3970 ή
470 3878 669 3959 ἀκολουθία,
698 3889 733 3948 τί
755 3883 914 3970 ἐνέσκηψε
936 3885 975 3969 τῇ
1000 3876 1099 3947 αῦτσῦ
1122 3883 1290 3971 θεότητι,·

259 3990 360 4045 ποῖον
383 3979 593 4063 ἐπικάλυμμα
617 3980 716 4061 ἐ’σχεν,
742 3976 787 4058 ῶς
810 3980 843 4046 ἒν
858 3977 946 4069 ἡμῖν,
970 3974 989 4067 ή
1007 3978 1128 4064 σαρκὸς
1142 3984 1321 4074 κατσχήςΰ

260 4075 399 4163 ἐπιτιμᾷ
420 4080 480 4161 μὲν
503 4077 643 4144 κλόδιυνι
665 4080 720 4143 καί
742 4088 814 4156 τοῦς
830 4074 964 4162 ἀνέμοις
986 4079 1040 4143 καὶ
1057 4080 1095 4163 τῇ
1114 4080 1292 4170 θαλάσσῃ,

260 4175 313 4238 καί
337 4167 394 4237 σῦκ
417 4174 568 4257 ἰπίχεται
592 4169 661 4240 ἀπὸ
684 4177 742 4261 τῆς
758 4176 878 4260 σαρκὸς
895 4171 913 4264 ή
931 4177 989 4262 τής
1004 4170 1105 4240 αἰτοῦ
1122 4175 1297 4266 θεότητος

463 4478 669 4624 ,Α
