2867 5084
230 928 294 991 372
459 939 665 989 ευιυκιτιου
682 938 779 986 xm
796 937 983 987 κιυεεεου
999 895 1029 986 υ.

230 1088 249 1157 5
272 1091 382 1177 πατὴρ
410 1090 623 1177 ’ποιήσωμεν
651 1085 836 1172 άνθρωπον
863 1082 931 1154 κατ’
957 1087 1067 1156 εἰκόνα
1097 1086 1209 1173 έμην,”
1236 1079 1259 1173 ἢ

229 1184 318 1256 “κατ’
345 1188 453 1255 εἰκόνα
476 1187 564 1274 σην,”
586 1180 670 1251 άλλά
693 1181 760 1252 κατ’
787 1184 896 1252 εἰκόνα
917 1181 1087 1272 ἡμετέραν.
1124 1180 1197 1251 άπὸ
1221 1186 1255 1250 δέ

230 1289 290 1352 τοῦ
315 1285 419 1351 *κατὰ
439 1281 616 1372 ἦμετέραν”
634 1284 738 1368 λέγειν
760 1282 798 1348 τὸ
821 1286 896 1349 ἰσον
918 1287 976 1349 τοῦ
1000 1282 1130 1366 πατρὸς
1152 1281 1187 1350 ἓν
1208 1285 1253 1367 τῷ

230 1384 292 1469 υίηλ
316 1378 469 1462 ἀπέδειξε
491 1385 544 1448 καλ
566 1381 605 1446 τὸ
629 1377 754 1463 όμοιον,
785 1375 824 1445 οὗ
845 1381 957 1464 μόνον,
987 1375 1073 1447 ἀλλὰ
1095 1383 1149 1447 καλ
1175 1403 1275 1452 vav-c

206 1480 288 1548 στὸν
312 1477 420 1547 άπασι
442 1483 495 1546 καί
517 1478 561 1566 μὴ
586 1480 866 1564 παρηλλαγμένον.

318 1587 345 1645 7.
377 1581 458 1656 Πῶς
480 1578 515 1643 όὲ
537 1575 675 1642 δύναται
697 1575 741 1662 μη
765 1570 850 1641 εἶναι
881 1575 954 1653 ἰ’συς
981 1577 1036 1641 καλ
1058 1575 1103 1662 μὴ
1128 1571 1251 1658 ὅμοιος,

231 1671 276 1753 τός
297 1679 350 1741 καὶ
374 1674 437 1760 ἤδη
461 1669 572 1752 εἷπον,
598 1669 615 1737 ό
639 1675 740 1758 λέγων
764 1669 816 1737 ότι
840 1672 923 1757 “ἰγώ
947 1672 980 1739 ἐν
1003 1675 1050 1757 τῷ
1073 1672 1181 1757 πατρὶ
1201 1674 1249 1738 καὶ

230 1776 282 1836 καὶ
308 1769 325 1835 5
350 1771 458 1856 πατὴρ
483 1771 516 1836 ἰν
539 1771 649 1850 ε’μοί,·”
671 1766 708 1835 ⁰5
731 1769 833 1852 μόνον
855 1770 915 1854 γάρ
932 1764 1032 1848 αὐτὸς
1047 1770 1081 1836 έν
1095 1773 1144 1856 τῷ
1162 1763 1250 1854 εόαγ-

231 1873 328 1953 γελίῳ
357 1870 442 1951 λέγει
465 1872 582 1945 τοῦτο,
621 1862 705 1932 άλλά
732 1867 786 1933 καὶ
815 1867 979 1950 πνεόματι
1007 1863 1090 1953 ἆγίηι
1120 1891 1251 1952 προφη·

194 1977 223 2026 10
233 1964 334 2031 τεόων
346 1961 484 2043 Ἡσαΐας
508 1966 588 2049 ἔγνω
610 1963 667 2030 τόν
689 1963 761 2029 υἱὸν
785 1965 818 2031 ἰν
841 1968 887 2050 τῷ
904 1962 1009 2049 πατρὶ
1025 1967 1077 2030 καί
1095 1963 1141 2050 μὴ
1157 1959 1251 2030 άλλό-

231 2087 324 2147 τριον
351 2067 409 2128 τοῦ
437 2061 578 2144 πατρὸς,
613 2063 695 2148 μηδὲ
724 2063 1010 2147 παρηλλαγμένον,
1046 2057 1092 2140 ὡς
1122 2062 1188 2144 ἔχει
1215 2059 1250 2126 τό

231 2161 345 2246 ῥητόν,
379 2159 539 2247 ὃταότηυ
569 2160 633 2241 ἔχει
665 2160 722 2245 τὴν
753 2155 974 2238 ἀκολουθίαν,
1009 2153 1079 2224 άπὸ
1108 2162 1169 2243 μὲν
1196 2160 1249 2224 τοῦ

228 2254 398 2344 Ἑβραϊκοό
428 2255 532 2336 οὕτως
567 2256 701 2344 “φθόου
731 2259 888 2340 σααρεὶμ,
922 2252 1117 2341 οόϊαβωτῶν
1147 2255 1248 2327 σαόλκ,

233 2356 346 2442 σωμίηρ
375 2357 573 2439 ἰμμσυνείιυ,
604 2353 824 2438 ἰεσροσμοιὺχ,
854 2355 962 2437 θεσάρ
986 2354 1102 2436 σαλιὺμ
1127 2353 1269 2436 σαλάμβ

195 2464 222 2514 15
230 2453 326 2537 χιβὰκ
348 2454 480 2537 βατόσυ,
505 2451 625 2536 βετοίβ
645 2452 818 2536 βαλόωναῒ
838 2446 966 2530 άδόιόθ,
988 2450 1104 2536 χιβαίά
1128 2447 1251 2517 άόωναῒ

204 2580 211 2602 ι
233 2552 476 2633 σωόωλεμείμ.”
493 2546 562 2615 άπὸ
579 2552 614 2614 δὲ·
630 2553 687 2634 τῆς
703 2549 874 2634 ἑρμηνείας
886 2545 1007 2614 Ἀκόλα
1020 2544 1128 2628 οὕτως
1144 2544 1250 2614 “duol-

233 2649 309 2727 ξατε
328 2648 445 2724 πόλος,
470 2647 649 2712 εἰσελθέτω
666 2647 766 2724 ἔθνος
782 2648 918 2723 δίκαιον,
943 2646 1111 2732 φυλάττον
1128 2653 1249 2722 πίστιν,

232 2744 372 2825 πλάσμα
395 2742 640 2828 έστηριγμίνον,
671 2743 811 2829 φόλαξις
833 2742 975 2829 εἰρήνης,
1011 2739 1064 2808 ότι
1086 2738 1140 2810 ἐπ’
1165 2737 1250 2827 αἰετῷ

232 2846 435 2916 πεπυίθασι,
459 2845 652 2906 πεποίθατε
675 2840 731 2905 ἰπὶ
754 2843 801 2924 τῷ
824 2846 924 2926 κυρίην
947 2841 1009 2918 ἕως
1032 2840 1163 2921 αἰῶνος,
1203 2836 1252 2905 ότι

193 2937 267 3004 νθέν
289 2941 335 3022 τῷ
358 2943 458 3023 κυρίῳ
481 2936 592 3021 κάρτος
615 2932 633 3001 5
656 2937 841 3020 στερεώσας
862 2938 940 3015 τοὺς
963 2938 1115 3016 αἰῶνας.”
1162 2936 1252 3021 παρὰ

233 3036 268 3102 όέ
291 3036 396 3113 τοῖςό
419 3032 524 3112 οότως
548 3030 720 3114 “άνοίξατε
736 3035 851 3113 πόλος,
876 3035 1057 3101 εἰσελθέτω
1073 3035 1252 3122 φυλάσσων

233 3129 395 3218 άληθειαν
428 3135 480 3199 καὶ
505 3127 827 3217 ἀντιλαμβανόμενος
850 3127 1012 3218 ἀληθείας
1048 3137 1101 3198 καί
1127 3132 1252 3219 φυλάσ·

233 3254 299 3296 σων
324 3231 463 3316 εἰρήνην,
492 3227 544 3293 ὅτι
567 3231 622 3294 ἐπὶ
647 3232 698 3295 σοί
724 3226 877 3313 ἤλπισαν,
902 3231 1000 3312 κύριε,
1035 3231 1097 3308 ἕως
1120 3233 1180 3296 τοῦ
1203 3224 1296 3296 cxl-5

233 3332 325 3404 ῶνος,
355 3325 476 3404 όθεὸς
499 3323 517 3390 ό
539 3333 649 3411 μέγας,
681 3322 884 3403 όαίιόνιος.”
929 3334 1196 3412 παρατηρείσθω
1218 3329 1252 3394 δὲ

192 3420 251 3488 255
274 3419 504 3508 άναγινιόσκων
528 3420 573 3501 τός
594 3424 704 3506 κόριος
737 3422 851 3488 καὶτὸ
875 3421 892 3488 ό
914 3431 1015 3508 μέγας
1037 3419 1109 3489 άντί
1134 3429 1195 3491 τοῦ
1220 3425 1252 3492 έν

232 3528 332 3606 κυρίῳ
356 3532 460 3586 κεῖται
483 3521 575 3604 παρὰ
596 3533 668 3600 τοῖς
691 3521 718 3586 ό.
751 3524 803 3586 καί
828 3522 919 3587 πόσα
943 3522 1014 3587 ἔστι
1032 3525 1109 3605 περὶ
1134 3523 1253 3590 τούτου

234 3620 357 3702 λέγειν,
395 3620 487 3684 όὲδια
517 3619 553 3683 όέ
579 3617 623 3704 μή
653 3645 727 3696 πως
750 3619 796 3696 εἰς
819 3616 913 3702 ἰίγκον
936 3619 1041 3684 πολόν
1065 3618 1175 3687 ἰλάσω
1197 3619 1254 3708 τὴν

233 3718 309 3798 περὶ
333 3715 457 3782 τούτων
479 3719 545 3780 τῶν
568 3715 672 3799 λόγων
688 3724 924 3800 πραγματείαν.
957 3716 1146 3803 πάνταγὰρ
1162 3721 1252 3805 σαφῆ

234 3814 267 3881 ἐν
290 3818 329 3900 τῇ
358 3820 439 3899 θείᾳ
466 3816 575 3900 γραφῇ
605 3824 677 3891 τοῖς
704 3815 919 3897 βουλομένοις
948 3812 1077 3896 εὐσεβεῖ
1104 3816 1253 3901 λογισμῷ

191 3917 481 3995 σοπροσέρχεσθαι
503 3915 549 3998 τῷ
572 3917 658 3996 θείην
692 3909 777 3996 λόγῳ
806 3916 858 3977 καὶ
881 3912 926 3998 μη
951 3911 1143 4000 όιαβυλικίην
1167 3914 1254 3999 ένέρ-

232 4034 323 4093 γειαν
347 4008 380 4076 έν
403 4008 534 4086 έαυτοίς
562 4007 818 4094 ἰγκισσησαντας
849 4009 985 4087 ἑαυτοὺς
1013 4017 1253 4099 καταστρέφειν

232 4108 279 4186 εἰς
300 4106 343 4173 τὰ
363 4107 521 4192 βάραθρα
544 4109 602 4170 τοῦ
626 4105 785 4183 θανάτου,
810 4102 855 4185 οἷς
878 4097 973 4184 οὗτος
996 4103 1013 4171 ό
1036 4108 1179 4188 ἐλεεινός
1200 4107 1296 4176 καλοί

234 4206 266 4269 οἱ
302 4199 391 4290 αὐτῷ
425 4209 622 4280 πεισθέντες
659 4200 839 4286 ἄνθρωποι
876 4203 958 4269 κατά
994 4208 1052 4291 τῆς
1090 4200 1255 4295 ἀληθείας
