2867 5084
596 1016 692 1069 ιιινι.
710 1018 916 1068 mmm
1003 1006 1005 1010 '
1223 1003 1261 1066 81

246 1167 265 1237 ό
290 1168 439 1257 πονηρός
460 1167 578 1235 ἑαυτοῦ
599 1167 759 1254 τυγχάνει,
783 1161 852 1235 ἀλλ’
870 1162 888 1233 δ
910 1162 1040 1253 ἀγαθός
1055 1162 1073 1233 δ
1089 1166 1268 1252 δυνάμενος

248 1264 446 1335 ἀναστεῖλαι
472 1261 573 1332 αύτοό
601 1265 659 1351 τὴν
687 1272 819 1345 κακίαν,
852 1267 904 1332 καὶ
933 1266 977 1352 μὴ
999 1267 1179 1353 βουληθείς
1200 1265 1267 1350 πρὸ

247 1365 371 1451 χρόνον
391 1363 434 1430 τὰ
454 1366 513 1429 τοῦ
533 1364 651 1448 χρόνου
674 1367 825 1449 ποιησαι.
857 1363 886 1430 εί
908 1363 944 1429 δὲ
961 1361 1125 1447 ἄτρεπτον
1140 1364 1269 1430 παντά-

195 1484 341 1535 mnam
362 1459 401 1527 τό
422 1460 529 1541 κακόν,
554 1455 715 1529 ούδίποτε
738 1461 924 1541 διαλείψειε
945 1462 1113 1545 πολεμοῦν
1134 1467 1189 1528 καί
1204 1485 1269 1528 πο-

250 1559 461 1643 λεμούμενον,
484 1561 538 1626 καί
561 1552 629 1625 ούδ
654 1554 739 1637 ὅλως
760 1559 844 1624 ποτὲ
866 1558 959 1624 ἕσται
980 1558 1181 1637 κατάστασις
1201 1561 1293 1624 τῶνδ

250 1658 312 1725 δύο
335 1656 476 1746 φύσεων,
500 1651 664 1740 ἀτρίπτου
684 1662 841 1740 μένοντος
862 1657 920 1721 τοῦ
942 1659 1041 1722 κακοῦ
1063 1659 1117 1722 καί
1140 1656 1269 1740 ἐπιτρι-

248 1762 395 1840 βομένου
426 1757 484 1821 τοῦ
517 1757 632 1832 κακοῦ,
667 1753 897 1820 ἐνδείκνυσθαι
925 1757 972 1839 τῷ
1001 1748 1120 1841 ἀγαθῷ
1142 1762 1267 1833 κακίαν,

250 1856 308 1920 καὶ
330 1852 477 1936 πόλεμον
500 1851 635 1937 ἐγείρειν
651 1849 735 1916 κατὰ
748 1853 806 1936 τῆς
821 1845 1038 1938 ἀγαθότητος.
1068 1857 1123 1919 καὶ
1138 1853 1168 1920 εί
1184 1848 1270 1932 όλως

252 1952 424 2036 ἐπιθυμίᾳ
455 1952 513 2015 τοῦ
546 1943 676 2033 ἀγαθοῦ
708 1947 747 2014 τό
780 1947 877 2016 κακόν
907 1943 958 2017 ἀεὶ
987 1948 1268 2035 ίπεντριβήσεται,

251 2047 320 2132 ἀρα
341 2042 451 2113 ούκέτι
472 2046 569 2113 κακὸν
591 2049 692 2125 ἔσται,
716 2045 832 2131 ἐπειδὴ
854 2050 912 2113 τού
935 2041 1066 2132 ἀγαθοῦ
1080 2048 1270 2133 γλιχόμενος
1281 2061 1309 2113 ιο

250 2144 410 2231 βούλεται
436 2144 542 2230 ἐαυτῷ
570 2141 609 2209 τό
639 2139 769 2230 ἀγαθὸν
797 2144 1030 2223 ἐπισπᾶσθαι,
1059 2146 1114 2211 ἵνα
1137 2145 1193 2213 διὰ
1212 2149 1270 2232 τῆς

252 2244 388 2333 φύσεως
409 2246 468 2308 τοῦ
491 2236 621 2326 ἀγαθοῦ
643 2245 697 2309 καὶ
720 2244 779 2329 τῆς
800 2237 900 2307 αὐτοῦ
916 2244 1107 2320 πανοπλίας
1122 2243 1271 2311 ἐπισπά-

253 2366 317 2420 σας
344 2339 449 2425 ἑαυτῷ
479 2339 615 2422 δύναμιν
649 2338 682 2405 ἒν
709 2338 810 2425 ταύτῃ
839 2340 917 2426 δοκῇ
946 2338 1062 2404 ἑαυτὸν
1091 2345 1189 2424 τιμᾶν
1211 2343 1271 2422 μὲν

253 2438 313 2507 καὶ
344 2438 560 2521 λαμπρύνειν,
596 2437 870 2520 παραθαρσύνειν
902 2461 937 2503 τε
970 2439 1022 2502 καὶ
1061 2436 1269 2521 ίνδυναμοῦν.
1344 2429 1349 2435 ’

224 2537 361 2608 σπαντὶ
387 2534 446 2619 γάρ
474 2538 521 2620 τῷ
548 2535 739 2621 βουλομένῳ
766 2532 805 2598 τό
834 2527 963 2618 ἀγαθόν
992 2533 1127 2613 πάντως
1156 2532 1209 2602 ότι
1237 2536 1272 2616 ἐξ
1281 2550 1311 2601 15

257 2627 389 2718 ἀγαθού
415 2628 576 2710 ὑπονοίας
605 2631 745 2716 ίγκειται
774 2630 905 2697 διάνοια
932 2634 984 2698 καί
1014 2626 1122 2698 ούκίτι
1143 2634 1272 2701 παντά-

255 2753 345 2797 πασι
371 2729 516 2816 πονηρὸν
545 2729 638 2795 ἔσται
665 2728 703 2795 τό
732 2728 893 2815 πονηρὸν,
923 2725 1027 2797 ὁπότε
1053 2735 1112 2796 τοῦ
1141 2727 1272 2816 ἀγαθοῦ

252 2827 447 2913 γλιχόμενον
470 2822 662 2911 εύρίσκεται.
692 2831 761 2893 πᾶν
782 2825 843 2911 γάρ
865 2827 904 2893 τὸ
926 2828 1070 2914 πονηρὸν
1086 2824 1281 2911 ἀπέχθειαν

254 2925 323 3009 ἔχει
349 2925 437 3008 πρὸς
464 2923 503 2989 τὸ
526 2920 671 3008 ἀγαθόν,
702 2920 747 3002 ὡς
768 2927 821 2990 καί
844 2925 882 2990 τό
906 2920 1034 3010 ἀγαθόν
1057 2923 1095 2991 ού
1116 2927 1273 3010 βούλεται

252 3022 295 3090 τὸ
324 3021 481 3108 πονηρόν.
527 3022 556 3088 εί
583 3022 619 3088 δὲ
642 3017 763 3104 ἀναμίξ
783 3017 922 3106 ὑπάρχει
944 3026 1010 3089 τῶν
1032 3019 1230 3109 ἀμφοτέρων
1252 3019 1313 3109 ἡεο

253 3120 405 3205 δύναμις,
428 3121 482 3185 καί
505 3115 523 3184 ὁ
546 3114 674 3204 ἀγαθὸς
694 3121 754 3202 μὲν
776 3113 846 3186 οἶδε
868 3121 969 3187 συλᾶν
991 3120 1030 3186 τό
1053 3123 1148 3199 ἴδιον,
1172 3122 1280 3187 πολεω

253 3229 332 3302 μεῖν
352 3242 390 3284 τε
411 3219 464 3282 καί
487 3215 628 3301 ἐκδέρειν
650 3215 709 3295 τὰς
732 3213 832 3300 ἀρχὰς
853 3220 906 3283 καί
929 3219 989 3297 τὰς
1006 3219 1165 3297 ἐξουσίας,
1189 3219 1273 3285 ποτὲ

256 3318 294 3384 δί
316 3310 464 3400 ἀναιρεῖν
492 3316 546 3380 καὶ
573 3308 744 3400 ἀφανίζειν
765 3314 822 3400 τὴν
845 3309 993 3381 ἀπὸτοῦ
1016 3319 1163 3402 πονηροῦ
1184 3339 1275 3400 γεγε·

226 3419 397 3499 σνημένην
423 3406 519 3498 ύλην,
547 3414 631 3478 ποτὲ
659 3412 695 3479 δὲ
724 3411 760 3490 ἐξ
787 3405 886 3498 αὐτῆς
913 3413 1092 3491 πλάσσειν,
1126 3414 1210 3478 ποτὲ
1238 3413 1274 3478 δί

255 3506 447 3598 ἀφανίζειν,
476 3516 620 3596 πονηρία
647 3513 700 3575 καὶ
729 3503 913 3587 ἀσύστατος
947 3509 1096 3595 διήγησις
1127 3512 1185 3593 τῆς
1215 3511 1314 3573 τοῦτο

253 3605 430 3693 ἀλιτηρίου
451 3605 569 3673 τούτου
591 3602 669 3694 ἡμῖν
692 3606 979 3692 ίπεισενεχθείσης
1001 3600 1205 3687 ἀδολεσχίας.

344 3710 395 3772 59.
428 3709 514 3789 Φίρε
542 3705 580 3791 δὴ
610 3703 717 3771 εἰπεῖν
745 3705 800 3769 καλ
830 3704 906 3787 περὶ
927 3707 986 3791 τῆς
1007 3705 1066 3768 τού
1090 3706 1190 3769 κακοῦ
1213 3701 1277 3787 φύ-

253 3827 345 3881 σεως
366 3801 469 3868 πάλιν
491 3798 709 3885 ἀναλαβόντες
723 3801 782 3867 τόν
796 3798 903 3884 λόγον,
926 3801 998 3885 λίγε
1012 3796 1103 3886 ἡμῖν,
1127 3787 1277 3874 δούτος,

253 3897 330 3969 ἀπὸ
357 3897 477 3982 χρόνον
497 3894 711 3986 Λύρηλιανού
739 3901 797 3963 τοῦ
825 3899 991 3981 βασιλέως
1018 3894 1075 3962 καὶ
1103 3897 1200 3975 δεῦρο
1226 3892 1278 3956 ε’λ-

255 3997 351 4077 θεόν,
384 3994 442 4062 καί
468 3992 511 4061 τὰ
538 3995 604 4080 πρό
632 3995 767 4063 πάντων
795 3993 926 4060 αἰώνων
949 3991 1175 4078 διηγούμενος,
1204 3985 1320 4054 ούτεσ)

254 4118 327 4163 που
360 4093 460 4159 τοῦτο
492 4096 674 4180 προφητῶν
706 4090 945 4159 θεσπισάντων
980 4085 1059 4154 οὔτε
1092 4079 1193 4149 αὐτοῦ
1221 4086 1281 4151 τοῦ

253 4192 409 4278 σωτῆρος
428 4189 527 4255 τοῦτο
551 4189 769 4273 δεδιδαχότος,
793 4184 870 4253 ούτε
891 4181 1106 4258 ἀποστόλων,
1134 4178 1163 4244 εί
1183 4179 1226 4265 μή
1248 4204 1284 4248 τι

254 4285 299 4359 ἀν
312 4283 515 4429 φλυαρίησηηι
523 4284 715 4355 ίπίπλαοτά
729 4311 805 4352 τινα
819 4283 855 4363 ἐξ
870 4278 1038 4365 ὀνόματος
1053 4272 1157 4430 ἀγίιην
1170 4277 1286 4358 βιβλία

310 4388 461 4442 epiphanus.
517 4416 523 4428 .
