2867 5084
199 877 266 939 till
402 877 508 937 'runnu
525 882 672 935 uoconnsr
691 878 809 930 suenus
827 877 1025 930 scatrrunsu.

204 1141 250 1191 esp
487 1069 596 1127 ACTA
625 1065 969 1125 Apostolorum·

234 1171 258 1242 1.Ι
272 1193 322 1240 liat
342 1188 456 1237 habitatio
476 1187 528 1235 eius
547 1185 651 1245 deserta,
670 1191 694 1232 et
703 1183 875 1246 Episcoprtnm
894 1183 946 1230 eins
958 1181 1065 1244 accipiat
1077 1180 1140 1230 alter
1164 1179 1227 1229 asts

275 1260 320 1306 Viri
341 1256 438 1305 Galilaei
457 1255 514 1317 quid
533 1254 602 1301 statis
620 1253 766 1315 aspicientes
784 1251 808 1299 in
828 1250 930 1312 eoelum,
950 1258 997 1299 etc.
1164 1247 1226 1297 386l

231 1327 254 1375 2.
274 1325 447 1374 Poenitentiaru
465 1323 527 1382 agito
545 1329 569 1368 et
587 1321 721 1383 baptizetur
739 1318 907 1396 uupsquisque
925 1321 950 1365 iu
969 1317 1069 1365 nomine
1082 1316 1137 1364 lesu
1149 1315 1225 1364 Christi

308 1392 403 1441 Domini
422 1391 506 1450 nostri,
525 1397 549 1437 ct
566 1389 718 1436 remittentur
733 1387 800 1434 volus
810 1393 919 1449 peccata,
938 1392 963 1434 et
975 1392 1026 1433 tum
1038 1385 1145 1447 Spiritus
1160 1383 1225 1431 saneti

309 1461 399 1508 donum
417 1458 541 1519 accipietis
1181 1451 1225 1499 lic

273 1527 423 1576 Manifestum
443 1527 473 1574 sit
491 1526 557 1572 rolris
576 1526 654 1572 omnis
670 1523 756 1570 domus
767 1521 848 1581 lsra'c‘l,
867 1520 981 1582 querulam
995 1520 1060 1568 hune
1072 1520 1152 1569 lesum
1164 1533 1225 1582 quem

309 1594 461 1643 crucifixistis
480 1599 504 1639 et
522 1592 648 1640 Dominum
668 1597 692 1638 et
710 1590 832 1637 Christum
850 1589 930 1650 ipsum
948 1588 1015 1636 lleus
1034 1587 1093 1636 lecit
1163 1585 1224 1635 toll

276 1662 353 1710 lesuin
374 1661 522 1709 Nazarenum
540 1657 614 1707 uirum
634 1657 760 1721 probatum
779 1656 879 1704 inrobis
890 1655 1007 1718 prodigiis
1020 1656 1145 1718 acsignis
1164 1667 1225 1717 qrteu

309 1729 374 1777 unxit
393 1728 458 1776 Deus
478 1727 568 1790 Spiritu
587 1732 670 1774 saneto
1149 1719 1226 1771 torst

231 1797 255 1845 t.
274 1795 347 1844 Video
366 1795 459 1843 coelum
478 1803 596 1857 apertum,
614 1801 638 1841 et
656 1791 741 1841 Filium
760 1791 864 1840 hominis
890 1796 993 1840 stantem
1013 1803 1028 1839 a
1048 1789 1140 1839 dextris
1158 1789 1224 1904 Pilais

1165 1857 1196 1906 35
1216 1871 1225 1903 r

273 1928 445 1991 Hierosolymis
464 1942 493 1975 ne
513 1927 629 1976 discedite
648 1933 802 1988 expectantes
828 1924 1016 1989 promissionem
1043 1925 1146 1988 spiritus
1163 1939 1223 1988 quan

307 1996 430 2043 audivistis
1165 1992 1225 2042 otta

217 2062 254 2110 10.
274 2061 357 2123 Surge,
376 2061 460 2111 «recide
479 2069 503 2109 et
521 2060 646 2121 manduca,
666 2069 712 2108 etc.
847 2054 857 2073 ‘
1166 2057 1225 2109 titt

217 2129 256 2178 11.
275 2131 368 2190 Agabus
387 2138 508 2178 uenturam
527 2129 613 2177 lumem
632 2129 751 2190 praedixit
1164 2127 1224 2176 liillt

216 2196 254 2245 13.
274 2197 462 2252 ministrantibus
487 2197 534 2246 illis
552 2197 654 2245 Domino
679 2211 707 2245 ac
732 2194 893 2244 ieiunantibus
919 2194 976 2243 dirit
995 2195 1105 2258 Spiritus
1130 2204 1223 2253 sauctus,

309 2265 436 2327 segregate
455 2265 511 2313 milri
524 2265 655 2314 Barnaltam
676 2273 700 2312 et
713 2262 812 2312 Saulum
830 2262 861 2311 ud
879 2276 940 2325 opus
959 2263 990 2311 ud
1010 2264 1078 2326 quod
1099 2278 1142 2312 eos
1158 2262 1225 2311 rotari

218 2398 257 2446 15.
277 2398 396 2455 Quoniam
406 2399 558 2460 cognovimus
569 2398 686 2461 quosdam
696 2412 709 2446 a
720 2398 790 2446 nohis
800 2397 830 2447 ud
839 2412 880 2446 ros
891 2411 946 2447 esse
955 2397 1092 2461 proiectos,
1100 2406 1147 2448 etc.
1166 2396 1224 2447 llil

215 2465 255 2514 15.
274 2465 308 2513 Ne
327 2467 455 2527 gentilibus
474 2467 504 2515 ad
523 2467 682 2516 Christianam
701 2465 848 2526 Religionem
866 2465 992 2527 traductis,
1014 2474 1063 2515 etc.
1167 2466 1224 2515 1211

213 2531 255 2582 20.
273 2533 356 2581 llanus
375 2537 435 2584 istae
454 2536 637 2598 suppeditarunt
655 2548 702 2583 non
721 2534 779 2583 milri
797 2534 884 2597 solum,
909 2534 953 2583 sed
978 2541 1003 2583 et
1030 2535 1061 2584 iis
1080 2537 1123 2598 qui
1142 2547 1223 2583 uremur

308 2609 363 2649 sunt
1180 2601 1223 2650 ste

212 2665 253 2716 21.
272 2667 339 2781 llirfos
359 2671 507 2732 praeputium
533 2670 649 2719 habentes
668 2668 840 2731 secumdurit,
866 2667 947 2718 locum
966 2676 1081 2720 sanctum
1108 2668 1222 2781 prolauuudr

317 2737 364 2784 ecit
723 2770 725 2774 -
1135 2737 1204 2786 1121.

270 2799 395 2850 Tarsensis
414 2818 458 2865 ego
477 2818 529 2852 snm
550 2819 593 2853 nec
613 2805 679 2853 urbis
698 2805 815 2854 obscurae
835 2803 890 2853 ciris
1162 2802 1222 2854 tant

211 2864 253 2915 21.
272 2867 339 2915 Hunc
359 2870 480 2918 hominem
500 2872 640 2932 invenimus,
660 2879 706 2920 etc.
1164 2871 1220 2921 tttc

270 2933 354 2996 Neque
373 2937 397 2984 in
417 2937 505 3000 templo
525 2939 664 2987 invenerunt
683 2954 730 3001 me,
749 2946 795 2987 etc,
1162 2937 1219 2988 1211

560 3090 861 3148 APOCALYPSIS.

228 3203 250 3251 1.
269 3202 334 3252 llaec
352 3204 459 3254 revelarit
471 3205 586 3254 domiuus
605 3207 678 3255 serris
697 3207 748 3256 suis
766 3221 810 3270 per
828 3221 920 3257 serrum
938 3222 1010 3257 suurn
1024 3208 1149 3260 loannem.
1175 3208 1217 3256 lior

304 3271 362 3318 dicit
381 3272 497 3321 [lominus
1156 3274 1217 3326 llll

270 3335 318 3396 Ego
338 3341 429 3399 primus
449 3348 472 3388 et
491 3341 648 3390 norissimus:
669 3341 717 3403 Ego
737 3356 789 3391 sum
808 3356 827 3389 α
845 3350 869 3390 et
887 3356 908 3388 ω
1156 3342 1217 3392 5191

227 3400 250 3451 2,
270 3403 382 3518 Seddilroc
402 3407 475 3456 habos
495 3408 550 3457 honi
576 3409 632 3471 quia
656 3410 727 3457 odisti
752 3409 814 3457 lacta
832 3409 1019 3473 nicolaitarum,
1050 3426 1113 3474 quae
1137 3419 1216 3527 etTegS

225 3535 249 3585 5.
267 3484 358 3653 eroum
377 3540 408 3588 ud
426 3540 532 3591 dextram
550 3543 658 3592 sedentis
682 3543 705 3590 in
731 3545 818 3593 throno
837 3544 923 3594 librum
951 3546 1072 3609 scripturn
1097 3547 1175 3607 intus,
1192 3496 1216 3593 ¹et

223 3670 248 3719 9.
266 3619 317 3722 vitat
338 3621 435 3723 eetrffllrit
455 3674 559 3735 Angelo:
587 3677 654 3725 Solve
673 3684 777 3741 quatuor
794 3679 897 3741 Angelos
915 3680 956 3742 qui
975 3688 1036 3730 suut
1055 3682 1079 3731 in
1098 3613 1217 3745 Euplrasle}

209 3803 248 3853 12.
267 3749 399 3856 neglectum
418 3808 531 3858 aduersus
549 3811 673 3860 mulierem
692 3825 845 3876 properasse,
865 3829 926 3877 quae
942 3828 1034 3865 marem
1048 3748 1215 3880 pepusam

300 3876 367 3923 datos
387 3878 408 3925 ei
428 3890 482 3925 esse
500 3890 592 3939 pennas
607 3880 710 3941 aquilae,
730 3888 754 3928 et
772 3880 911 3931 translatam
929 3896 985 3932 esse
1005 3884 1030 3933 iu
1051 3887 1178 3939 desertum,
1194 3889 1215 3930 ut

301 3957 352 3990 eam
372 3942 443 3991 draco
463 3946 678 4008 comprehenderet
923 4000 934 4013 ,
1138 3949 1212 4002 10131

557 4116 860 4131 —-—-—-
