2867 5084
284 993 365 1048 ειν.
382 997 478 1048 xm
496 996 648 1049 umor
664 1001 736 1049 τον
751 1000 1011 1052 εινοκιτεαε.
1132 990 1152 1051 9

134 1148 176 1215 τό
197 1137 257 1216 οῦν
280 1145 348 1233 πρὸ
370 1147 544 1236 ἑωσφόρον
550 1199 560 1230 ,
590 1148 647 1216 ἵνα
668 1151 748 1238 εἴπῃ
770 1147 838 1237 πρό
858 1154 917 1216 τοῦ
940 1145 1025 1218 εἷναί
1046 1153 1155 1218 τεκαὶ

131 1249 324 1334 κτισθῆναι.
357 1234 396 1332 ήν
415 1245 476 1332 γὰρ
499 1242 551 1314 ἀεὶ
566 1247 670 1332 λόγος
691 1247 751 1314 σὺν
772 1255 885 1334 πατρί.
917 1243 958 1314 δι’
977 1244 1076 1314 αὐτοῦ
1094 1247 1155 1335 γὰρ

132 1344 249 1413 πάντα
268 1349 389 1429 γέγονε,
411 1346 465 1410 καλ
487 1347 587 1430 χωρίς
608 1339 709 1410 αὐτοῦ
733 1344 859 1430 ἐγένετο
885 1339 961 1411 οὐδὲ
984 1346 1027 1412 ἓν.

223 1452 252 1510 5.
293 1443 416 1520 Λίξειε
443 1438 476 1506 δ’
501 1439 541 1508 όὶν
568 1467 633 1522 τις,
664 1441 790 1523 λόειξας
818 1438 903 1510 εἶναι
931 1443 998 1528 πρό
1027 1440 1157 1527 όστρων

133 1541 214 1619 τοὺς
236 1534 400 1626 ἀγγέλους,
425 1535 495 1623 ἅμα
517 1541 553 1605 δὲ
575 1534 704 1625 οὐρανῷ
727 1542 781 1607 καλ
803 1538 994 1627 γῇτοότοις
1010 1539 1091 1627 ἔφης
1104 1553 1181 1625 γεὸ

133 1644 276 1724 γονέναι.
321 1637 432 1705 πόθεν
459 1644 645 1726 πεποίησαι
667 1637 726 1724 τήν
749 1632 921 1717 ἀπόδειξιν
929 1666 940 1719 ,·
968 1638 1040 1721 λέγε
1061 1633 1156 1724 ἡμῖν·

136 1731 208 1818 οόγλ
238 1732 306 1818 ἄρα
329 1734 399 1821 πρὸ
426 1738 485 1801 τοῦ
513 1729 653 1818 οὐρανοῦ
674 1737 728 1802 καλ
752 1737 810 1823 τῆς
830 1739 888 1822 γῆς
909 1733 1044 1813 πάντως
1065 1732 1158 1820 γεγό-

108 1853 253 1913 croam
276 1828 422 1917 οόόαμοῦ
444 1833 505 1918 γὰρ
526 1834 695 1920 τηλαυγῶς
717 1840 870 1920 σημαίνει
891 1831 949 1899 τόν
969 1831 1086 1918 χρόνον
1100 1834 1159 1916 τῆς

134 1935 202 1997 τῶν
224 1926 370 2015 ἅγγίλων
392 1930 567 2016 ποιήσεως.
598 1937 651 1997 καί
676 1927 803 2015 ὅτιμὲν
818 1933 925 2009 καλῶς
940 1927 1059 2008 αὐτοὺς
1074 1931 1159 1997 ἔδει·

136 2030 196 2109 ξας
224 2023 311 2096 εἶναι
339 2025 408 2112 πρὸ
437 2026 583 2112 ἄστρων·
614 2027 707 2114 εἰμὴ
731 2028 792 2114 γὰρ
814 2018 913 2116 ήσαν,
942 2031 1017 2106 πιῦς
1037 2024 1159 2110 ὕμνουν
1171 2040 1198 2089 Ιο
1249 2050 1252 2057 ·

135 2128 222 2193 θεὸν
250 2126 308 2193 ίπλ
336 2129 376 2214 τῇ
403 2129 470 2192 τῶν
499 2124 630 2212 ἄστρων
657 2124 812 2212 ποιήσεις
840 2122 936 2212 ήμείς
964 2126 1000 2192 d&
1022 2124 1160 2211 ἑκάστην
1232 2171 1240 2193 .

137 2224 322 2311 ζητήματος
350 2221 478 2308 εῦρεοιν
507 2219 565 2291 οῦκ
587 2220 657 2290 ἀπὸ
680 2223 775 2289 ίόίων
797 2225 964 2308 λογισμῶν
987 2221 1161 2305 δυνάμεθα

136 2325 254 2408 λέγειν,
277 2317 362 2389 ἀλλὰ
383 2318 453 2388 ἀπὸ
474 2324 533 2408 τῆς
553 2325 619 2387 τῶν
641 2323 780 2408 γραφῶν
797 2315 1010 2397 ἀκολουθίας.
1039 2321 1160 2403 τηλαυ-

135 2423 205 2506 γῶς
233 2418 295 2504 γὰρ
319 2428 472 2507 σημαίνει
495 2414 514 2483 ό
536 2421 595 2483 τοῦ
616 2421 700 2484 θεοῦ
723 2416 821 2502 λόγος
843 2413 896 2483 ὅτι
918 2415 994 2483 οῦτε
1014 2416 1098 2499 μετὰ
1119 2415 1161 2482 τὰ

138 2516 251 2599 ἄστρα
272 2517 440 2603 γεγόνασιν
462 2513 594 2602 ἄγγελοι
616 2512 692 2582 οὕτε
712 2516 781 2598 πρό
797 2510 938 2601 σι’·ρανοῦ
950 2517 1002 2580 καὶ
1015 2518 1081 2601 γῆς,
1100 2537 1160 2580 σα·
1172 2524 1200 2574 Ιῡ

139 2617 217 2702 φῦς
237 2608 444 2697 ἀμεταθέτου
467 2611 562 2693 όντος
583 2616 642 2680 τοῦ
659 2615 769 2702 ῥητοῦ,
793 2617 852 2680 τοῦ
869 2609 922 2678 ότι
938 2611 1004 2694 πρὸ
1021 2608 1161 2697 οῦρανοῦ

136 2715 194 2778 καί
222 2714 282 2796 γῆς
302 2705 398 2779 οόόὲν
418 2700 457 2798 ἢν
478 2715 544 2777 τιῦν
567 2711 779 2796 ίκτισμίνων,
811 2708 863 2778 ότι
886 2710 920 2776 ἐν
942 2705 1023 2795 ἀρχῇ
1046 2709 1158 2796 ἐποίη·

109 2829 199 2886 οσεν
221 2804 242 2874 ό
263 2807 346 2889 θεός
371 2809 431 2875 τόν
451 2802 591 2892 οῦρανόν
611 2811 664 2876 καί
687 2809 746 2897 τήν
768 2812 842 2897 γῆν,
872 2804 918 2886 ὡς
942 2802 1042 2894 όρχής
1063 2804 1163 2894 οὔσης

137 2913 287 2986 κτίσεως,
310 2910 363 2974 καλ
386 2902 481 2974 οῦδὲν
503 2906 572 2992 πρὸ
594 2903 693 2993 αῦτής
713 2910 781 2972 τιῦν
808 2910 1033 2989 κεκτισμένων.

231 3001 280 3071 Οῦ
304 3006 440 3072 όόναται
460 2995 528 3084 οῦν,
553 3001 598 3084 ιῦς
619 3015 795 3090 προεῖπον,
820 3000 839 3069 ό
862 3003 896 3070 lv
919 2999 1091 3088 ἀνθρώπῳ
1107 2998 1204 3066 λό-εί)

138 3126 199 3190 γος
220 3101 405 3188 ἄνθρωπος
426 3105 615 3182 καλεῖσθαι,
639 3097 724 3169 Ιόλλόι
746 3102 842 3188 λόγος
857 3097 1051 3184 ἀνθρώπου.
1083 3099 1113 3166 εί
1127 3100 1163 3165 όό

139 3197 159 3266 ό
190 3199 289 3286 λόγος
314 3205 373 3266 τοῦ
396 3205 479 3268 θεοῦ
501 3197 584 3279 θεός
606 3200 711 3280 ἐστιν,
741 3195 799 3266 οόκ
821 3199 912 3266 ἔστιν
935 3195 1164 3275 ἀνυπόστατος

139 3297 254 3384 λόγος,
284 3293 368 3365 ἀλλὰ
396 3295 619 3377 λνυπόστατος
643 3296 726 3378 θεός
748 3298 845 3382 λόγος
867 3298 900 3362 ἐκ
923 3299 982 3361 τοῦ
1006 3299 1089 3363 θεοῦ
1111 3320 1165 3381 γε·

139 3402 336 3483 γεννημίκος
368 3391 517 3479 ἆνόρχως
543 3399 596 3463 καλ
626 3390 772 3480 ἇχρόνως
800 3391 840 3460 “ό
868 3393 930 3480 γὰρ
959 3392 1055 3479 λόγος
1083 3392 1167 3478 σὰρξ

140 3495 345 3580 ἐγένετοκαὶ
369 3493 550 3581 ἐσκήνωσεν
573 3494 607 3561 ίν
628 3489 723 3580 ἡμῖν,
754 3498 806 3560 καὶ
830 3493 963 3575 εἴδομεν
984 3491 1043 3578 τήν
1066 3490 1203 3570 όόξαντσ

141 3587 256 3671 σῦτοῦ,
280 3591 380 3670 δόξαν
401 3587 448 3670 ιῦς
467 3594 665 3678 μονογενοῦς
686 3592 779 3677 παρὰ
801 3590 938 3674 πατρός,
962 3588 1090 3676 πλήρης
1106 3588 1165 3672 χά-

90 3701 237 3774 σιλριτος
256 3691 312 3755 καλ
335 3683 506 3775 ἀληθείας.
534 3683 682 3777 Ἰωάννης
701 3698 862 3774 μαρτυρεῖ
883 3689 959 3770 περὶ
976 3682 1087 3765 αότοῦ,
1110 3689 1164 3753 καλ

141 3794 279 3873 κέκραγε
300 3788 401 3872 λέγων
424 3774 543 3865 ’ίοῦτός
560 3787 649 3855 ἔστιν
665 3785 702 3854 ὃν
718 3781 814 3854 εἶπον
829 3781 916 3869 ῦμλν,
940 3779 958 3849 ό
975 3779 1085 3851 ὀπίσω
1100 3807 1165 3868 μου

92 3928 95 3933 -
143 3885 319 3970 ἐρχόμενος
340 3885 536 3970 ἔμπροσθέν
556 3908 620 3970 μου
641 3890 780 3971 γέγονεν,
805 3881 858 3950 ότι
877 3882 1012 3966 πρῶτός
1035 3908 1100 3967 μου
1115 3871 1164 3968 ήν.

141 3973 243 4062 οὗτος
270 3971 377 4071 ήλθεν
402 3983 451 4062 εἰς
476 3982 534 4050 τόν
561 3982 701 4067 κόσμον,
730 3982 786 4049 ἵνα
814 3983 911 4068 σωθῇ
935 3975 954 4045 ό
975 3980 1099 4062 κόσμος
1121 3973 1205 4046 δι’·εο

142 4077 257 4151 σῦνοῦ.
302 4080 337 4149 ίν
358 4106 406 4169 τερ
428 4079 541 4169 κόσμῳ
562 4071 617 4168 ἦν,
644 4081 701 4149 καὶ
723 4076 741 4146 ό
762 4080 885 4163 κόσμος
907 4073 947 4145 δι’
973 4072 1074 4142 αὐτοῦ
1097 4075 1164 4163 ἐγί-

143 4203 235 4259 νετο,
263 4178 318 4246 καλ
348 4173 366 4244 ό
393 4178 517 4263 κόσμος
545 4173 645 4247 αότόν
672 4172 731 4247 οῦκ
752 4176 859 4264 ἔγνω”.
905 4171 985 4260 ὁρᾷς
1005 4179 1182 4262 μονογενῆ·

143 4278 263 4367 λόγοις
286 4271 366 4364 ὁρᾷς
386 4277 421 4344 ἐν
438 4276 555 4363 κόσμῳ
574 4279 836 4364 πεπληρωμένον
851 4274 886 4343 λν
900 4268 1098 4359 ἀνθρώποις
1111 4277 1165 4342 καὶ

1142 4532 1288 4680 Ι
