<?xml version="1.0" encoding="UTF-8"?>
<!DOCTYPE html PUBLIC "-//W3C//DTD XHTML 1.0 Transitional//EN"
    "http://www.w3.org/TR/xhtml1/DTD/xhtml1-transitional.dtd">
<html xmlns="http://www.w3.org/1999/xhtml" xml:lang="en" lang="en">
 <head>
  <title>
</title>
<meta http-equiv="Content-Type" content="text/html;charset=utf-8" />
  <meta name='ocr-system' content='tesseract 3.04.00' />
  <meta name='ocr-capabilities' content='ocr_page ocr_carea ocr_par ocr_line ocrx_word'/>
</head>
<body>
  <div class='ocr_page' id='page_1' title='image "./opera01dindgoog_1029.png"; bbox 0 0 2867 5084; ppageno 0'>
   <div class='ocr_carea' id='block_1_1' title="bbox 203 785 826 850">
    <p class='ocr_par' dir='ltr' id='par_1_1' title="bbox 203 785 826 850">
     <span class='ocr_line' id='line_1_1' title="bbox 203 785 826 850; baseline -0.005 0"><span class='ocrx_word' id='word_1_1' title='bbox 203 785 267 850; x_wconf 77' lang='grc'>948</span> <span class='ocrx_word' id='word_1_2' title='bbox 604 796 826 849; x_wconf 70' lang='lat' dir='ltr'>teneremur.</span> 
     </span>
    </p>
   </div>
   <div class='ocr_carea' id='block_1_2' title="bbox 196 947 1247 3859">
    <p class='ocr_par' dir='ltr' id='par_1_2' title="bbox 206 947 1227 2153">
     <span class='ocr_line' id='line_1_2' title="bbox 206 947 1227 1013; baseline -0.005 -10"><span class='ocrx_word' id='word_1_3' title='bbox 206 954 289 1005; x_wconf 83' lang='lat' dir='ltr'><strong>Simon</strong></span> <span class='ocrx_word' id='word_1_4' title='bbox 309 952 398 1013; x_wconf 71' lang='lat' dir='ltr'>uagus,</span> <span class='ocrx_word' id='word_1_5' title='bbox 419 952 472 1000; x_wconf 85' lang='lat' dir='ltr'>eius</span> <span class='ocrx_word' id='word_1_6' title='bbox 489 952 576 1000; x_wconf 80' lang='lat' dir='ltr'>nuttior</span> <span class='ocrx_word' id='word_1_7' title='bbox 593 949 658 999; x_wconf 77' lang='lat' dir='ltr'>unde</span> <span class='ocrx_word' id='word_1_8' title='bbox 675 948 793 998; x_wconf 80' lang='lat' dir='ltr'>oriundus</span> <span class='ocrx_word' id='word_1_9' title='bbox 811 949 843 997; x_wconf 91' lang='lat' dir='ltr'>ib.</span> <span class='ocrx_word' id='word_1_10' title='bbox 879 947 954 1011; x_wconf 79' lang='lat' dir='ltr'>Apud</span> <span class='ocrx_word' id='word_1_11' title='bbox 973 962 1040 1012; x_wconf 79' lang='lat' dir='ltr'>quon</span> <span class='ocrx_word' id='word_1_12' title='bbox 1060 964 1089 997; x_wconf 82' lang='lat' dir='ltr'>se</span> <span class='ocrx_word' id='word_1_13' title='bbox 1107 950 1177 998; x_wconf 79' lang='lat' dir='ltr'>tienn</span> <span class='ocrx_word' id='word_1_14' title='bbox 1193 966 1227 1013; x_wconf 76' lang='lat' dir='ltr'>pn·</span> 
     </span>
     <span class='ocr_line' id='line_1_3' title="bbox 239 1017 1226 1083; baseline -0.001 -14"><span class='ocrx_word' id='word_1_15' title='bbox 239 1028 308 1080; x_wconf 73' lang='lat' dir='ltr'>trem,</span> <span class='ocrx_word' id='word_1_16' title='bbox 326 1020 389 1083; x_wconf 83' lang='lat' dir='ltr'>opud</span> <span class='ocrx_word' id='word_1_17' title='bbox 408 1034 469 1083; x_wconf 87' lang='lat' dir='ltr'>quos</span> <span class='ocrx_word' id='word_1_18' title='bbox 488 1019 563 1067; x_wconf 75' lang='lat' dir='ltr'>intirim</span> <span class='ocrx_word' id='word_1_19' title='bbox 577 1018 684 1082; x_wconf 74' lang='lat' dir='ltr'>jactabat</span> <span class='ocrx_word' id='word_1_20' title='bbox 701 1018 751 1066; x_wconf 82' lang='lat' dir='ltr'>ibin</span> <span class='ocrx_word' id='word_1_21' title='bbox 768 1018 790 1065; x_wconf 86' lang='lat' dir='ltr'>b.</span> <span class='ocrx_word' id='word_1_22' title='bbox 814 1017 1049 1080; x_wconf 75' lang='lat' dir='ltr'>tquobnptizatus</span> <span class='ocrx_word' id='word_1_23' title='bbox 1068 1018 1102 1066; x_wconf 66' lang='lat' dir='ltr'>in</span> <span class='ocrx_word' id='word_1_24' title='bbox 1126 1019 1226 1068; x_wconf 68' lang='lat' dir='ltr'>Sereno</span> 
     </span>
     <span class='ocr_line' id='line_1_4' title="bbox 241 1085 1226 1151; baseline -0.003 -13"><span class='ocrx_word' id='word_1_25' title='bbox 241 1089 356 1151; x_wconf 88' lang='lat' dir='ltr'>Spiritum</span> <span class='ocrx_word' id='word_1_26' title='bbox 376 1102 423 1135; x_wconf 89' lang='lat' dir='ltr'>non</span> <span class='ocrx_word' id='word_1_27' title='bbox 442 1088 543 1149; x_wconf 81' lang='lat' dir='ltr'>occepit,</span> <span class='ocrx_word' id='word_1_28' title='bbox 569 1095 593 1135; x_wconf 87' lang='lat' dir='ltr'>et</span> <span class='ocrx_word' id='word_1_29' title='bbox 611 1101 655 1134; x_wconf 91' lang='lat' dir='ltr'>cnr</span> <span class='ocrx_word' id='word_1_30' title='bbox 673 1101 702 1134; x_wconf 86' lang='lat' dir='ltr'>eo</span> <span class='ocrx_word' id='word_1_31' title='bbox 720 1086 823 1134; x_wconf 73' lang='lat' dir='ltr'>caruerit</span> <span class='ocrx_word' id='word_1_32' title='bbox 841 1085 908 1134; x_wconf 70' lang='lat' dir='ltr'>inin.</span> <span class='ocrx_word' id='word_1_33' title='bbox 952 1086 1078 1134; x_wconf 73' lang='lat' dir='ltr'>Amitine</span> <span class='ocrx_word' id='word_1_34' title='bbox 1096 1086 1226 1135; x_wconf 73' lang='lat' dir='ltr'>demmin</span> 
     </span>
     <span class='ocr_line' id='line_1_5' title="bbox 241 1151 1226 1218; baseline -0.001 -14"><span class='ocrx_word' id='word_1_35' title='bbox 241 1157 357 1206; x_wconf 75' lang='lat' dir='ltr'>Pecuniae</span> <span class='ocrx_word' id='word_1_36' title='bbox 374 1154 459 1203; x_wconf 85' lang='lat' dir='ltr'>obtulit</span> <span class='ocrx_word' id='word_1_37' title='bbox 471 1155 549 1214; x_wconf 84' lang='lat' dir='ltr'>Petro,</span> <span class='ocrx_word' id='word_1_38' title='bbox 568 1161 594 1202; x_wconf 90' lang='lat' dir='ltr'>ut</span> <span class='ocrx_word' id='word_1_39' title='bbox 605 1155 718 1218; x_wconf 89' lang='lat' dir='ltr'>Spiritum</span> <span class='ocrx_word' id='word_1_40' title='bbox 737 1160 846 1202; x_wconf 81' lang='lat' dir='ltr'>sonetum</span> <span class='ocrx_word' id='word_1_41' title='bbox 866 1151 899 1200; x_wconf 91' lang='lat' dir='ltr'>iiii</span> <span class='ocrx_word' id='word_1_42' title='bbox 915 1151 1046 1202; x_wconf 78' lang='lat' dir='ltr'>conterret</span> <span class='ocrx_word' id='word_1_43' title='bbox 1064 1167 1110 1216; x_wconf 78' lang='lat' dir='ltr'>per</span> <span class='ocrx_word' id='word_1_44' title='bbox 1127 1169 1226 1203; x_wconf 74' lang='lat' dir='ltr'>mm</span> 
     </span>
     <span class='ocr_line' id='line_1_6' title="bbox 240 1221 1226 1286; baseline -0.001 -14"><span class='ocrx_word' id='word_1_45' title='bbox 240 1223 418 1286; x_wconf 75' lang='lat' dir='ltr'>impositionem</span> <span class='ocrx_word' id='word_1_46' title='bbox 437 1222 501 1272; x_wconf 75' lang='lat' dir='ltr'>toa.</span> <span class='ocrx_word' id='word_1_47' title='bbox 537 1222 731 1271; x_wconf 77' lang='lat' dir='ltr'>ndnemonibus</span> <span class='ocrx_word' id='word_1_48' title='bbox 749 1235 793 1284; x_wconf 86' lang='lat' dir='ltr'>per</span> <span class='ocrx_word' id='word_1_49' title='bbox 810 1221 911 1281; x_wconf 71' lang='lat' dir='ltr'>magiam</span> <span class='ocrx_word' id='word_1_50' title='bbox 938 1221 1054 1282; x_wconf 79' lang='lat' dir='ltr'>delusus,</span> <span class='ocrx_word' id='word_1_51' title='bbox 1080 1230 1104 1270; x_wconf 87' lang='lat' dir='ltr'>et</span> <span class='ocrx_word' id='word_1_52' title='bbox 1121 1223 1226 1271; x_wconf 68' lang='lat' dir='ltr'>unricus</span> 
     </span>
     <span class='ocr_line' id='line_1_7' title="bbox 241 1288 1225 1352; baseline 0 -13"><span class='ocrx_word' id='word_1_53' title='bbox 241 1291 306 1339; x_wconf 75' lang='lat' dir='ltr'>iinb.</span> <span class='ocrx_word' id='word_1_54' title='bbox 343 1291 367 1339; x_wconf 88' lang='lat' dir='ltr'>in</span> <span class='ocrx_word' id='word_1_55' title='bbox 387 1292 501 1338; x_wconf 77' lang='lat' dir='ltr'>Venerem</span> <span class='ocrx_word' id='word_1_56' title='bbox 521 1289 631 1352; x_wconf 84' lang='lat' dir='ltr'>proclivis</span> <span class='ocrx_word' id='word_1_57' title='bbox 650 1290 681 1338; x_wconf 89' lang='lat' dir='ltr'>ib.</span> <span class='ocrx_word' id='word_1_58' title='bbox 714 1288 878 1337; x_wconf 78' lang='lat' dir='ltr'>Concubinnrn</span> <span class='ocrx_word' id='word_1_59' title='bbox 897 1288 985 1337; x_wconf 78' lang='lat' dir='ltr'>habuit</span> <span class='ocrx_word' id='word_1_60' title='bbox 1004 1290 1108 1338; x_wconf 83' lang='lat' dir='ltr'>nomine</span> <span class='ocrx_word' id='word_1_61' title='bbox 1127 1291 1225 1339; x_wconf 72' lang='lat' dir='ltr'>iieienn</span> 
     </span>
     <span class='ocr_line' id='line_1_8' title="bbox 240 1356 1226 1415; baseline 0 -9"><span class='ocrx_word' id='word_1_62' title='bbox 240 1359 273 1407; x_wconf 81' lang='lat' dir='ltr'>in.</span> <span class='ocrx_word' id='word_1_63' title='bbox 302 1357 379 1415; x_wconf 79' lang='lat' dir='ltr'>Quom</span> <span class='ocrx_word' id='word_1_64' title='bbox 397 1372 454 1407; x_wconf 81' lang='lat' dir='ltr'>reno</span> <span class='ocrx_word' id='word_1_65' title='bbox 473 1358 503 1406; x_wconf 82' lang='lat' dir='ltr'>do</span> <span class='ocrx_word' id='word_1_66' title='bbox 522 1371 549 1405; x_wconf 85' lang='lat' dir='ltr'>se</span> <span class='ocrx_word' id='word_1_67' title='bbox 567 1364 590 1405; x_wconf 89' lang='lat' dir='ltr'>et</span> <span class='ocrx_word' id='word_1_68' title='bbox 608 1357 638 1405; x_wconf 85' lang='lat' dir='ltr'>de</span> <span class='ocrx_word' id='word_1_69' title='bbox 655 1371 698 1406; x_wconf 84' lang='lat' dir='ltr'>sun</span> <span class='ocrx_word' id='word_1_70' title='bbox 717 1356 807 1406; x_wconf 80' lang='lat' dir='ltr'>Heleno</span> <span class='ocrx_word' id='word_1_71' title='bbox 824 1356 931 1404; x_wconf 76' lang='lat' dir='ltr'>obsurde</span> <span class='ocrx_word' id='word_1_72' title='bbox 951 1357 1050 1406; x_wconf 79' lang='lat' dir='ltr'>tinxerit</span> <span class='ocrx_word' id='word_1_73' title='bbox 1071 1358 1104 1406; x_wconf 84' lang='lat' dir='ltr'>in.</span> <span class='ocrx_word' id='word_1_74' title='bbox 1117 1358 1140 1406; x_wconf 78' lang='lat' dir='ltr'>d.</span> <span class='ocrx_word' id='word_1_75' title='bbox 1172 1359 1226 1407; x_wconf 77' lang='lat' dir='ltr'>ther</span> 
     </span>
     <span class='ocr_line' id='line_1_9' title="bbox 241 1424 1224 1489; baseline 0.001 -15"><span class='ocrx_word' id='word_1_76' title='bbox 241 1426 271 1474; x_wconf 86' lang='lat' dir='ltr'>nb</span> <span class='ocrx_word' id='word_1_77' title='bbox 289 1426 417 1474; x_wconf 75' lang='lat' dir='ltr'>haereticis</span> <span class='ocrx_word' id='word_1_78' title='bbox 435 1434 516 1474; x_wconf 81' lang='lat' dir='ltr'>noento</span> <span class='ocrx_word' id='word_1_79' title='bbox 535 1426 639 1473; x_wconf 73' lang='lat' dir='ltr'>{torbero</span> <span class='ocrx_word' id='word_1_80' title='bbox 657 1424 690 1473; x_wconf 83' lang='lat' dir='ltr'>rei</span> <span class='ocrx_word' id='word_1_81' title='bbox 711 1424 811 1473; x_wconf 85' lang='lat' dir='ltr'>Bnrbeio</span> <span class='ocrx_word' id='word_1_82' title='bbox 829 1424 860 1472; x_wconf 86' lang='lat' dir='ltr'>ib.</span> <span class='ocrx_word' id='word_1_83' title='bbox 880 1432 904 1472; x_wconf 84' lang='lat' dir='ltr'>et</span> <span class='ocrx_word' id='word_1_84' title='bbox 923 1424 957 1472; x_wconf 76' lang='lat' dir='ltr'>nt</span> <span class='ocrx_word' id='word_1_85' title='bbox 969 1426 1061 1473; x_wconf 64' lang='lat' dir='ltr'>minc.</span> <span class='ocrx_word' id='word_1_86' title='bbox 1093 1425 1121 1474; x_wconf 79' lang='lat' dir='ltr'>Et</span> <span class='ocrx_word' id='word_1_87' title='bbox 1138 1427 1224 1489; x_wconf 72' lang='lat' dir='ltr'>abipso</span> 
     </span>
     <span class='ocr_line' id='line_1_10' title="bbox 241 1492 1226 1554; baseline 0.001 -13"><span class='ocrx_word' id='word_1_88' title='bbox 241 1493 340 1541; x_wconf 80' lang='lat' dir='ltr'>Simone</span> <span class='ocrx_word' id='word_1_89' title='bbox 359 1495 425 1554; x_wconf 75' lang='lat' dir='ltr'>tingo</span> <span class='ocrx_word' id='word_1_90' title='bbox 443 1494 505 1542; x_wconf 84' lang='lat' dir='ltr'>dicto</span> <span class='ocrx_word' id='word_1_91' title='bbox 524 1493 625 1541; x_wconf 79' lang='lat' dir='ltr'>Minerva</span> <span class='ocrx_word' id='word_1_92' title='bbox 643 1492 706 1541; x_wconf 70' lang='lat' dir='ltr'>stt.</span> <span class='ocrx_word' id='word_1_93' title='bbox 749 1493 807 1541; x_wconf 86' lang='lat' dir='ltr'>item</span> <span class='ocrx_word' id='word_1_94' title='bbox 836 1500 859 1539; x_wconf 86' lang='lat' dir='ltr'>et</span> <span class='ocrx_word' id='word_1_95' title='bbox 877 1492 951 1541; x_wconf 80' lang='lat' dir='ltr'>Notio</span> <span class='ocrx_word' id='word_1_96' title='bbox 976 1500 1002 1541; x_wconf 85' lang='lat' dir='ltr'>et</span> <span class='ocrx_word' id='word_1_97' title='bbox 1021 1494 1082 1541; x_wconf 75' lang='lat' dir='ltr'>Oris</span> <span class='ocrx_word' id='word_1_98' title='bbox 1106 1495 1226 1542; x_wconf 56' lang='lat' dir='ltr'>ernis*</span> 
     </span>
     <span class='ocr_line' id='line_1_11' title="bbox 242 1560 1226 1626; baseline 0.003 -18"><span class='ocrx_word' id='word_1_99' title='bbox 242 1561 359 1622; x_wconf 69' lang='lat' dir='ltr'>Evangelii</span> <span class='ocrx_word' id='word_1_100' title='bbox 377 1562 438 1610; x_wconf 76' lang='lat' dir='ltr'>58n.</span> <span class='ocrx_word' id='word_1_101' title='bbox 473 1561 523 1610; x_wconf 83' lang='lat' dir='ltr'>Sub</span> <span class='ocrx_word' id='word_1_102' title='bbox 542 1560 602 1609; x_wconf 85' lang='lat' dir='ltr'>ioris</span> <span class='ocrx_word' id='word_1_103' title='bbox 619 1575 646 1608; x_wconf 83' lang='lat' dir='ltr'>sc</span> <span class='ocrx_word' id='word_1_104' title='bbox 664 1560 774 1621; x_wconf 72' lang='lat' dir='ltr'>imagine,</span> <span class='ocrx_word' id='word_1_105' title='bbox 792 1561 848 1608; x_wconf 83' lang='lat' dir='ltr'>item</span> <span class='ocrx_word' id='word_1_106' title='bbox 867 1573 937 1608; x_wconf 77' lang='lat' dir='ltr'>snam</span> <span class='ocrx_word' id='word_1_107' title='bbox 953 1561 1077 1610; x_wconf 74' lang='lat' dir='ltr'>Holenam</span> <span class='ocrx_word' id='word_1_108' title='bbox 1094 1563 1141 1611; x_wconf 73' lang='lat' dir='ltr'>sui</span> <span class='ocrx_word' id='word_1_109' title='bbox 1156 1563 1226 1626; x_wconf 78' lang='lat' dir='ltr'>specie</span> 
     </span>
     <span class='ocr_line' id='line_1_12' title="bbox 241 1628 1226 1692; baseline 0.002 -15"><span class='ocrx_word' id='word_1_110' title='bbox 241 1629 357 1678; x_wconf 82' lang='lat' dir='ltr'>itinerrnc</span> <span class='ocrx_word' id='word_1_111' title='bbox 376 1645 388 1676; x_wconf 84' lang='lat' dir='ltr'>n</span> <span class='ocrx_word' id='word_1_112' title='bbox 407 1629 458 1678; x_wconf 88' lang='lat' dir='ltr'>suis</span> <span class='ocrx_word' id='word_1_113' title='bbox 476 1629 548 1677; x_wconf 81' lang='lat' dir='ltr'>notuit</span> <span class='ocrx_word' id='word_1_114' title='bbox 565 1628 660 1678; x_wconf 78' lang='lat' dir='ltr'>odorari</span> <span class='ocrx_word' id='word_1_115' title='bbox 678 1629 710 1677; x_wconf 81' lang='lat' dir='ltr'>in.</span> <span class='ocrx_word' id='word_1_116' title='bbox 749 1628 827 1677; x_wconf 76' lang='lat' dir='ltr'>Foeda</span> <span class='ocrx_word' id='word_1_117' title='bbox 845 1643 980 1690; x_wconf 85' lang='lat' dir='ltr'>corporum</span> <span class='ocrx_word' id='word_1_118' title='bbox 999 1629 1119 1692; x_wconf 67' lang='lat' dir='ltr'>profluvia</span> <span class='ocrx_word' id='word_1_119' title='bbox 1137 1630 1226 1679; x_wconf 78' lang='lat' dir='ltr'>institnit</span> 
     </span>
     <span class='ocr_line' id='line_1_13' title="bbox 241 1696 1225 1758; baseline 0.004 -15"><span class='ocrx_word' id='word_1_120' title='bbox 241 1697 306 1744; x_wconf 75' lang='lat' dir='ltr'>iinb.</span> <span class='ocrx_word' id='word_1_121' title='bbox 342 1696 423 1745; x_wconf 82' lang='lat' dir='ltr'>Varius</span> <span class='ocrx_word' id='word_1_122' title='bbox 447 1696 615 1758; x_wconf 76' lang='lat' dir='ltr'>intelligentius</span> <span class='ocrx_word' id='word_1_123' title='bbox 639 1697 663 1744; x_wconf 92' lang='lat' dir='ltr'>in</span> <span class='ocrx_word' id='word_1_124' title='bbox 687 1696 762 1745; x_wconf 85' lang='lat' dir='ltr'>coetis</span> <span class='ocrx_word' id='word_1_125' title='bbox 786 1696 911 1744; x_wconf 87' lang='lat' dir='ltr'>constituit</span> <span class='ocrx_word' id='word_1_126' title='bbox 936 1697 971 1745; x_wconf 86' lang='lat' dir='ltr'>ih.</span> <span class='ocrx_word' id='word_1_127' title='bbox 988 1712 1010 1745; x_wconf 89' lang='lat' dir='ltr'>c.</span> <span class='ocrx_word' id='word_1_128' title='bbox 1056 1699 1225 1747; x_wconf 76' lang='lat' dir='ltr'>nSimoninris</span> 
     </span>
     <span class='ocr_line' id='line_1_14' title="bbox 242 1763 1226 1830; baseline 0.003 -18"><span class='ocrx_word' id='word_1_129' title='bbox 242 1765 349 1813; x_wconf 85' lang='lat' dir='ltr'>Gnostici</span> <span class='ocrx_word' id='word_1_130' title='bbox 367 1765 413 1813; x_wconf 87' lang='lat' dir='ltr'>orti</span> <span class='ocrx_word' id='word_1_131' title='bbox 431 1765 463 1813; x_wconf 86' lang='lat' dir='ltr'>ib.</span> <span class='ocrx_word' id='word_1_132' title='bbox 474 1764 497 1813; x_wconf 86' lang='lat' dir='ltr'>d.</span> <span class='ocrx_word' id='word_1_133' title='bbox 524 1764 590 1813; x_wconf 85' lang='lat' dir='ltr'>idem</span> <span class='ocrx_word' id='word_1_134' title='bbox 607 1765 688 1813; x_wconf 89' lang='lat' dir='ltr'>Simon</span> <span class='ocrx_word' id='word_1_135' title='bbox 708 1763 838 1826; x_wconf 78' lang='lat' dir='ltr'>Prophetes</span> <span class='ocrx_word' id='word_1_136' title='bbox 855 1777 868 1811; x_wconf 83' lang='lat' dir='ltr'>n</span> <span class='ocrx_word' id='word_1_137' title='bbox 887 1764 962 1812; x_wconf 74' lang='lat' dir='ltr'>striis</span> <span class='ocrx_word' id='word_1_138' title='bbox 980 1763 1151 1826; x_wconf 68' lang='lat' dir='ltr'>intelligentiis</span> <span class='ocrx_word' id='word_1_139' title='bbox 1166 1768 1226 1830; x_wconf 79' lang='lat' dir='ltr'>spiri·</span> 
     </span>
     <span class='ocr_line' id='line_1_15' title="bbox 239 1832 1225 1897; baseline 0.004 -18"><span class='ocrx_word' id='word_1_140' title='bbox 239 1840 290 1880; x_wconf 88' lang='lat' dir='ltr'>tnrn</span> <span class='ocrx_word' id='word_1_141' title='bbox 308 1835 433 1894; x_wconf 81' lang='lat' dir='ltr'>accepisse</span> <span class='ocrx_word' id='word_1_142' title='bbox 451 1833 546 1882; x_wconf 86' lang='lat' dir='ltr'>censuit</span> <span class='ocrx_word' id='word_1_143' title='bbox 563 1833 595 1881; x_wconf 89' lang='lat' dir='ltr'>ib.</span> <span class='ocrx_word' id='word_1_144' title='bbox 609 1833 632 1881; x_wconf 88' lang='lat' dir='ltr'>d.</span> <span class='ocrx_word' id='word_1_145' title='bbox 667 1832 745 1881; x_wconf 85' lang='lat' dir='ltr'>Veteri</span> <span class='ocrx_word' id='word_1_146' title='bbox 764 1839 907 1881; x_wconf 73' lang='lat' dir='ltr'>testamento</span> <span class='ocrx_word' id='word_1_147' title='bbox 933 1832 1011 1881; x_wconf 86' lang='lat' dir='ltr'>fldem</span> <span class='ocrx_word' id='word_1_148' title='bbox 1035 1833 1160 1897; x_wconf 66' lang='lat' dir='ltr'>obrossrsit</span> <span class='ocrx_word' id='word_1_149' title='bbox 1174 1835 1225 1885; x_wconf 69' lang='grc' dir='ltr'>δθι</span> 
     </span>
     <span class='ocr_line' id='line_1_16' title="bbox 241 1898 1226 1962; baseline 0.008 -17"><span class='ocrx_word' id='word_1_150' title='bbox 241 1898 385 1962; x_wconf 82' lang='lat' dir='ltr'>ineptiarum</span> <span class='ocrx_word' id='word_1_151' title='bbox 405 1901 457 1948; x_wconf 86' lang='lat' dir='ltr'>eius</span> <span class='ocrx_word' id='word_1_152' title='bbox 475 1901 586 1949; x_wconf 72' lang='lat' dir='ltr'>refutatio</span> <span class='ocrx_word' id='word_1_153' title='bbox 605 1901 628 1948; x_wconf 81' lang='lat' dir='ltr'>ib</span> <span class='ocrx_word' id='word_1_154' title='bbox 672 1899 785 1949; x_wconf 85' lang='lat' dir='ltr'>Eiusdem</span> <span class='ocrx_word' id='word_1_155' title='bbox 804 1901 915 1948; x_wconf 86' lang='lat' dir='ltr'>interitus</span> <span class='ocrx_word' id='word_1_156' title='bbox 934 1900 1031 1948; x_wconf 73' lang='lat' dir='ltr'>{tonnae</span> <span class='ocrx_word' id='word_1_157' title='bbox 1050 1903 1085 1951; x_wconf 86' lang='lat' dir='ltr'>ib.</span> <span class='ocrx_word' id='word_1_158' title='bbox 1116 1904 1226 1952; x_wconf 76' lang='lat' dir='ltr'>sententio</span> 
     </span>
     <span class='ocr_line' id='line_1_17' title="bbox 241 1967 1226 2033; baseline 0.006 -19"><span class='ocrx_word' id='word_1_159' title='bbox 241 1967 302 2015; x_wconf 82' lang='lat' dir='ltr'>Petri</span> <span class='ocrx_word' id='word_1_160' title='bbox 322 1967 344 2015; x_wconf 92' lang='lat' dir='ltr'>in</span> <span class='ocrx_word' id='word_1_161' title='bbox 364 1968 466 2017; x_wconf 89' lang='lat' dir='ltr'>eundern</span> <span class='ocrx_word' id='word_1_162' title='bbox 486 1969 551 2017; x_wconf 71' lang='lat' dir='ltr'>nnn.</span> <span class='ocrx_word' id='word_1_163' title='bbox 589 1968 707 2017; x_wconf 81' lang='lat' dir='ltr'>Reiutntio</span> <span class='ocrx_word' id='word_1_164' title='bbox 726 1968 778 2016; x_wconf 84' lang='lat' dir='ltr'>eius</span> <span class='ocrx_word' id='word_1_165' title='bbox 797 1968 926 2030; x_wconf 75' lang='lat' dir='ltr'>impietatis</span> <span class='ocrx_word' id='word_1_166' title='bbox 946 1969 1016 2018; x_wconf 73' lang='lat' dir='ltr'>cirre</span> <span class='ocrx_word' id='word_1_167' title='bbox 1035 1971 1137 2033; x_wconf 73' lang='lat' dir='ltr'>nuptins</span> <span class='ocrx_word' id='word_1_168' title='bbox 1154 1981 1176 2019; x_wconf 82' lang='lat' dir='ltr'>ct</span> <span class='ocrx_word' id='word_1_169' title='bbox 1190 1972 1226 2019; x_wconf 82' lang='lat' dir='ltr'>rir-</span> 
     </span>
     <span class='ocr_line' id='line_1_18' title="bbox 240 2035 1224 2101; baseline 0.006 -19"><span class='ocrx_word' id='word_1_170' title='bbox 240 2035 362 2095; x_wconf 80' lang='lat' dir='ltr'>ginitntem</span> <span class='ocrx_word' id='word_1_171' title='bbox 381 2036 412 2083; x_wconf 88' lang='lat' dir='ltr'>ib.</span> <span class='ocrx_word' id='word_1_172' title='bbox 424 2051 444 2084; x_wconf 93' lang='lat' dir='ltr'>c.</span> <span class='ocrx_word' id='word_1_173' title='bbox 457 2036 479 2083; x_wconf 87' lang='lat' dir='ltr'>d.</span> <span class='ocrx_word' id='word_1_174' title='bbox 522 2035 580 2083; x_wconf 86' lang='lat' dir='ltr'>itcrn</span> <span class='ocrx_word' id='word_1_175' title='bbox 604 2036 736 2085; x_wconf 75' lang='lat' dir='ltr'>confutatio</span> <span class='ocrx_word' id='word_1_176' title='bbox 761 2036 888 2099; x_wconf 88' lang='lat' dir='ltr'>impiorum</span> <span class='ocrx_word' id='word_1_177' title='bbox 915 2038 970 2090; x_wconf 78' lang='lat' dir='ltr'>eius</span> <span class='ocrx_word' id='word_1_178' title='bbox 997 2037 1150 2101; x_wconf 69' lang='lat' dir='ltr'>dogmatum,</span> <span class='ocrx_word' id='word_1_179' title='bbox 1172 2040 1224 2088; x_wconf 78' lang='lat' dir='ltr'>ciret</span> 
     </span>
     <span class='ocr_line' id='line_1_19' title="bbox 241 2102 601 2153; baseline 0.006 -3"><span class='ocrx_word' id='word_1_180' title='bbox 241 2103 386 2151; x_wconf 70' lang='lat' dir='ltr'>creationem</span> <span class='ocrx_word' id='word_1_181' title='bbox 404 2103 486 2153; x_wconf 86' lang='lat' dir='ltr'>mundi</span> <span class='ocrx_word' id='word_1_182' title='bbox 505 2102 537 2153; x_wconf 84' lang='grc'>60</span> <span class='ocrx_word' id='word_1_183' title='bbox 545 2117 567 2152; x_wconf 78' lang='lat' dir='ltr'>a.</span> <span class='ocrx_word' id='word_1_184' title='bbox 578 2104 601 2152; x_wconf 86' lang='lat' dir='ltr'>h.</span> 
     </span>
    </p>

    <p class='ocr_par' dir='ltr' id='par_1_3' title="bbox 207 2170 1184 2235">
     <span class='ocr_line' id='line_1_20' title="bbox 207 2170 1184 2235; baseline 0.007 -18"><span class='ocrx_word' id='word_1_185' title='bbox 207 2170 329 2220; x_wconf 79' lang='lat' dir='ltr'>Simonem</span> <span class='ocrx_word' id='word_1_186' title='bbox 349 2172 496 2235; x_wconf 74' lang='lat' dir='ltr'>Cyrenaeum</span> <span class='ocrx_word' id='word_1_187' title='bbox 514 2186 557 2233; x_wconf 90' lang='lat' dir='ltr'>pro</span> <span class='ocrx_word' id='word_1_188' title='bbox 576 2171 672 2220; x_wconf 80' lang='lat' dir='ltr'>Christo</span> <span class='ocrx_word' id='word_1_189' title='bbox 689 2172 712 2220; x_wconf 94' lang='lat' dir='ltr'>in</span> <span class='ocrx_word' id='word_1_190' title='bbox 732 2186 804 2220; x_wconf 82' lang='lat' dir='ltr'>errice</span> <span class='ocrx_word' id='word_1_191' title='bbox 822 2184 920 2234; x_wconf 81' lang='lat' dir='ltr'>possum</span> <span class='ocrx_word' id='word_1_192' title='bbox 938 2185 992 2220; x_wconf 92' lang='lat' dir='ltr'>non</span> <span class='ocrx_word' id='word_1_193' title='bbox 1012 2187 1071 2223; x_wconf 85' lang='lat' dir='ltr'>esse</span> <span class='ocrx_word' id='word_1_194' title='bbox 1090 2175 1184 2224; x_wconf 55' lang='lat' dir='ltr'>*iisne</span> 
     </span>
    </p>

    <p class='ocr_par' dir='ltr' id='par_1_4' title="bbox 207 2238 773 2303">
     <span class='ocr_line' id='line_1_21' title="bbox 207 2238 773 2303; baseline 0.007 -19"><span class='ocrx_word' id='word_1_195' title='bbox 207 2239 340 2288; x_wconf 78' lang='lat' dir='ltr'>Siirmincrs</span> <span class='ocrx_word' id='word_1_196' title='bbox 358 2240 455 2301; x_wconf 86' lang='lat' dir='ltr'>qunndo</span> <span class='ocrx_word' id='word_1_197' title='bbox 473 2240 575 2303; x_wconf 87' lang='lat' dir='ltr'>primum</span> <span class='ocrx_word' id='word_1_198' title='bbox 595 2238 708 2288; x_wconf 83' lang='lat' dir='ltr'>inbrirntn</span> <span class='ocrx_word' id='word_1_199' title='bbox 728 2240 773 2289; x_wconf 78' lang='lat' dir='ltr'>So.</span> 
     </span>
    </p>

    <p class='ocr_par' dir='ltr' id='par_1_5' title="bbox 206 2306 1247 2437">
     <span class='ocr_line' id='line_1_22' title="bbox 206 2306 1247 2374; baseline 0.006 -22"><span class='ocrx_word' id='word_1_200' title='bbox 206 2306 297 2355; x_wconf 88' lang='lat' dir='ltr'>Somno</span> <span class='ocrx_word' id='word_1_201' title='bbox 315 2308 445 2370; x_wconf 83' lang='lat' dir='ltr'>obrepente</span> <span class='ocrx_word' id='word_1_202' title='bbox 464 2321 531 2355; x_wconf 90' lang='lat' dir='ltr'>mens</span> <span class='ocrx_word' id='word_1_203' title='bbox 549 2315 628 2355; x_wconf 84' lang='lat' dir='ltr'>tumen</span> <span class='ocrx_word' id='word_1_204' title='bbox 645 2308 722 2369; x_wconf 69' lang='lat' dir='ltr'>vipiint</span> <span class='ocrx_word' id='word_1_205' title='bbox 742 2308 821 2357; x_wconf 76' lang='lat' dir='ltr'>tutu.</span> <span class='ocrx_word' id='word_1_206' title='bbox 852 2307 936 2355; x_wconf 91' lang='lat' dir='ltr'>Somni</span> <span class='ocrx_word' id='word_1_207' title='bbox 955 2306 1009 2355; x_wconf 84' lang='lat' dir='ltr'>sire</span> <span class='ocrx_word' id='word_1_208' title='bbox 1022 2313 1134 2374; x_wconf 80' lang='lat' dir='ltr'>stuporis</span> <span class='ocrx_word' id='word_1_209' title='bbox 1152 2311 1247 2360; x_wconf 70' lang='lat' dir='ltr'>eflecti.</span> 
     </span>
     <span class='ocr_line' id='line_1_23' title="bbox 242 2374 634 2437; baseline 0.005 -15"><span class='ocrx_word' id='word_1_210' title='bbox 242 2374 265 2421; x_wconf 88' lang='lat' dir='ltr'>in</span> <span class='ocrx_word' id='word_1_211' title='bbox 285 2375 408 2437; x_wconf 84' lang='lat' dir='ltr'>corporeis</span> <span class='ocrx_word' id='word_1_212' title='bbox 426 2376 537 2423; x_wconf 81' lang='lat' dir='ltr'>sensibus</span> <span class='ocrx_word' id='word_1_213' title='bbox 555 2374 634 2424; x_wconf 76' lang='lat' dir='ltr'>toto.</span> 
     </span>
    </p>

    <p class='ocr_par' dir='ltr' id='par_1_6' title="bbox 206 2441 901 2492">
     <span class='ocr_line' id='line_1_24' title="bbox 206 2441 901 2492; baseline 0.003 -4"><span class='ocrx_word' id='word_1_214' title='bbox 206 2441 325 2490; x_wconf 87' lang='lat' dir='ltr'>Somoroo</span> <span class='ocrx_word' id='word_1_215' title='bbox 344 2457 413 2491; x_wconf 87' lang='lat' dir='ltr'>muns</span> <span class='ocrx_word' id='word_1_216' title='bbox 432 2444 635 2492; x_wconf 77' lang='lat' dir='ltr'>Samaritanorum</span> <span class='ocrx_word' id='word_1_217' title='bbox 655 2442 717 2491; x_wconf 81' lang='lat' dir='ltr'>undu</span> <span class='ocrx_word' id='word_1_218' title='bbox 737 2441 815 2491; x_wconf 85' lang='lat' dir='ltr'>dictus</span> <span class='ocrx_word' id='word_1_219' title='bbox 833 2441 866 2491; x_wconf 78' lang='lat' dir='ltr'>tt</span> <span class='ocrx_word' id='word_1_220' title='bbox 878 2442 901 2490; x_wconf 83' lang='lat' dir='ltr'>b.</span> 
     </span>
    </p>

    <p class='ocr_par' dir='ltr' id='par_1_7' title="bbox 206 2509 1171 2572">
     <span class='ocr_line' id='line_1_25' title="bbox 206 2509 1171 2572; baseline 0.005 -15"><span class='ocrx_word' id='word_1_221' title='bbox 206 2509 309 2557; x_wconf 78' lang='lat' dir='ltr'>Sorores</span> <span class='ocrx_word' id='word_1_222' title='bbox 327 2509 393 2557; x_wconf 80' lang='lat' dir='ltr'>nctus</span> <span class='ocrx_word' id='word_1_223' title='bbox 412 2510 456 2559; x_wconf 89' lang='lat' dir='ltr'>init</span> <span class='ocrx_word' id='word_1_224' title='bbox 474 2526 559 2559; x_wconf 80' lang='lat' dir='ltr'>uxores</span> <span class='ocrx_word' id='word_1_225' title='bbox 578 2511 666 2559; x_wconf 85' lang='lat' dir='ltr'>ducere</span> <span class='ocrx_word' id='word_1_226' title='bbox 685 2518 815 2572; x_wconf 72' lang='lat' dir='ltr'>propagato</span> <span class='ocrx_word' id='word_1_227' title='bbox 833 2510 957 2558; x_wconf 80' lang='lat' dir='ltr'>hominnm</span> <span class='ocrx_word' id='word_1_228' title='bbox 978 2526 1072 2571; x_wconf 66' lang='lat' dir='ltr'>penem</span> <span class='ocrx_word' id='word_1_229' title='bbox 1092 2512 1171 2562; x_wconf 61' lang='lat'>288&amp;</span> 
     </span>
    </p>

    <p class='ocr_par' dir='ltr' id='par_1_8' title="bbox 206 2575 1224 3318">
     <span class='ocr_line' id='line_1_26' title="bbox 206 2575 1223 2644; baseline 0.004 -20"><span class='ocrx_word' id='word_1_230' title='bbox 206 2575 320 2638; x_wconf 89' lang='lat' dir='ltr'>Spiritum</span> <span class='ocrx_word' id='word_1_231' title='bbox 339 2586 447 2626; x_wconf 80' lang='lat' dir='ltr'>sanctum</span> <span class='ocrx_word' id='word_1_232' title='bbox 467 2592 520 2627; x_wconf 83' lang='lat' dir='ltr'>esse</span> <span class='ocrx_word' id='word_1_233' title='bbox 540 2579 631 2638; x_wconf 80' lang='lat' dir='ltr'>Deum,</span> <span class='ocrx_word' id='word_1_234' title='bbox 656 2578 712 2640; x_wconf 85' lang='lat' dir='ltr'>quin</span> <span class='ocrx_word' id='word_1_235' title='bbox 738 2586 776 2626; x_wconf 86' lang='lat' dir='ltr'>est</span> <span class='ocrx_word' id='word_1_236' title='bbox 800 2591 845 2627; x_wconf 77' lang='lat' dir='ltr'>une</span> <span class='ocrx_word' id='word_1_237' title='bbox 868 2577 974 2626; x_wconf 85' lang='lat' dir='ltr'>Trinitns</span> <span class='ocrx_word' id='word_1_238' title='bbox 1001 2579 1087 2629; x_wconf 65' lang='lat' dir='ltr'>wid.</span> <span class='ocrx_word' id='word_1_239' title='bbox 1132 2580 1223 2644; x_wconf 71' lang='lat' dir='ltr'>Spiritu</span> 
     </span>
     <span class='ocr_line' id='line_1_27' title="bbox 239 2645 1224 2708; baseline 0.006 -17"><span class='ocrx_word' id='word_1_240' title='bbox 239 2652 337 2692; x_wconf 75' lang='lat' dir='ltr'>nanctus</span> <span class='ocrx_word' id='word_1_241' title='bbox 355 2660 399 2693; x_wconf 87' lang='lat' dir='ltr'>cur</span> <span class='ocrx_word' id='word_1_242' title='bbox 416 2647 497 2708; x_wconf 84' lang='lat' dir='ltr'>specio</span> <span class='ocrx_word' id='word_1_243' title='bbox 515 2645 640 2696; x_wconf 79' lang='lat' dir='ltr'>cotnnntne</span> <span class='ocrx_word' id='word_1_244' title='bbox 658 2646 722 2693; x_wconf 82' lang='lat' dir='ltr'>risus</span> <span class='ocrx_word' id='word_1_245' title='bbox 742 2646 821 2694; x_wconf 72' lang='lat' dir='ltr'>sttn.</span> <span class='ocrx_word' id='word_1_246' title='bbox 862 2645 968 2707; x_wconf 83' lang='lat' dir='ltr'>Spiritus</span> <span class='ocrx_word' id='word_1_247' title='bbox 987 2656 1093 2696; x_wconf 74' lang='lat' dir='ltr'>sanctos</span> <span class='ocrx_word' id='word_1_248' title='bbox 1110 2663 1124 2696; x_wconf 82' lang='lat' dir='ltr'>rr</span> <span class='ocrx_word' id='word_1_249' title='bbox 1142 2656 1224 2697; x_wconf 71' lang='lat' dir='ltr'>mutr-</span> 
     </span>
     <span class='ocr_line' id='line_1_28' title="bbox 240 2711 1223 2779; baseline 0.007 -21"><span class='ocrx_word' id='word_1_250' title='bbox 240 2712 272 2759; x_wconf 87' lang='lat' dir='ltr'>ris</span> <span class='ocrx_word' id='word_1_251' title='bbox 291 2711 369 2761; x_wconf 74' lang='lat' dir='ltr'>differt</span> <span class='ocrx_word' id='word_1_252' title='bbox 387 2712 467 2761; x_wconf 79' lang='lat' dir='ltr'>896d.</span> <span class='ocrx_word' id='word_1_253' title='bbox 511 2714 592 2762; x_wconf 82' lang='lat' dir='ltr'>Pitrres</span> <span class='ocrx_word' id='word_1_254' title='bbox 617 2714 640 2761; x_wconf 93' lang='lat' dir='ltr'>in</span> <span class='ocrx_word' id='word_1_255' title='bbox 666 2715 741 2761; x_wconf 80' lang='lat' dir='ltr'>sacris</span> <span class='ocrx_word' id='word_1_256' title='bbox 766 2713 841 2762; x_wconf 87' lang='lat' dir='ltr'>iiteris</span> <span class='ocrx_word' id='word_1_257' title='bbox 865 2712 966 2775; x_wconf 86' lang='lat' dir='ltr'>spiritns</span> <span class='ocrx_word' id='word_1_258' title='bbox 993 2715 1082 2765; x_wconf 71' lang='lat' dir='ltr'>notu</span> <span class='ocrx_word' id='word_1_259' title='bbox 1129 2716 1223 2779; x_wconf 72' lang='lat' dir='ltr'>Spiritu</span> 
     </span>
     <span class='ocr_line' id='line_1_29' title="bbox 238 2779 1222 2845; baseline 0.006 -21"><span class='ocrx_word' id='word_1_260' title='bbox 238 2785 336 2826; x_wconf 76' lang='lat' dir='ltr'>sanctus</span> <span class='ocrx_word' id='word_1_261' title='bbox 355 2793 368 2826; x_wconf 85' lang='lat' dir='ltr'>n</span> <span class='ocrx_word' id='word_1_262' title='bbox 387 2788 453 2841; x_wconf 84' lang='lat' dir='ltr'>pntre</span> <span class='ocrx_word' id='word_1_263' title='bbox 472 2788 494 2829; x_wconf 88' lang='lat' dir='ltr'>et</span> <span class='ocrx_word' id='word_1_264' title='bbox 513 2781 561 2829; x_wconf 78' lang='lat' dir='ltr'>silio</span> <span class='ocrx_word' id='word_1_265' title='bbox 580 2781 688 2842; x_wconf 83' lang='lat' dir='ltr'>procedit</span> <span class='ocrx_word' id='word_1_266' title='bbox 707 2781 791 2830; x_wconf 73' lang='lat' dir='ltr'>snut.</span> <span class='ocrx_word' id='word_1_267' title='bbox 833 2779 901 2828; x_wconf 84' lang='lat' dir='ltr'>Eius·</span> <span class='ocrx_word' id='word_1_268' title='bbox 914 2782 1044 2842; x_wconf 70' lang='lat' dir='ltr'>praeclara</span> <span class='ocrx_word' id='word_1_269' title='bbox 1071 2785 1173 2845; x_wconf 74' lang='lat' dir='ltr'>epitheta</span> <span class='ocrx_word' id='word_1_270' title='bbox 1195 2784 1222 2831; x_wconf 67' lang='lat' dir='ltr'>ih</span> 
     </span>
     <span class='ocr_line' id='line_1_30' title="bbox 238 2846 1220 2914; baseline 0.006 -22"><span class='ocrx_word' id='word_1_271' title='bbox 238 2846 341 2907; x_wconf 85' lang='lat' dir='ltr'>Spiritus</span> <span class='ocrx_word' id='word_1_272' title='bbox 359 2855 457 2894; x_wconf 78' lang='lat' dir='ltr'>sanctus</span> <span class='ocrx_word' id='word_1_273' title='bbox 475 2849 586 2896; x_wconf 80' lang='lat' dir='ltr'>omninno</span> <span class='ocrx_word' id='word_1_274' title='bbox 604 2855 709 2910; x_wconf 82' lang='lat' dir='ltr'>prnostut</span> <span class='ocrx_word' id='word_1_275' title='bbox 728 2849 844 2897; x_wconf 76' lang='lat' dir='ltr'>creaturis</span> <span class='ocrx_word' id='word_1_276' title='bbox 861 2848 942 2898; x_wconf 76' lang='lat' dir='ltr'>onoc.</span> <span class='ocrx_word' id='word_1_277' title='bbox 979 2851 1018 2900; x_wconf 79' lang='lat' dir='ltr'>De</span> <span class='ocrx_word' id='word_1_278' title='bbox 1037 2852 1117 2900; x_wconf 76' lang='lat' dir='ltr'>sancti</span> <span class='ocrx_word' id='word_1_279' title='bbox 1133 2851 1220 2914; x_wconf 76' lang='lat' dir='ltr'>spiritns</span> 
     </span>
     <span class='ocr_line' id='line_1_31' title="bbox 238 2911 1222 2982; baseline 0.006 -23"><span class='ocrx_word' id='word_1_280' title='bbox 238 2911 359 2960; x_wconf 76' lang='lat' dir='ltr'>diuinitate</span> <span class='ocrx_word' id='word_1_281' title='bbox 376 2915 512 2962; x_wconf 76' lang='lat' dir='ltr'>testimonis</span> <span class='ocrx_word' id='word_1_282' title='bbox 531 2914 610 2964; x_wconf 75' lang='lat' dir='ltr'>ostio.</span> <span class='ocrx_word' id='word_1_283' title='bbox 652 2917 757 2978; x_wconf 82' lang='lat' dir='ltr'>Spiritus</span> <span class='ocrx_word' id='word_1_284' title='bbox 775 2930 844 2965; x_wconf 82' lang='lat' dir='ltr'>ierus</span> <span class='ocrx_word' id='word_1_285' title='bbox 862 2931 889 2964; x_wconf 83' lang='lat' dir='ltr'>rc</span> <span class='ocrx_word' id='word_1_286' title='bbox 908 2925 1021 2980; x_wconf 76' lang='lat' dir='ltr'>sanctus,</span> <span class='ocrx_word' id='word_1_287' title='bbox 1048 2919 1139 2982; x_wconf 81' lang='lat' dir='ltr'>quibos</span> <span class='ocrx_word' id='word_1_288' title='bbox 1153 2919 1222 2967; x_wconf 88' lang='lat' dir='ltr'>nomi·</span> 
     </span>
     <span class='ocr_line' id='line_1_32' title="bbox 239 2979 1222 3050; baseline 0.009 -22"><span class='ocrx_word' id='word_1_289' title='bbox 239 2979 477 3042; x_wconf 76' lang='lat' dir='ltr'>nibusdistingontur</span> <span class='ocrx_word' id='word_1_290' title='bbox 494 2990 519 3030; x_wconf 89' lang='lat' dir='ltr'>et</span> <span class='ocrx_word' id='word_1_291' title='bbox 536 2984 610 3044; x_wconf 76' lang='lat' dir='ltr'>signis</span> <span class='ocrx_word' id='word_1_292' title='bbox 621 2992 781 3045; x_wconf 76' lang='lat' dir='ltr'>cognoscatur</span> <span class='ocrx_word' id='word_1_293' title='bbox 797 2984 878 3034; x_wconf 69' lang='lat' dir='ltr'>ilii.</span> <span class='ocrx_word' id='word_1_294' title='bbox 905 2985 1015 3047; x_wconf 78' lang='lat' dir='ltr'>Spiritus</span> <span class='ocrx_word' id='word_1_295' title='bbox 1035 2996 1222 3050; x_wconf 69' lang='lat' dir='ltr'>sanctumque-</span> 
     </span>
     <span class='ocr_line' id='line_1_33' title="bbox 238 3047 1223 3118; baseline 0.01 -23"><span class='ocrx_word' id='word_1_296' title='bbox 238 3047 267 3096; x_wconf 85' lang='lat' dir='ltr'>tis</span> <span class='ocrx_word' id='word_1_297' title='bbox 278 3047 374 3110; x_wconf 82' lang='lat' dir='ltr'>Christi,</span> <span class='ocrx_word' id='word_1_298' title='bbox 393 3056 416 3099; x_wconf 86' lang='lat' dir='ltr'>et</span> <span class='ocrx_word' id='word_1_299' title='bbox 432 3050 545 3100; x_wconf 75' lang='lat' dir='ltr'>attributa</span> <span class='ocrx_word' id='word_1_300' title='bbox 564 3053 636 3100; x_wconf 88' lang='lat' dir='ltr'>unius</span> <span class='ocrx_word' id='word_1_301' title='bbox 653 3052 722 3100; x_wconf 85' lang='lat' dir='ltr'>niteri</span> <span class='ocrx_word' id='word_1_302' title='bbox 741 3054 812 3100; x_wconf 86' lang='lat' dir='ltr'>etinm</span> <span class='ocrx_word' id='word_1_303' title='bbox 831 3054 976 3102; x_wconf 79' lang='lat' dir='ltr'>conveniunt</span> <span class='ocrx_word' id='word_1_304' title='bbox 995 3053 1084 3105; x_wconf 74' lang='lat'><strong>8921».</strong></span> <span class='ocrx_word' id='word_1_305' title='bbox 1098 3055 1122 3104; x_wconf 69' lang='lat' dir='ltr'>ti</span> <span class='ocrx_word' id='word_1_306' title='bbox 1156 3054 1223 3118; x_wconf 83' lang='lat' dir='ltr'>Spiri-</span> 
     </span>
     <span class='ocr_line' id='line_1_34' title="bbox 238 3118 1224 3182; baseline 0.008 -18"><span class='ocrx_word' id='word_1_307' title='bbox 238 3123 276 3165; x_wconf 87' lang='lat' dir='ltr'>tus</span> <span class='ocrx_word' id='word_1_308' title='bbox 294 3125 392 3166; x_wconf 86' lang='lat' dir='ltr'>snnctus</span> <span class='ocrx_word' id='word_1_309' title='bbox 410 3118 474 3167; x_wconf 86' lang='lat' dir='ltr'>Deus</span> <span class='ocrx_word' id='word_1_310' title='bbox 499 3126 536 3167; x_wconf 84' lang='lat' dir='ltr'>est</span> <span class='ocrx_word' id='word_1_311' title='bbox 559 3119 640 3169; x_wconf 73' lang='lat' dir='ltr'>note.</span> <span class='ocrx_word' id='word_1_312' title='bbox 683 3121 787 3182; x_wconf 84' lang='lat' dir='ltr'>Spiritus</span> <span class='ocrx_word' id='word_1_313' title='bbox 811 3129 910 3169; x_wconf 82' lang='lat' dir='ltr'>snnctus</span> <span class='ocrx_word' id='word_1_314' title='bbox 934 3121 1175 3174; x_wconf 70' lang='lat' dir='ltr'>ndonndus895n</span> <span class='ocrx_word' id='word_1_315' title='bbox 1207 3124 1224 3172; x_wconf 83' lang='lat' dir='ltr'>t</span> 
     </span>
     <span class='ocr_line' id='line_1_35' title="bbox 237 3186 1223 3255; baseline 0.007 -22"><span class='ocrx_word' id='word_1_316' title='bbox 237 3191 305 3246; x_wconf 81' lang='lat' dir='ltr'>putre</span> <span class='ocrx_word' id='word_1_317' title='bbox 323 3186 399 3235; x_wconf 91' lang='lat' dir='ltr'>oritur</span> <span class='ocrx_word' id='word_1_318' title='bbox 416 3195 439 3235; x_wconf 86' lang='lat' dir='ltr'>et</span> <span class='ocrx_word' id='word_1_319' title='bbox 458 3187 506 3236; x_wconf 84' lang='lat' dir='ltr'>nno</span> <span class='ocrx_word' id='word_1_320' title='bbox 525 3188 590 3237; x_wconf 68' lang='lat' dir='ltr'>ind.</span> <span class='ocrx_word' id='word_1_321' title='bbox 636 3188 670 3236; x_wconf 83' lang='lat' dir='ltr'>De</span> <span class='ocrx_word' id='word_1_322' title='bbox 688 3188 779 3250; x_wconf 89' lang='lat' dir='ltr'>Spiritu</span> <span class='ocrx_word' id='word_1_323' title='bbox 798 3196 882 3237; x_wconf 83' lang='lat' dir='ltr'>noncto</span> <span class='ocrx_word' id='word_1_324' title='bbox 901 3203 945 3237; x_wconf 88' lang='lat' dir='ltr'>cur</span> <span class='ocrx_word' id='word_1_325' title='bbox 964 3190 988 3238; x_wconf 92' lang='lat' dir='ltr'>in</span> <span class='ocrx_word' id='word_1_326' title='bbox 1008 3191 1117 3240; x_wconf 72' lang='lat' dir='ltr'>Nissen·</span> <span class='ocrx_word' id='word_1_327' title='bbox 1135 3191 1223 3255; x_wconf 62' lang='lat' dir='ltr'>Sinnio</span> 
     </span>
     <span class='ocr_line' id='line_1_36' title="bbox 239 3253 1224 3318; baseline 0.009 -18"><span class='ocrx_word' id='word_1_328' title='bbox 239 3253 296 3301; x_wconf 82' lang='lat' dir='ltr'>nihii</span> <span class='ocrx_word' id='word_1_329' title='bbox 308 3253 398 3302; x_wconf 86' lang='lat' dir='ltr'>diserte</span> <span class='ocrx_word' id='word_1_330' title='bbox 408 3256 438 3303; x_wconf 87' lang='lat' dir='ltr'>sit</span> <span class='ocrx_word' id='word_1_331' title='bbox 452 3256 585 3317; x_wconf 80' lang='lat' dir='ltr'>expositum</span> <span class='ocrx_word' id='word_1_332' title='bbox 603 3255 652 3306; x_wconf 78' lang='lat' dir='ltr'>not</span> <span class='ocrx_word' id='word_1_333' title='bbox 663 3270 684 3305; x_wconf 82' lang='lat' dir='ltr'>n.</span> <span class='ocrx_word' id='word_1_334' title='bbox 709 3257 815 3318; x_wconf 79' lang='lat' dir='ltr'>Spiritus</span> <span class='ocrx_word' id='word_1_335' title='bbox 824 3263 922 3306; x_wconf 79' lang='lat' dir='ltr'>sanctos</span> <span class='ocrx_word' id='word_1_336' title='bbox 935 3272 1008 3307; x_wconf 79' lang='lat' dir='ltr'>ierus</span> <span class='ocrx_word' id='word_1_337' title='bbox 1017 3260 1131 3309; x_wconf 82' lang='lat' dir='ltr'>estliens</span> <span class='ocrx_word' id='word_1_338' title='bbox 1148 3258 1224 3309; x_wconf 71' lang='lat' dir='ltr'>itii.</span> 
     </span>
    </p>

    <p class='ocr_par' dir='ltr' id='par_1_9' title="bbox 203 3320 1223 3386">
     <span class='ocr_line' id='line_1_37' title="bbox 203 3320 1223 3386; baseline 0.006 -17"><span class='ocrx_word' id='word_1_339' title='bbox 203 3320 278 3370; x_wconf 87' lang='lat' dir='ltr'>Stoici</span> <span class='ocrx_word' id='word_1_340' title='bbox 297 3328 320 3369; x_wconf 90' lang='lat' dir='ltr'>et</span> <span class='ocrx_word' id='word_1_341' title='bbox 339 3336 421 3372; x_wconf 87' lang='lat' dir='ltr'>eorum</span> <span class='ocrx_word' id='word_1_342' title='bbox 440 3324 547 3373; x_wconf 78' lang='lat' dir='ltr'>haeresin</span> <span class='ocrx_word' id='word_1_343' title='bbox 566 3324 597 3373; x_wconf 91' lang='lat' dir='ltr'>ttt</span> <span class='ocrx_word' id='word_1_344' title='bbox 615 3324 752 3386; x_wconf 76' lang='lat' dir='ltr'>gentilium,</span> <span class='ocrx_word' id='word_1_345' title='bbox 779 3324 865 3374; x_wconf 80' lang='lat' dir='ltr'>ordine</span> <span class='ocrx_word' id='word_1_346' title='bbox 884 3325 899 3373; x_wconf 88' lang='lat' dir='ltr'>t</span> <span class='ocrx_word' id='word_1_347' title='bbox 923 3325 953 3374; x_wconf 76' lang='lat' dir='ltr'>te</span> <span class='ocrx_word' id='word_1_348' title='bbox 966 3340 988 3376; x_wconf 83' lang='lat' dir='ltr'>n.</span> <span class='ocrx_word' id='word_1_349' title='bbox 1037 3328 1173 3377; x_wconf 82' lang='lat' dir='ltr'>Stoicorum</span> <span class='ocrx_word' id='word_1_350' title='bbox 1190 3341 1223 3375; x_wconf 82' lang='lat' dir='ltr'>re·</span> 
     </span>
    </p>

    <p class='ocr_par' dir='ltr' id='par_1_10' title="bbox 196 3388 406 3438">
     <span class='ocr_line' id='line_1_38' title="bbox 196 3388 406 3438; baseline 0.014 -3"><span class='ocrx_word' id='word_1_351' title='bbox 196 3426 198 3430; x_wconf 36' lang='lat'>&gt;</span> <span class='ocrx_word' id='word_1_352' title='bbox 238 3388 322 3436; x_wconf 77' lang='lat' dir='ltr'>tutatio</span> <span class='ocrx_word' id='word_1_353' title='bbox 346 3388 406 3438; x_wconf 73' lang='lat' dir='ltr'>ten.</span> 
     </span>
    </p>

    <p class='ocr_par' dir='ltr' id='par_1_11' title="bbox 204 3455 1223 3587">
     <span class='ocr_line' id='line_1_39' title="bbox 204 3455 1223 3524; baseline 0.006 -18"><span class='ocrx_word' id='word_1_354' title='bbox 204 3455 314 3519; x_wconf 88' lang='lat' dir='ltr'>Stuporis</span> <span class='ocrx_word' id='word_1_355' title='bbox 342 3470 429 3505; x_wconf 87' lang='lat' dir='ltr'>nomen</span> <span class='ocrx_word' id='word_1_356' title='bbox 454 3457 521 3519; x_wconf 83' lang='lat' dir='ltr'>pium</span> <span class='ocrx_word' id='word_1_357' title='bbox 545 3457 675 3520; x_wconf 75' lang='lat' dir='ltr'>significet,</span> <span class='ocrx_word' id='word_1_358' title='bbox 705 3466 727 3508; x_wconf 90' lang='lat' dir='ltr'>et</span> <span class='ocrx_word' id='word_1_359' title='bbox 752 3474 815 3521; x_wconf 84' lang='lat' dir='ltr'>qnne</span> <span class='ocrx_word' id='word_1_360' title='bbox 839 3460 947 3524; x_wconf 85' lang='lat' dir='ltr'>stuporis</span> <span class='ocrx_word' id='word_1_361' title='bbox 972 3460 1128 3513; x_wconf 67' lang='lat' dir='ltr'>differentiae</span> <span class='ocrx_word' id='word_1_362' title='bbox 1150 3462 1223 3512; x_wconf 76' lang='lat' dir='ltr'>tote</span> 
     </span>
     <span class='ocr_line' id='line_1_40' title="bbox 238 3523 960 3587; baseline 0.01 -15"><span class='ocrx_word' id='word_1_363' title='bbox 238 3524 328 3586; x_wconf 85' lang='lat' dir='ltr'>Stupor</span> <span class='ocrx_word' id='word_1_364' title='bbox 345 3523 428 3573; x_wconf 76' lang='lat' dir='ltr'>Adnmi</span> <span class='ocrx_word' id='word_1_365' title='bbox 447 3525 524 3587; x_wconf 88' lang='lat' dir='ltr'>quniis</span> <span class='ocrx_word' id='word_1_366' title='bbox 542 3525 613 3575; x_wconf 80' lang='lat' dir='ltr'>tuerit</span> <span class='ocrx_word' id='word_1_367' title='bbox 631 3527 680 3576; x_wconf 77' lang='lat'>406</span> <span class='ocrx_word' id='word_1_368' title='bbox 691 3542 712 3576; x_wconf 87' lang='lat' dir='ltr'>c.</span> <span class='ocrx_word' id='word_1_369' title='bbox 958 3548 960 3550; x_wconf 67' lang='grc'>’</span> 
     </span>
    </p>

    <p class='ocr_par' dir='ltr' id='par_1_12' title="bbox 205 3592 1223 3657">
     <span class='ocr_line' id='line_1_41' title="bbox 205 3592 1223 3657; baseline 0.002 -15"><span class='ocrx_word' id='word_1_370' title='bbox 205 3592 360 3642; x_wconf 77' lang='lat' dir='ltr'>Substantias</span> <span class='ocrx_word' id='word_1_371' title='bbox 375 3607 455 3641; x_wconf 82' lang='lat' dir='ltr'>rocem</span> <span class='ocrx_word' id='word_1_372' title='bbox 467 3593 589 3655; x_wconf 87' lang='lat' dir='ltr'>quomodo</span> <span class='ocrx_word' id='word_1_373' title='bbox 601 3595 740 3643; x_wconf 85' lang='lat' dir='ltr'>Sirmiensis</span> <span class='ocrx_word' id='word_1_374' title='bbox 751 3594 863 3657; x_wconf 78' lang='lat' dir='ltr'>Synodus</span> <span class='ocrx_word' id='word_1_375' title='bbox 873 3603 960 3643; x_wconf 77' lang='lat' dir='ltr'>conato</span> <span class='ocrx_word' id='word_1_376' title='bbox 970 3594 1045 3645; x_wconf 83' lang='lat' dir='ltr'>inerit</span> <span class='ocrx_word' id='word_1_377' title='bbox 1056 3597 1140 3647; x_wconf 82' lang='lat' dir='ltr'>toiinre</span> <span class='ocrx_word' id='word_1_378' title='bbox 1152 3595 1223 3648; x_wconf 77' lang='lat' dir='ltr'>nott</span> 
     </span>
    </p>

    <p class='ocr_par' dir='ltr' id='par_1_13' title="bbox 204 3661 746 3723">
     <span class='ocr_line' id='line_1_42' title="bbox 204 3661 746 3723; baseline -0.002 -13"><span class='ocrx_word' id='word_1_379' title='bbox 204 3661 406 3723; x_wconf 77' lang='lat' dir='ltr'>Superstitionem</span> <span class='ocrx_word' id='word_1_380' title='bbox 426 3661 591 3723; x_wconf 73' lang='lat' dir='ltr'>Aegyptiorum</span> <span class='ocrx_word' id='word_1_381' title='bbox 610 3663 676 3722; x_wconf 76' lang='lat' dir='ltr'>origo</span> <span class='ocrx_word' id='word_1_382' title='bbox 697 3662 746 3712; x_wconf 85' lang='lat' dir='ltr'>8d.</span> 
     </span>
    </p>

    <p class='ocr_par' dir='ltr' id='par_1_14' title="bbox 203 3727 1226 3859">
     <span class='ocr_line' id='line_1_43' title="bbox 203 3727 1226 3792; baseline 0.002 -14"><span class='ocrx_word' id='word_1_383' title='bbox 203 3727 324 3792; x_wconf 71' lang='lat' dir='ltr'>Syunneos</span> <span class='ocrx_word' id='word_1_384' title='bbox 343 3728 394 3777; x_wconf 85' lang='lat' dir='ltr'>dies</span> <span class='ocrx_word' id='word_1_385' title='bbox 413 3736 435 3777; x_wconf 87' lang='lat' dir='ltr'>et</span> <span class='ocrx_word' id='word_1_386' title='bbox 454 3737 582 3777; x_wconf 82' lang='lat' dir='ltr'>comentur</span> <span class='ocrx_word' id='word_1_387' title='bbox 601 3729 723 3792; x_wconf 84' lang='lat' dir='ltr'>quomodo</span> <span class='ocrx_word' id='word_1_388' title='bbox 742 3731 771 3777; x_wconf 83' lang='lat' dir='ltr'>nb</span> <span class='ocrx_word' id='word_1_389' title='bbox 783 3729 904 3792; x_wconf 76' lang='lat' dir='ltr'>Apostolis</span> <span class='ocrx_word' id='word_1_390' title='bbox 924 3729 1030 3780; x_wconf 87' lang='lat' dir='ltr'>instituti</span> <span class='ocrx_word' id='word_1_391' title='bbox 1054 3733 1149 3783; x_wconf 63' lang='lat' dir='ltr'>itote.</span> <span class='ocrx_word' id='word_1_392' title='bbox 1172 3732 1226 3781; x_wconf 83' lang='lat' dir='ltr'>item</span> 
     </span>
     <span class='ocr_line' id='line_1_44' title="bbox 239 3796 746 3859; baseline 0.006 -15"><span class='ocrx_word' id='word_1_393' title='bbox 239 3796 353 3845; x_wconf 88' lang='lat' dir='ltr'>ieiunium</span> <span class='ocrx_word' id='word_1_394' title='bbox 373 3804 457 3859; x_wconf 79' lang='lat' dir='ltr'>quarto</span> <span class='ocrx_word' id='word_1_395' title='bbox 475 3804 498 3844; x_wconf 88' lang='lat' dir='ltr'>et</span> <span class='ocrx_word' id='word_1_396' title='bbox 517 3804 582 3845; x_wconf 81' lang='lat' dir='ltr'>serta</span> <span class='ocrx_word' id='word_1_397' title='bbox 601 3796 660 3846; x_wconf 79' lang='lat' dir='ltr'>terta</span> <span class='ocrx_word' id='word_1_398' title='bbox 680 3799 710 3848; x_wconf 83' lang='lat' dir='ltr'>in.</span> <span class='ocrx_word' id='word_1_399' title='bbox 724 3799 746 3847; x_wconf 87' lang='lat' dir='ltr'>d.</span> 
     </span>
    </p>
   </div>
   <div class='ocr_carea' id='block_1_3' title="bbox 695 3909 730 3965">
    <p class='ocr_par' dir='ltr' id='par_1_15' title="bbox 695 3909 730 3965">
     <span class='ocr_line' id='line_1_45' title="bbox 695 3909 730 3965; baseline 0 0"><span class='ocrx_word' id='word_1_400' title='bbox 695 3909 730 3965; x_wconf 83' lang='grc' dir='ltr'>Τ.</span> 
     </span>
    </p>
   </div>
   <div class='ocr_carea' id='block_1_4' title="bbox 202 3996 1228 4115">
    <p class='ocr_par' dir='ltr' id='par_1_16' title="bbox 202 3996 1228 4115">
     <span class='ocr_line' id='line_1_46' title="bbox 202 3996 1228 4115; baseline 0.007 -68"><span class='ocrx_word' id='word_1_401' title='bbox 202 3997 390 4075; x_wconf 71' lang='lat' dir='ltr'>Tuberone-utum</span> <span class='ocrx_word' id='word_1_402' title='bbox 410 3996 532 4115; x_wconf 45' lang='lat' dir='ltr'>iigeniezsine</span> <span class='ocrx_word' id='word_1_403' title='bbox 551 4000 755 4061; x_wconf 77' lang='lat' dir='ltr'>accommodatur,</span> <span class='ocrx_word' id='word_1_404' title='bbox 780 3999 850 4049; x_wconf 83' lang='lat' dir='ltr'>cuins</span> <span class='ocrx_word' id='word_1_405' title='bbox 874 4000 963 4050; x_wconf 82' lang='lat' dir='ltr'>iamin</span> <span class='ocrx_word' id='word_1_406' title='bbox 983 4002 1073 4053; x_wconf 80' lang='lat' dir='ltr'>virtute</span> <span class='ocrx_word' id='word_1_407' title='bbox 1092 4004 1228 4056; x_wconf 73' lang='lat' dir='ltr'>tundamen-</span> 
     </span>
     <span class='ocr_line' id='line_1_47' title="bbox 238 4070 513 4115; baseline -0.004 0"><span class='ocrx_word' id='word_1_408' title='bbox 238 4076 286 4115; x_wconf 90' lang='lat' dir='ltr'>tum</span> <span class='ocrx_word' id='word_1_409' title='bbox 306 4070 417 4115; x_wconf 79' lang='lat' dir='ltr'>consistit</span> <span class='ocrx_word' id='word_1_410' title='bbox 493 4084 513 4115; x_wconf 91' lang='lat' dir='ltr'>c.</span> 
     </span>
    </p>
   </div>
   <div class='ocr_carea' id='block_1_5' title="bbox 0 0 1438 5084">
    <p class='ocr_par' dir='ltr' id='par_1_17' title="bbox 0 0 1438 5084">
     <span class='ocr_line' id='line_1_48' title="bbox 0 0 1438 5084; baseline 0 0"><span class='ocrx_word' id='word_1_411' title='bbox 0 0 1438 5084; x_wconf 95' lang='lat' dir='ltr'> </span> 
     </span>
    </p>
   </div>
  </div>
 </body>
</html>
