2867 5084
493 952 590 1007 hm.
609 955 816 1006 αλιιίκιιοι.
1103 947 1161 1006 115

144 1101 264 1169 “οιί’πυι
298 1103 541 1191 ἐπληρώθησαν
575 1105 610 1171 αἱ
644 1100 804 1189 ἁμαρτίαι
835 1107 900 1171 τῶν
929 1100 1163 1192 Ἀμορραίων”.

144 1200 202 1266 διά
227 1204 323 1267 τοῦτο
346 1208 547 1286 παρέμειναν
577 1202 611 1268 ἐν
637 1205 684 1288 τῷ
708 1199 778 1287 ὄρει
799 1205 1109 1288 χρονοτριβούμενοι
1131 1205 1164 1271 έν

142 1301 183 1384 τῇ
207 1298 333 1384 ἐρήμῳ,
367 1300 428 1377 ἕως
451 1293 490 1365 άν
514 1293 809 1384 αύτοκατακρίτους
838 1300 974 1378 ἑαυτούς
996 1303 1165 1390 ποιὴσώσι

143 1398 198 1461 καὶ
223 1395 397 1463 ἓπέλθιοσι
419 1396 505 1479 πρὸς
533 1396 681 1480 πόλεμον
711 1408 784 1475 τοῖς
811 1388 897 1474 υλοῖς
919 1401 1069 1487 τοῦὲὴμ
1093 1411 1165 1479 τοῖς

145 1487 362 1580 ἡδικημένοις.
405 1492 476 1581 Σὴμ
499 1493 559 1578 γάρ
582 1496 678 1581 γεννᾷ
705 1493 763 1560 τὸν
784 1489 964 1579 Ἀρφαξάδ,
994 1491 1188 1582 Ἀρφαξάδε

143 1588 203 1655 τὸν
226 1594 328 1675 Κηνᾶ,
353 1596 446 1678 Κηνᾶ
468 1592 524 1656 τὸν
546 1594 647 1669 Σαλά,
677 1593 770 1657 Σαλά
791 1591 848 1656 τὸν
863 1588 966 1676 Ἔβερ,
992 1588 1085 1678 Ἔβερ
1108 1594 1164 1659 τὸν

147 1687 274 1765 Φαλὲκ,
301 1688 412 1753 (Ιιαλὲκ
433 1687 490 1755 τὸν
510 1684 637 1774 Ῥαγαύ,
658 1684 771 1774 Ῥαχαῦ
793 1689 850 1754 τὸν
873 1690 1010 1774 Σερούχ,
1044 1692 1165 1775 Σερούχ

115 1781 204 1851 ετδν
227 1784 363 1868 Ναχώρ,
394 1785 515 1870 Ναχώρ
539 1786 595 1851 τὸν
621 1786 750 1870 Θάρρα,
784 1786 899 1869 Θάρρα
927 1786 983 1853 τὸν
1003 1783 1164 1871 Ἁβραάμ,

140 1878 295 1965 Ἀβραάμ
307 1881 363 1948 τὸν
377 1877 492 1961 Ἰσαάκ,
509 1877 614 1951 Ἰσαάκ
632 1882 690 1948 τὸν
702 1877 823 1966 Ἰακώβ,
841 1878 953 1968 Ἰακώβ
965 1884 1020 1949 τὸν
1033 1879 1163 1964 Ἰούδαν,

140 1973 266 2056 Ἰούδας
281 1978 338 2044 τὸν
352 1982 471 2063 Φαρὲς,
497 1982 607 2064 Φαρὲς
621 1980 679 2045 τὸν
691 1977 826 2064 Ἑσρώμ,
842 1975 966 2064 Ἑσρώμ
981 1981 1038 2047 τὸν
1048 1975 1163 2067 Ἀρὰμ,
1178 1995 1205 2045 ιο

139 2069 249 2158 Ἀράμ
271 2074 328 2141 τὸν
341 2072 537 2161 Ἀμιναδάβ,
557 2072 744 2161 Ἀμιναδάβ
758 2077 814 2142 τὸν
828 2077 1004 2143 Ναασσών.
1036 2077 1069 2144 ἐν
1090 2079 1165 2161 χρὸ-

143 2194 217 2249 νοις
239 2173 408 2240 Ναασσών
430 2176 488 2239 τοῦ
510 2174 677 2260 φυλάρχου
700 2177 758 2239 τοῦ
778 2170 882 2240 Ἰούδα
904 2177 956 2239 καὶ
982 2174 1014 2239 ἐν
1035 2174 1166 2256 χρόνοις

141 2263 248 2351 Ἰησοῦ
270 2273 328 2335 τού
344 2273 439 2358 Ναυῆ
463 2271 580 2356 ἔλαβον
604 2273 636 2337 οἱ
659 2272 725 2337 υἱοὶ
748 2274 806 2336 τοῦ
822 2270 894 2356 Σὴμ
914 2271 971 2353 την
995 2271 1082 2335 ίδίαν
1096 2274 1165 2358 χὴν,

143 2368 309 2450 μηδεμιᾶς
339 2362 468 2446 ἀδικίας
490 2368 524 2434 έν
545 2374 637 2454 μέσην
666 2365 892 2452 ὑπαρχούσης,
927 2361 1012 2433 άλλά
1040 2368 1166 2433 δικαιο-

145 2470 285 2547 κρισίας.
320 2465 438 2531 ἔπεσεν
461 2454 519 2532 σύν
541 2466 583 2532 τά
605 2472 692 2550 τείχη
713 2458 1041 2548 Ἱεριχώιαύτύματα·
1073 2460 1089 2552 ἡ
1105 2464 1166 2549 γάρ
1179 2484 1206 2533 15

145 2560 338 2648 δικαιοσύνη
361 2561 482 2630 ἒκδικεῖ
502 2561 560 2650 τὴν
584 2556 724 2629 άδικίαν.
770 2562 803 2629 ἐν
834 2561 920 2628 ἑπτὰ
950 2557 1085 2647 ἡμέραις
1107 2588 1167 2628 πε-

145 2656 335 2741 ριεκύκλουν
357 2660 399 2726 τὰ
420 2667 519 2742 τείχη,
543 2662 595 2726 καλ
620 2658 731 2726 ἐλύετο
752 2658 791 2724 τὸ
810 2657 987 2743 σάββατον,
1011 2660 1066 2725 ἵνα
1082 2661 1167 2745 πλη-

114 2757 245 2841 υριυθῇ
267 2751 287 2841 ἡ
312 2756 512 2843 δικαιοσύνη.

234 2857 285 2919 85.
320 2848 368 2919 01}
388 2853 491 2937 μόνον
514 2854 550 2920 δὲ
573 2856 681 2933 τοῦτο,
706 2848 790 2920 άλλά
813 2852 899 2919 έπτά
920 2851 1054 2935 λύχνους
1076 2853 1165 2935 ἔσχεν

145 2945 165 3039 ἡ
192 2950 304 3031 λυχνία
326 2953 384 3016 τοῦ
407 2946 612 3035 άγιάσματος
640 2951 674 3018 ἐν
702 2954 741 3036 τῇ
766 2952 865 3035 σκηνῇ
893 2952 952 3016 τοῦ
974 2956 1207 3033 μαρτυρίου,2υ

144 3049 201 3113 καί
225 3041 301 3113 καθ’
319 3047 457 3135 ἑκάστην
479 3043 602 3136 ἡμέραν
625 3048 657 3114 ολ
679 3046 767 3113 ἑπτά
782 3046 892 3129 λύχνοι
913 3042 1058 3134 ἡπτοντσ
1076 3050 1166 3125 ἴσως,

142 3142 204 3219 καὶ
232 3138 305 3210 οὐδ’
332 3140 416 3224 ὅλως
445 3145 478 3212 έν
505 3149 568 3232 μιᾷ
597 3140 700 3231 ἡμέρᾳ
728 3142 819 3232 ἡργει
847 3139 894 3222 εἷς
923 3138 1046 3221 αὐτῶν,
1085 3138 1169 3209 ἀλλὰ

143 3234 224 3307 καθ’
250 3240 388 3327 ἑκάστην
410 3237 532 3329 ἡμέραν
561 3241 601 3309 τὸ
624 3236 704 3307 αὐτὸ
728 3245 800 3327 φώς
823 3267 870 3329 ην.
915 3234 952 3305 ου’·
975 3247 1085 3325 χέχονε
1106 3240 1167 3325 γάρ

143 3337 188 3404 τὸ
217 3337 383 3423 σάββατον
406 3339 454 3417 είς
476 3334 686 3416 ἀπόκλεισιν,
724 3333 808 3406 άλλά
836 3338 883 3415 εἰς
911 3337 1004 3421 ἔργον
1027 3333 1166 3423 άχαθόν.

143 3434 288 3519 μηδενὸς
316 3436 351 3502 δὲ
380 3431 464 3514 ὅλως
493 3435 708 3521 ἐργαζομένου
738 3435 770 3501 έν
799 3440 871 3512 ταῖς
900 3435 1025 3501 δώδεκα
1048 3437 1209 3522 φυλαῖςιδ

143 3531 252 3617 μόνον
279 3533 316 3599 τὸ
345 3532 587 3621 θυσιαστήριον
610 3527 668 3599 σύκ
690 3529 797 3620 ἡρχει,
829 3531 943 3610 καθώς
966 3535 1051 3619 λέγει
1075 3528 1092 3595 ὁ
1114 3532 1169 3598 κύ-

85 3646 222 3713 ·ιυυριος
250 3628 283 3695 έν
312 3633 358 3715 τῷ
387 3624 563 3717 εύαχχελίηι
596 3630 649 3697 “oi
680 3630 779 3715 ἱερεῖς
806 3625 897 3712 ύμών
924 3632 1104 3716 βεβηλούσι
1130 3629 1169 3695 τὸ

145 3724 317 3810 σάββατον
340 3726 373 3793 έν
395 3732 441 3813 τη]
464 3730 543 3813 ναιῖι,
567 3730 621 3794 καλ
644 3726 728 3795 είσὶν
745 3722 918 3794 άναίτιοι.”
939 3727 1028 3794 τὸδὲ·
1053 3734 1170 3811 “βεβη-

144 3824 248 3901 λοῦσι
269 3823 307 3889 τὸ
330 3821 521 3909 σάββατον”
550 3831 701 3893 τουτέστι
730 3825 855 3891 λύουσι.
899 3824 1014 3890 λύουσι
1037 3826 1072 3888 δὲ
1096 3828 1170 3901 πώς

143 3914 218 3987 ἀλλ’
244 3913 264 4007 ἢ
286 3926 410 3988 θυσίαν
432 3928 680 4009 προσφέροντες
708 3925 756 4008 τηῖ
779 3925 867 4006 θεῷ,
902 3921 957 3986 ’ίνα
978 3920 1020 4008 μί,
1046 3915 1211 4006 άρχὴσηθθ

120 4016 187 4085 “τὸ
209 4017 470 4106 θυσιαστιὴριονς
507 4013 546 4085 ού
573 4018 676 4103 μόνον
699 4020 735 4084 δὲ
757 4023 865 4089 τοῦτο,
896 4012 1054 4084 ἀλλὰκαὶ
1079 4014 1171 4104 ἡλιος

142 4112 321 4183 άνατέλλιι
342 4118 395 4182 καὶ
419 4115 523 4195 δύνει,
547 4119 599 4184 καὶ
625 4113 740 4203 σελὴνη
765 4114 856 4195 αύξιι
879 4113 932 4181 καὶ
954 4121 1086 4199 φθίνει,
1116 4117 1169 4180 καί

142 4211 267 4296 ἄνεμοι
290 4208 444 4293 πνέουσι,
467 4215 520 4280 καὶ
543 4212 669 4300 καρποὶ
690 4209 929 4295 βλαστάνουσι,
959 4213 1013 4278 καὶ
1035 4218 1171 4298 μητέρες

982 4314 1020 4366 Β*

1203 4538 1284 4668 Δ
