2867 5084
228 877 290 940 556
451 887 653 939 ουιυκυιου
668 886 764 936 xm
782 885 968 936 Αωοεοακ
982 886 1011 935 r.

226 1035 361 1126 ἀριθμῷ
383 1038 467 1106 κατὰ
487 1037 599 1124 γενεάν
621 1040 952 1123 καταριθμηθέντων,
985 1023 1031 1101 ῶν
1055 1029 1075 1101 6
1101 1029 1250 1120 άριθμδς

226 1136 319 1223 παρὰ
330 1142 504 1223 Ματθαίῳ
528 1136 699 1202 δείκνυται.
731 1133 884 1218 ἑξήκοντα
905 1132 968 1218 γὰρ
990 1133 1043 1199 καί
1062 1132 1125 1199 δύο
1140 1137 1249 1218 χενεαί

225 1261 262 1302 τε
293 1238 348 1302 καί
380 1240 596 1350 πατριαρχίαι
628 1227 711 1315 παρ’
737 1226 825 1317 αἰτῶ
856 1230 1055 1347 ἰμφίρρνται
1092 1229 1152 1298 διὰ
1181 1233 1245 1297 τῶν

229 1327 399 1416 ὀνομάτων
421 1334 486 1397 τῶν
503 1330 734 1413 ἰντελεστέρων
753 1324 891 1412 ἀνδρῶν,
914 1326 1001 1412 πρὸς
1015 1328 1073 1394 τὸν
1089 1327 1222 1396 θεὸν
1190 1354 1244 1414 την

203 1433 346 1514 δγνῶσιν
369 1421 602 1515 ἐσχηκότων,
582 1454 600 1514 η
625 1421 665 1492 δι
691 1426 803 1511 ἑτέραν
826 1425 901 1493 τινὰ
918 1420 1089 1508 ἀριστείαν
1106 1424 1172 1544 τὴν
1186 1432 1266 1510 βαΰ

227 1526 354 1614 σιλικην
368 1552 404 1593 τε
419 1526 517 1604 δόξαν
534 1551 585 1591 και
577 1524 798 1609 ἒμβρίθειαν
812 1522 1067 1608 μετεσχηκότων,
1093 1512 1139 1588 ῶν
1156 1518 1242 1589 aaa·

226 1623 366 1710 τάλοχος
386 1626 445 1689 τοῦ
467 1617 615 1743 άριθμοῦ
637 1619 860 1708 ε’μφέρεται”
838 1647 911 1705 αχρι
933 1623 991 1707 τῆς
1012 1623 1071 1686 τοῦ
1096 1621 1241 1737 Χριστοῦ

227 1728 422 1807 παρουσίας.
461 1722 514 1786 καί
537 1718 597 1803 γὰρ
619 1721 726 1804 χενεαί
749 1711 1063 1806 παρεληλύθασιν’
1045 1716 1119 1783 απὸ
1137 1712 1240 1798 Ἀδὰμ

228 1820 290 1896 ἕως
310 1821 369 1883 τοῦ
385 1821 463 1882 Νῶε
485 1817 561 1883 δίκα
583 1819 636 1882 καί
660 1812 729 1883 άπὸ
750 1821 809 1883 τοῦ
825 1819 902 1883 Νῶε
923 1813 999 1899 άχρι
1019 1817 1079 1881 τοῦ
1092 1810 1239 1900 Ἀβραάμ

191 1930 220 1981 10
228 1915 327 1984 άλλαι
349 1917 434 1993 δέκα,
459 1908 528 1980 άπὸ
551 1915 587 1980 δὲ
608 1919 666 1981 τοῦ
680 1911 831 2000 Ἁβραάμ
853 1912 927 1997 άχρι
941 1914 1053 1997 Δαβίδ
1065 1916 1175 1998 γενεαί
1190 1911 1239 1990 ιδ,

228 2009 298 2080 άπὸ
327 2014 363 2079 δὲ
389 2011 501 2095 Δαβίδ
529 2011 591 2090 ἕως
618 2015 676 2099 τῆς
704 2013 930 2096 αἰχμαλωσίας
961 2013 1069 2096 γενεαὶ
1098 2009 1158 2089 ιδ’,
1190 2011 1238 2075 καί

227 2105 296 2177 άπὸ
318 2112 377 2194 τῆς
399 2109 624 2192 αἰχμαλωσίας
646 2111 708 2188 ἕως
731 2113 790 2176 τοῦ
811 2111 960 2194 Χριστοῦ
981 2111 1090 2194 χενεαλ
1116 2106 1168 2185 ιδ’,
1197 2101 1238 2183 ὥς

228 2203 313 2275 εἶναι
336 2201 405 2273 άπὸ
433 2209 491 2273 τοῦ
511 2203 617 2290 Ἀδὰμ
646 2206 721 2291 άχρι
744 2211 892 2322 Χριστοῦ
920 2204 1076 2291 ἑξήκοντα
1105 2204 1165 2271 δύο
1191 2227 1238 2290 χε·

228 2305 312 2384 νεὰς,
331 2304 481 2425 αἵτινες.
490 2304 644 2390 ἑξήκοντα
672 2303 783 2372 διὰ
750 2331 808 2391 την
830 2310 1007 2388 συντομίαν
1030 2297 1236 2390 ἠρίθμηνται

192 2418 220 2469 ιο
228 2428 281 2469 και
303 2401 364 2488 γάρ
387 2402 420 2469 ἐν
442 2429 481 2489 τη
506 2402 613 2488 ἰρημῳ
637 2402 860 2488 ἑβδομήκοντα
881 2400 941 2468 δάο
958 2401 1121 2482 στελεχῶν
1136 2403 1258 2488 φωτί-ο

228 2526 294 2566 κων
315 2495 528 2583 υπαρχάντων
552 2495 820 2586 ἑβδομήκοντα(
802 2526 821 2584 η
850 2497 958 2586 γραφη
983 2492 1148 2581 ῶνάμασε.
1191 2497 1239 2562 καὶ

230 2598 276 2675 εἰς
297 2597 336 2662 τὸ
360 2593 436 2681 ὅρος
457 2598 746 2684 προσκεκλημένων
770 2596 991 2684 ἕβδομηκοντα
1019 2593 1242 2682 ἑβδομηκοντα

230 2695 288 2761 δύο
312 2689 516 2776 εὑρίσκονται
538 2693 596 2760 σὺν
618 2698 664 2780 τῷ
684 2689 799 2760 Ἐλδὰδ
819 2696 872 2760 καί
896 2691 1038 2760 Μωδάδ.
1070 2694 1128 2759 καί
1152 2691 1244 2776 {pdo-

229 2790 373 2877 μήκοντα
401 2790 459 2855 δύο
489 2790 741 2876 ἑρμηνεῦσαντες
771 2792 826 2858 ἐπί
856 2793 1083 2873 Πτολεμαίου,
1125 2789 1184 2857 διά
1211 2790 1244 2857 δὲ

190 2888 288 2976 τοτην
310 2893 488 2971 συντομίαν
516 2888 682 2973 εἰώθαμεν
710 2891 814 2974 λέγειν
846 2892 914 2954 τῶν
940 2887 1170 2974 ἑβδομήκοντα
1190 2887 1247 2975 τὴν

230 2985 411 3072 ἑρμηνείαν.
455 2981 541 3051 οὕτω
568 2989 621 3052 καί
650 2991 707 3054 νῦν
729 2986 884 3073 ἑξήκοντα
903 2987 1111 3071 βασίλισσαι,
1143 2980 1246 3069 οἶμαι,

230 3085 386 3171 εἴρηνται,
409 3082 639 3167 ἒξαιρουμένου
660 3087 718 3150 τοῦ
740 3109 777 3150 τε
792 3082 922 3150 άνωθεν
938 3078 1087 3168 ἀριθμοῦ
1111 3083 1248 3150 καὶτοῦ

230 3181 390 3261 κάτωθεν,
415 3181 470 3248 διὰ
491 3181 529 3247 τὸ
544 3188 743 3264 μεσαίτατον
757 3185 823 3248 τῶν
839 3181 992 3266 ἑξήκοντα
1016 3179 1106 3266 πρὸς
1120 3179 1249 3259 τύπους

229 3282 284 3346 καὶ
305 3274 473 3365 άναχωχὴν
494 3282 552 3367 τῆς
572 3280 699 3358 τελείας
720 3285 875 3364 θεωρίας.
919 3277 1033 3364 ἐπειδὴ
1056 3275 1121 3362 γὰρ
1146 3272 1187 3346 δι’
1213 3280 1284 3358 ἓξθ

191 3375 374 3452 οεδεκάδων
396 3377 454 3464 τὴν
475 3380 533 3462 τῆς
556 3375 734 3463 ἑξαημέρου
750 3378 964 3463 πληροῦσθαι
979 3375 1143 3459 περίοδον
1166 3398 1250 3460 σομ-

228 3479 337 3558 ίίαίυει
359 3474 405 3552 εἰς
426 3473 464 3540 τὸ
488 3472 721 3541 συνάπτεσθαι
750 3468 819 3541 άπὸ
841 3474 978 3560 ἑκάστης
1004 3475 1120 3558 γενεᾶς
1146 3469 1250 3541 ὁσίων

230 3573 344 3653 ψυχῶν
366 3571 400 3639 ἐν
422 3574 495 3658 θεῷ
515 3573 762 3658 βασιλευουσῶν
789 3571 871 3638 κατὰ
893 3572 950 3660 την
972 3577 1099 3637 πίστιν.
1152 3571 1250 3639 ἔνθεν

229 3666 290 3754 χὰρ
312 3672 366 3734 καὶ
390 3670 425 3747 ἓξ
446 3666 556 3753 ὑδρίαι
579 3664 785 3753 εὑρίσκονται
807 3669 840 3735 ἰν
864 3672 958 3757 Κανᾷ
981 3671 1041 3756 τῆς
1062 3669 1250 3748 Γαλιλαίας

230 3767 369 3845 λίθιναι,
394 3767 517 3844 αἵτινες
538 3767 700 3848 λείψασαι
728 3766 830 3832 πάλιν
853 3767 1067 3854 ἐπληροῦντο,
1095 3766 1252 3857 χωρησα·

191 3880 289 3932 οοσαι
310 3862 344 3930 ἰν
366 3859 481 3943 αὐταῖς
503 3862 566 3930 ἀνὰ
586 3864 748 3947 μετρητὰς
770 3864 828 3930 δύο
850 3857 982 3951 ἢτρεῖς,
1006 3865 1085 3949 περὶ
1107 3868 1172 3931 τοῦ
1194 3869 1254 3949 μί·

229 3984 309 4046 τρου
330 3964 388 4051 τῆς
409 3963 557 4039 παλαιάς
588 3961 641 4026 καὶ
664 3967 739 4039 νίας
761 3962 922 4050 διαθήκης
953 3960 1009 4027 καί
1029 3960 1174 4046 τριάδος
1194 3963 1252 4031 τοῦ

231 4059 468 4145 πληρώματος·
492 4059 614 4137 αἵτινες
636 4053 705 4125 άπὸ
727 4062 786 4125 τοῦ
801 4055 922 4137 ῦδατος
936 4057 984 4137 εἰς
997 4051 1091 4126 οίνσν
1105 4055 1253 4145 ἄκρατον

229 4160 497 4244 μεταβέβληνται,
526 4157 761 4244 πληρωθεῖσαι
783 4151 1035 4244 εἰςοεῦφρασίαν
1056 4153 1177 4244 γάμων
1200 4159 1254 4227 κιιλ
