2867 5084
224 922 287 983 544
434 918 640 983 ammoy
657 933 753 982 xm
771 933 959 983 ειεοειτιεσ
973 934 1003 982 r.

220 1085 280 1163 τάς
308 1081 513 1160 συνελεύοεις
539 1080 599 1160 τάς
628 1080 664 1160 ἐξ
691 1083 794 1161 ἔθους
826 1083 999 1165 ένθέσμως
1034 1088 1248 1168 τεταγμένας,

223 1179 452 1267 διημερεύουσί
479 1205 515 1246 τε
537 1178 683 1246 πάντοτε
704 1179 764 1258 τὰς
792 1177 1029 1258 άδιαλείπτους
1057 1181 1147 1247 κατὰ
1176 1180 1249 1247 διά-

223 1303 331 1364 στημα
358 1273 462 1360 ὥρας,
494 1276 554 1354 τὰς
576 1271 671 1359 εὐχάς
692 1281 764 1362 θεῷ
789 1272 1049 1362 άκαταγνώστως
1075 1276 1164 1360 μετὰ
1190 1303 1249 1343 τα-

223 1374 487 1461 πεινοφροσύνης
509 1376 636 1460 πολλῆς
657 1377 711 1440 καὶ
735 1374 879 1460 οἰμωγῆς
900 1374 1067 1441 ἐπιπόνου
1094 1370 1246 1457 ἀναπίμ-

199 1495 352 1551 5ποντες,
386 1483 460 1549 ταῖς
489 1496 525 1537 τε
559 1471 660 1549 ἰδίαις
683 1476 805 1553 χερσὶν,
836 1467 882 1549 ὥς
911 1472 1003 1558 ἔφην,
1034 1471 1246 1556 ἐργαζόμενα

222 1571 305 1654 μετὰ
332 1572 385 1635 καί
408 1573 466 1655 τῆς
488 1571 710 1654 πνευματικῆς
740 1568 908 1652 ἐργασίας,
942 1569 998 1634 ἵνα
1025 1567 1071 1653 μὴ
1101 1569 1245 1645 ἐπιδεεῖς

222 1674 380 1753 γένωνται
401 1670 455 1731 καὶ
479 1665 525 1742 είς
543 1661 736 1749 ὑποκρίσεις
750 1662 968 1750 ἀνθρωπίνας
984 1665 1171 1747 ἐμπέσωσι,
1193 1667 1244 1731 καὶ

224 1762 332 1831 οὐκέτι
353 1766 400 1847 τῷ
424 1758 598 1845 ἀσεβοῦντι
622 1762 798 1844 δυνάμενοι
826 1762 868 1828 τά
890 1757 1000 1848 άληθῆ
1023 1764 1143 1848 λέγειν,
1173 1760 1244 1829 οὔτε

224 1861 314 1939 ἐκτὸς
337 1861 445 1945 ῥύπου
469 1854 641 1925 εἶναιτῶν
664 1855 734 1925 άπὸ
757 1855 888 1938 ἀδικίας
917 1853 1113 1943 ἀνθρώπων
1142 1862 1244 1926 πλου-

187 1965 306 2027 ιοσίων
338 1960 394 2023 καὶ
426 1954 709 2022 πλεονεκτούντων
743 1957 820 2035 τοὺς
852 1962 1004 2042 πένητας,
1043 1955 1122 2025 οὔτε
1157 1955 1264 2033 ἐκτὸςί

225 2062 340 2123 σιτίων
361 2053 487 2120 τούτων
510 2060 675 2138 γίνεσθαι,
698 2053 742 2140 μὴ
766 2053 941 2137 δυνάμενοι
964 2053 998 2119 ἐκ
1019 2054 1161 2121 δικαίων
1184 2051 1243 2120 πό-

224 2180 288 2219 νων
310 2152 368 2238 την
391 2151 555 2239 ἐφήμερον
583 2152 666 2233 ἐχειν
695 2150 838 2238 τροφὴν,
878 2147 945 2218 ἀλλ’
977 2145 1242 2236 ἀναγκαζόμενοι,

225 2251 282 2317 διὰ
301 2249 340 2315 τὸ
364 2249 470 2326 ἐνδεὲς
484 2252 542 2332 τῆς
558 2243 698 2332 άεργίας,
725 2250 886 2335 τραπέζης
900 2250 1073 2315 πλουσίων
1087 2256 1242 2333 μετέχειν.

311 2357 339 2412 5.
370 2346 437 2412 Διὸ
465 2349 684 2430 παραγγέλλει
715 2341 733 2411 ὁ
757 2353 853 2424 θεῖος
883 2345 979 2430 λόγος
1012 2345 1155 2431 φάσκων
1184 2347 1243 2432 “μη“

188 2443 385 2527 ισέπιθύμει
406 2444 590 2527 βρωμάτιον
612 2447 679 2509 τιύν
701 2445 889 2509 πλουσίων·
927 2446 1030 2509 ταῦτα
1053 2444 1116 2527 γάρ
1141 2444 1246 2527 ἔχεται

225 2544 308 2628 ζωῆς
325 2544 495 2621 ψευδοῦς,”
525 2543 578 2606 καὶ
602 2540 704 2606 πάλιν
728 2541 762 2606 ἐν
785 2539 874 2626 ἄλλῳ
897 2539 991 2626 τόπῳ
1016 2537 1069 2607 ότι
1087 2542 1246 2620 τοιαύτας

225 2641 292 2707 ἐ’δει
314 2638 575 2721 παρασκευάζειν
607 2639 656 2704 “ei
685 2639 721 2704 δὲ
745 2633 993 2723 άπληστὸτερος
1014 2633 1060 2717 εί,
1095 2638 1144 2725 μὴ
1174 2640 1247 2706 έπι·

224 2737 326 2818 θύμει
348 2739 414 2799 τῶν
438 2730 537 2800 αύτοῦ
566 2735 784 2819 βρωμάτων·”
819 2735 853 2802 ἐν
881 2735 1011 2812 τούτοις
1039 2735 1100 2819 γὰρ
1134 2737 1249 2817 ἐδοξά-

225 2841 356 2918 σθησαν
387 2831 420 2896 οἷ
449 2833 569 2910 παῖδες
597 2833 629 2898 οἱ
661 2833 693 2899 ἐν
722 2836 761 2919 τῇ
792 2834 982 2916 Βαβυλῶνι,
1024 2826 1270 2919 άρνησάμενοιυ

186 2929 388 3013 εστράπεζον
410 2929 575 3011 βασιλέως
602 2935 655 2996 καί
686 2928 902 3016 αἱρησόμενοι
925 2935 1115 3012 σπέρμασιν
1139 2927 1250 3014 άρκεί-

225 3034 320 3106 σθαι,
343 3021 363 3113 ἢ
384 3026 528 3112 τραπέζῃ
552 3027 607 3092 καὶ
628 3027 792 3111 βρώμασι,
815 3027 959 3113 χρήμασι
980 3025 1035 3092 καὶ
1063 3026 1144 3114 δόξῃ
1163 3024 1251 3095 άπο-

223 3125 410 3208 ταξάμενοι,
435 3118 480 3201 ὡς
503 3128 653 3210 Μωυσῆς
674 3127 801 3207 μᾶλλον
824 3126 930 3191 είλετο
947 3133 1250 3209 συγκακουχεῐσθαι

224 3227 270 3309 τῷ
300 3225 368 3307 λαῷ
397 3224 456 3287 τού
486 3225 569 3287 θεοῦ
598 3219 682 3305 ἥπερ
713 3218 895 3289 ἀπολαύειν
922 3224 988 3286 τῶν
1021 3221 1056 3287 ἐν
1078 3222 1249 3310 Αἰγύπτῳ

224 3325 413 3406 θησαυρῶν,
444 3319 656 3403 ἐργαζόμενος
680 3322 715 3386 δὲ
739 3321 840 3397 ἰδίαις
861 3321 970 3403 χερσὶν
999 3319 1090 3401 ἐτυχε
1112 3346 1250 3408 προφη-

185 3437 215 3487 25
225 3424 323 3495 τείας.
361 3416 539 3498 προβάτιον
561 3418 622 3501 γὰρ
646 3407 743 3494 οὗτος
766 3417 891 3502 ποιμὴν
913 3421 1051 3500 κατέστη
1076 3412 1094 3482 ὁ
1118 3414 1251 3504 εύγενὴς

225 3518 277 3580 καλ
302 3514 372 3590 υἱὸς
394 3513 561 3598 θυγατρὸς
582 3516 755 3597 βασιλέως,
785 3515 839 3580 ἵνα
868 3513 911 3599 μη
942 3509 1041 3599 άργὸν
1065 3514 1168 3602 ἐσθίῃ
1192 3514 1250 3597 ἄρ-

224 3637 291 3691 τον,
316 3608 360 3689 ὡς
382 3611 436 3676 καὶ
460 3611 607 3678 διδάσκει
630 3608 773 3697 ὁπατὴρ
796 3609 887 3695 ἡμῶν
907 3608 1028 3694 Ἰακώβ,
1051 3613 1157 3696 λέγων
1173 3612 1249 3680 Λό-

224 3717 286 3794 βαν
310 3708 388 3786 ίίδός
409 3733 468 3791 μοι
491 3709 655 3793 ἐργασίαν,
679 3710 735 3774 ἵνα
758 3709 952 3793 ἐργάζωμαι,
987 3712 1045 3773 τοῦ
1071 3709 1162 3775 ι’δίου
1193 3709 1250 3794 άρ·

224 3810 313 3872 του.”
349 3811 402 3872 καί
426 3801 524 3883 αύτὸς
547 3806 649 3872 πάλιν
673 3813 865 3887 ποιμαίνειν
888 3812 1135 3889 προστέτακται
1159 3808 1288 3893 παρὰιί

187 3908 282 3969 ουτοῦ
308 3903 394 3969 ἰδίου
417 3907 594 3986 πενθεροῦ,
629 3905 684 3970 ἵνα
705 3904 750 3989 μὴ
774 3899 875 3988 ἀργὸν
904 3902 1005 3987 ἄρτον
1028 3903 1198 3972 ἐσθίωσιν
1221 3906 1251 3972 οί

228 4001 359 4066 δίκαιοι.
417 4010 490 4078 τοῖς
521 4002 557 4066 δὲ
594 3996 797 4079 ἀποστόλοις
832 4004 960 4089 εἴρηται
993 3997 1180 4084 ἀρκεῖσθαι
1207 4007 1253 4090 τῷ

225 4098 311 4182 λόγῳ
340 4097 523 4182 κηρύττειν,
558 4098 613 4164 ἵνα
640 4098 683 4185 μὴ
708 4093 916 4179 άσχολιῦνται
948 4091 1019 4163 άπὸ
1048 4098 1187 4179 πόλεως
1209 4102 1255 4179 εἷς

227 4196 326 4261 πόλιν
348 4193 403 4259 καί
426 4191 495 4261 άπὸ
523 4194 630 4263 τόπου
654 4197 701 4273 είς
723 4194 838 4274 τόπον,
874 4196 930 4262 ἐπί
953 4192 993 4260 τὸ
1021 4194 1173 4283 κηρυγμα
1196 4199 1255 4286 τὴν

102 4436 211 4640 ἱ
