2867 5084
277 942 339 1004 336
502 954 706 1004 ππιοιιιιοι
722 954 818 1004 ποτε
836 954 1023 1004 mmm
1038 956 1066 1003 r.

274 1101 361 1191 ἡμῖν,
384 1106 445 1170 καὶ
468 1104 599 1185 εἴδομεν
621 1104 679 1189 τὴν
702 1104 801 1183 δόξαν
825 1098 935 1182 αὑτοῦ,
971 1101 1017 1182 ὡς
1039 1102 1139 1182 δόξαν
1160 1126 1296 1188 μονογε-

274 1206 350 1278 νοῖις
373 1201 465 1285 παρὰ
487 1202 642 1284 πατρὸς.”
673 1196 691 1265 5
715 1197 808 1279 ὑετὸς
830 1202 979 1285 δένδρεσι
1001 1199 1055 1266 καί
1072 1211 1194 1286 φυτοῖς
1216 1223 1295 1283 συμ-

274 1299 495 1386 φυσιούμενος
517 1301 613 1382 σῶμα
636 1292 871 1382 ἀπεργάζεται,
909 1303 961 1364 καί
991 1298 1048 1363 τὸν
1077 1294 1153 1363 καθ’
1181 1293 1294 1380 ὸμσιό·

275 1422 358 1481 τητα
379 1395 505 1478 καρπὸν
528 1397 674 1463 ἕκαστον.
711 1399 765 1461 καὶ
789 1396 822 1461 ίν
843 1398 903 1478 μὲν
918 1399 957 1482 τῇ
974 1395 1069 1482 ίλαίρ
1085 1395 1199 1461 ἕλαισν
1215 1405 1311 1461 πίσνυ

252 1500 414 1578 υγίνεται,
449 1492 787 1576 προσλαμβανόμενος
815 1493 900 1575 πρὸς
929 1488 1028 1578 αὑτῆς
1056 1492 1094 1557 τὸ
1126 1488 1292 1570 οὐσιῶδες,

277 1589 311 1657 ίν
334 1585 366 1656 δ’
392 1585 529 1676 ἀμπέλῳ
553 1585 643 1666 οίνος
665 1584 743 1674 ἡδὸς
763 1591 938 1674 χροίζεται,
973 1589 1005 1655 ἒν
1037 1591 1073 1655 δὲ
1095 1594 1177 1676 συκῇ
1202 1593 1292 1656 σῦκον

276 1690 500 1771 γλυκαίνεται,
536 1686 569 1752 ίν
599 1687 634 1752 δὲ
662 1685 788 1770 ἑκάστῳ
821 1692 887 1752 τῶν
916 1687 1115 1770 σπερμάτων
1146 1687 1234 1772 πρὸς
1260 1685 1292 1751 τὸ

276 1779 366 1861 ελδος
381 1778 480 1848 αὑτοῦ
497 1781 588 1861 αὔξει
604 1783 705 1870 φυην·
730 1781 844 1861 οὑτως,
869 1779 973 1866 οἶμαι,
991 1780 1008 1848 ὑ
1024 1783 1121 1868 λόγος
1138 1788 1200 1850 τοῦ
1216 1786 1291 1851 θεοῦ

279 1881 312 1947 ἓν
331 1887 449 1965 Μαρίᾳ
472 1880 596 1965 ἐγένετο
619 1884 672 1946 καί
696 1880 729 1947 ἒν
753 1887 919 1964 σπέρματι
939 1878 1092 1965 Ἀβραάμ
1114 1879 1292 1966 ἄνθρωπος

242 1992 270 2043 10
278 1973 458 2062 ηὑρίσκετο,
492 1978 575 2042 κατά
596 1977 654 2063 τὴν
678 1978 875 2063 ἐπαγγελίαν
898 1975 1097 2065 “εὑρηκαμεν
1119 1979 1182 2064 γάρ
1204 1986 1292 2047 Μεσ-

279 2081 354 2141 σίαν
377 2073 414 2140 ὸν
437 2075 562 2158 ἔγραψε
583 2080 763 2160 Μωυσῆς.”
793 2071 838 2153 ιὸς
862 2077 897 2141 δὲ
919 2081 1069 2161 Μωυσῆς
1091 2077 1156 2164 ἔφη
1181 2093 1292 2143 “xata-

276 2173 368 2258 βητιο
397 2167 442 2249 ιὺς
469 2169 563 2250 ὑετὸς
590 2171 629 2235 τὸ
651 2166 861 2258 ἀπόφθεγμα
888 2197 952 2255 μου
981 2177 1034 2239 καί
1069 2170 1115 2251 ὡς
1144 2175 1291 2259 σταγόνες

278 2270 458 2351 στάζουσαν
481 2269 538 2336 ἐπὶ
561 2272 619 2355 τῆς
648 2272 713 2353 γῆς.
759 2266 785 2356 ἢ
812 2270 984 2356 καταβητιο
1018 2266 1063 2349 ὡς
1091 2272 1214 2354 δρόσος
1242 2271 1289 2337 ἐπὶ

278 2368 411 2434 πόκον.”
444 2368 532 2449 ἔριον
554 2374 663 2431 τοίνυν
687 2367 860 2450 δεχόμενον
876 2368 934 2453 την
949 2368 1069 2451 δρόσον
1084 2367 1178 2449 αὔξει
1194 2369 1289 2436 πόκον

242 2465 384 2550 ιογονην,
407 2468 446 2551 γῆ
470 2466 505 2530 δὲ
528 2467 682 2548 δεχομένη
705 2465 763 2528 τὸν
787 2464 923 2543 ἐλπίδος
938 2466 1079 2550 γεωργὸν
1096 2461 1191 2533 ὑετὸν
1208 2465 1322 2546 αόξιιίίί

278 2562 406 2645 καρντὸν
439 2565 485 2645 τῷ
523 2563 680 2642 δέχεσθαι
710 2561 942 2646 προστάγματι
973 2563 1155 2643 δεσπότου,
1194 2584 1290 2647 προσ·

280 2661 419 2725 διδοῦσα
440 2658 499 2743 την
522 2659 622 2743 φύσιν
645 2658 840 2741 προδόμοις.
877 2664 934 2724 τοῦ
959 2662 994 2726 δὲ
1017 2661 1198 2743 λαμβάνειν
1219 2653 1286 2742 παρ’

280 2751 381 2820 αὑτοῦ
404 2756 505 2820 πλέον
529 2755 594 2837 ἔχει
619 2754 778 2839 σπουδήν.
824 2753 911 2822 οὑτω
941 2757 979 2844 δη
1009 2765 1061 2823 καὶ
1085 2754 1103 2843 ἡ
1128 2765 1288 2842 παρθένος
1350 2764 1351 2801 ³

281 2858 401 2933 Μαρία
433 2851 536 2917 “nand
567 2859 601 2917 τί
627 2851 797 2935 γνώσομαι
824 2857 942 2920 τοῦτο”
968 2853 1074 2941 Ιιγησίν
1103 2852 1178 2922 “ὸ’τι
1207 2856 1288 2922 ἔσται

240 2952 374 3031 ίθμοι,·”
395 2946 515 3034 ἤκουσε
538 2953 690 3031 ’πνεῦμα
712 2957 824 3032 κυρίου
849 2950 905 3016 &ab
930 2955 967 3017 σὲ
989 2954 1041 3017 καί
1058 2952 1198 3036 δύναμις
1220 2949 1288 3037 ὑψί·

281 3070 361 3112 στου
390 3046 579 3113 ἐπισκιάσει
609 3070 672 3111 σοι.
720 3047 773 3113 διὸ
801 3051 854 3112 καὶ
883 3049 922 3112 τὸ
949 3050 1147 3132 γεννώμενον
1177 3051 1211 3118 ίνι
1238 3049 1287 3117 σοῦ

280 3140 374 3229 άγιον
403 3145 495 3212 ἔσται
524 3147 576 3210 καί
607 3144 679 3221 υίὸς
706 3139 852 3224 ὑψίστου
878 3147 1109 3232 κληθησεται.”
1153 3147 1289 3234 Χριστὸς
1350 3150 1351 3159 ’

280 3243 314 3308 ίν
337 3238 460 3329 άγγέληι
483 3245 585 3318 λαλεῖ,
620 3240 824 3307 ἀναπλάττει
853 3243 889 3308 δὲ
917 3244 1034 3310 ἑαυτὸν
1063 3245 1097 3311 ἒν
1118 3250 1159 3332 τῇ
1182 3245 1289 3313 ἑαυτοῦ

280 3339 402 3405 πλάσει
426 3336 443 3405 ὸ
467 3338 631 3423 δεσπότης
652 3338 785 3424 μορφὴν
808 3340 927 3406 δοόλου
951 3340 1070 3424 λαβών.
1108 3347 1164 3409 καὶ
1180 3349 1291 3428 Μαρία

241 3437 339 3517 γεμὲν
362 3430 519 3518 άνιμάται
540 3436 597 3501 τὸν
621 3433 717 3518 λόγον
747 3437 794 3513 είς
816 3437 991 3523 σύλληψιν,
1021 3434 1066 3516 ιὺς
1087 3434 1184 3505 ὑετὸν
1207 3435 1225 3527 ἡ
1248 3442 1310 3526 γηῑ

280 3532 397 3599 ἑαυτὸν
421 3534 456 3598 δὲ
479 3531 605 3615 καρπὸν
625 3528 718 3616 άγιον
736 3527 969 3600 άποδείκνυσιν
992 3530 1010 3599 5
1028 3539 1088 3601 τοῦ
1102 3541 1188 3602 θεοῦ
1205 3537 1295 3624 λόγος

280 3630 617 3713 προσλαμβανόμενος
645 3634 771 3716 θνητοῦ
800 3630 910 3716 φύσιν.
957 3623 1053 3711 οὗτος
1080 3623 1119 3720 ἦν
1143 3633 1179 3714 ἐξ
1201 3632 1298 3724 αὑτῆς

280 3722 464 3813 άνιμιόσης,
503 3722 547 3804 ιὸς
569 3730 608 3813 γη
630 3729 682 3791 καί
707 3727 829 3806 ποκάς,
864 3725 962 3816 ὁτῆς
991 3725 1140 3813 άληίίοὸς
1164 3732 1300 3813 ίλπίδσς

279 3823 407 3909 καρπὸς
436 3820 543 3908 άγίοις
572 3824 605 3890 ἐν
627 3827 828 3910 προσδοκίᾳ,
863 3826 978 3905 καθὼς
997 3822 1166 3912 Ἐλισάβετ
1195 3831 1302 3918 ἔλεγεν

196 3992 200 3999 ,
241 3918 497 4008 δυ’·εὸλογημίνη
527 3921 567 3987 σὺ
597 3921 631 3986 ἐν
659 3924 785 4005 γυναιξί
816 3926 868 3988 καὶ
893 3918 1106 4010 εὐλογημένος
1132 3921 1150 3991 5
1173 3928 1303 4014 καρπὸς

279 4025 337 4106 τῆς
369 4020 495 4098 κοιλίας
529 4021 619 4085 σου.”
665 4016 683 4082 ὸ
712 4019 939 4104 προσελάβετο
972 4020 1009 4100 ἐξ
1036 4006 1305 4114 άνδριυπόεητος

279 4117 404 4182 παθὼν
427 4112 566 4202 άπαδης
589 4111 634 4181 ὢν
657 4114 675 4182 5
699 4115 804 4198 λόγος.
844 4108 961 4196 *οὗτος
982 4113 1001 4182 5
1024 4116 1124 4204 άρτσς
1146 4116 1165 4185 5
1185 4123 1263 4204 ζῶν,
1288 4119 1306 4190 5

280 4214 424 4295 καταβάς
452 4214 487 4292 ἐξ
513 4210 673 4297 οὑρανσῦ”
706 4220 759 4279 καί
789 4213 873 4299 ζιοην
902 4214 1030 4294 διδούς·
1069 4206 1167 4296 οὑτσς
1196 4214 1216 4284 5
1246 4224 1308 4303 τῖς
