2867 5084
482 946 615 999 mm
633 951 842 1001 ιικοιεττκι.
1109 940 1172 1003 493

154 1102 222 1182 ἔχει
242 1097 390 1185 Χριστὸς
417 1101 510 1184 παρὰ
530 1101 589 1186 τὴν
620 1095 719 1167 αὑτοῦ
749 1097 937 1168 ὑπόστασιν
964 1105 1022 1187 τῆς
1051 1103 1173 1190 θεότη-

153 1221 222 1276 τος,
253 1192 272 1283 ἢ
294 1202 557 1284 καταχρηστικῶς
587 1200 688 1266 εἴωθε
717 1201 785 1265 πᾶν
808 1201 896 1286 ῥῆμα
917 1196 1098 1286 ὑπέρογκον
1121 1203 1174 1268 λε’-

153 1302 279 1380 γεσθαι
298 1290 375 1381 ἡμῖν
393 1295 439 1374 εἰς
460 1298 671 1381 παράστασιν
685 1300 751 1362 τῶν
772 1296 805 1363 ἒν
823 1293 901 1381 ἡμῖν
919 1299 1155 1384 πληρουμένων
1161 1328 1173 1382 ,·

243 1399 293 1460 34.
325 1396 391 1459 Καὶ
413 1394 473 1479 γὰρ
495 1397 542 1478 τῷ
564 1397 624 1478 μὲν
652 1392 724 1460 όντι
750 1396 819 1472 πᾶς
841 1394 1003 1481 θεοσεβὴς
1031 1391 1068 1461 ού
1091 1395 1174 1464 κατὰ

155 1490 213 1557 τὸν
237 1493 312 1557 νοῦν
334 1491 391 1557 τὸν
414 1486 630 1577 ἀνθρώπινον
653 1492 874 1570 πολιτεύεται,
906 1486 989 1558 άλλά
1011 1493 1094 1560 κατὰ
1115 1493 1196 1560 τὸνῖ

154 1590 215 1655 τοῦ
237 1591 396 1672 Χριστοῦ,
421 1589 478 1654 τὸν
500 1585 567 1655 ὑπὸ
589 1592 738 1674 Χριστοῦ
761 1590 988 1675 πληρούμενον
1017 1593 1056 1676 τῇ
1079 1596 1174 1657 συνέ-

155 1709 219 1763 σει,
241 1686 299 1751 τὸν
321 1687 404 1753 κατὰ
425 1685 482 1753 τὸν
504 1687 653 1771 Χριστόν
677 1686 885 1771 λογιζόμενον
914 1687 947 1754 έν
970 1689 1172 1775 δικαιοσύνῃ,

155 1783 215 1849 τὸν
238 1784 270 1850 ἐν
291 1787 430 1870 Χριστῷ
453 1786 735 1867 πεπολιτευμένον
764 1788 803 1871 τῇ
827 1780 1001 1873 ὁμολογίᾳ,
1030 1785 1088 1851 τὸν
1117 1784 1174 1852 διὰ

157 1881 305 1966 Χριστὸν
321 1880 506 1964 σωζόμενον
522 1881 608 1969 έντῇ
625 1883 870 1970 δικαιοπραγλᾳ.
895 1872 991 1962 ούτος
1005 1883 1066 1968 γάρ
1084 1883 1173 1950 ἐστιν

156 1975 176 2045 ό
192 1981 267 2058 νοῦς
277 1982 436 2064 Χριστοῦ,
461 1975 478 2045 ό
502 1979 534 2046 έν
557 1977 635 2065 ἡμῖν
658 1979 837 2063 δυνάμενος
852 1976 939 2049 ελναι
959 1984 1012 2048 καὶ
1029 1980 1062 2048 ἐν
1078 1980 1173 2068 τόπῳ
1185 1998 1212 2048 1⁰

127 2079 352 2163 Βττεριεκτικηῦ
374 2077 431 2143 τὸν
446 2077 594 2162 Χριστὸν
615 2076 659 2163 μὴ
682 2084 836 2161 κατέχειν.
870 2079 977 2165 πάντη
1000 2079 1061 2164 γάρ
1085 2080 1173 2145 ἐστιν

155 2170 309 2261 ὑπατὴρ
337 2173 392 2241 καὶ
421 2169 439 2239 ὑ
463 2174 531 2253 υἱὸς
561 2179 612 2242 καὶ
645 2171 739 2260 άγιον
767 2180 913 2259 πνεῦμα,
947 2179 1003 2243 καὶ
1031 2176 1064 2243 έν
1096 2172 1175 2261 ἡμῖν

154 2269 299 2356 ὑπάρχει
320 2275 562 2357 πνευματικῶς,
597 2273 653 2340 ἐὰν
677 2269 777 2338 αὑτοῦ
801 2272 890 2353 ἄξιοι
912 2274 1101 2358 γενώμεθα,
1136 2270 1174 2338 οό

154 2394 248 2448 τινος
269 2368 375 2436 τόπου
398 2371 642 2453 περικλείσντος
664 2365 764 2437 αὑτὸν
786 2371 912 2437 καὶτὸν
929 2366 1029 2438 αὑτοῦ
1046 2376 1176 2455 πατέρα

154 2467 272 2535 καὶτὸ
301 2464 394 2552 ἅγιον
416 2463 516 2534 αὑτοῦ
544 2471 684 2551 πνεῦμα,
713 2472 753 2556 τῇ
777 2470 813 2535 δὲ
836 2469 972 2550 δυνάμει
995 2472 1052 2556 τῆς
1074 2462 1174 2534 αὐτοῦ
1186 2483 1214 2534 15

152 2564 319 2652 θεότητος
340 2565 374 2631 ἒν
397 2562 505 2632 ἅπασι
526 2566 690 2651 τυγχάνων
713 2566 793 2646 ἐστὶ,
823 2565 878 2633 καὶ
901 2563 1018 2653 άμιγὴς
1039 2566 1174 2633 πάντων

154 2664 237 2742 ἐστὶ,
262 2662 318 2730 διὰ
339 2664 398 2750 τὴν
420 2658 519 2729 αὑτοῦ
543 2658 825 2751 όσυγκοινιύνητόν
846 2690 883 2732 τε
905 2668 958 2732 καὶ
981 2662 1175 2749 ἀσύγκριτον

154 2755 273 2828 ούσλαν
296 2764 350 2828 καὶ
373 2756 535 2848 ἀκραιφνῆ
557 2767 610 2828 καὶ
634 2757 866 2849 ἀκατάληπτον
896 2762 1051 2849 θεότητα.
1096 2759 1175 2830 ὅταν

154 2860 195 2926 δὲ
217 2860 295 2946 ε’ίπη
320 2856 338 2924 ὑ
361 2853 550 2938 ἀπόστολος
573 2856 688 2948 ’ὑμεῖς
709 2863 746 2928 δὲ
769 2865 844 2928 νοῦν
859 2864 1010 2945 Χριστοῦ
1034 2861 1175 2944 ἕχομεν,”

125 2945 225 3039 εάρά
247 2982 282 3042 γε
304 2964 337 3022 τέ
359 2957 582 3042 λογισόμεθα,·
616 2952 680 3040 εἶχε
702 2958 760 3024 τὸν
784 2960 870 3026 ἴδιον
893 2953 1124 3043 ἀνθρώπινον,
1153 2950 1214 3044 ἢν]

153 3055 218 3122 τοῦ
231 3057 380 3139 Χριστοῦ
396 3054 641 3140 ἐμφορούμενος
664 3059 740 3122 νοῦν
763 3055 820 3122 τόν
842 3058 901 3139 μὲν
924 3056 1012 3123 ἰ’διον
1028 3051 1176 3140 ὑπεβάλ-

154 3154 244 3231 hro,
272 3155 349 3219 νοῦν
372 3155 408 3219 δὲ
430 3156 578 3237 Χριστοῦ
601 3148 684 3235 εἶχεν
707 3148 782 3220 ἀντὶ
802 3157 861 3220 τοῦ
886 3154 990 3235 mov,-
1029 3148 1066 3219 ού
1089 3152 1176 3220 πάν-

153 3275 233 3329 τως.
273 3251 547 3337 σννσμολογησειε
567 3250 628 3336 γὰρ
652 3252 788 3329 ἕκαστος
816 3255 882 3319 τῶν
909 3246 1095 3318 ἀκουόντων
1123 3245 1177 3317 ότι

154 3348 217 3414 τὸν
244 3351 303 3432 μὲν
325 3350 413 3416 ἰ’όιου
443 3343 522 3431 εἶχε,
553 3352 612 3414 τοῦ
636 3350 671 3415 δὲ
694 3351 845 3433 Χριστοῦ
875 3348 1081 3436 ἐνεφορεῖτο,
1116 3349 1175 3415 τοῦ

154 3445 384 3532 κοσμήσαντος
413 3441 512 3513 αὑτὸν
544 3445 628 3513 κατὰ
660 3447 718 3531 τὴν
747 3452 944 3530 θεοσέβειαν
973 3451 1027 3513 καὶ
1054 3449 1214 3532 γνῶσινϋ

152 3545 215 3611 καὶ
241 3547 323 3612 θεοῦ
353 3546 525 3612 πολιτείαν
554 3542 762 3629 ἐπουράνιον.
807 3544 836 3611 εἰ
863 3551 974 3611 τοίνυν
1002 3544 1060 3612 τὸν
1088 3545 1175 3612 ἰ’διον

157 3643 242 3725 ἔχων
264 3644 340 3709 νοῦν
361 3645 511 3726 Χριστοῦ
534 3641 724 3728 ἐνεφορεῖτο
747 3646 833 3722 νοῦν,
868 3640 991 3728 ἄραγε
1012 3639 1068 3709 καὶ
1090 3648 1176 3725 Χρι-

156 3736 239 3817 στὸς
260 3733 358 3818 αὑτός
380 3735 398 3805 ὑ
421 3740 517 3825 λόγος
545 3743 620 3818 νοῦς
641 3729 690 3825 ἦν,
727 3741 758 3806 εἲ
783 3765 820 3827 γε
847 3737 953 3819 οὑτως
981 3741 1033 3807 δεῖ
1060 3742 1174 3824 λέγειν,

155 3835 275 3922 ἐπειδή
297 3859 368 3904 τισι
388 3840 487 3904 τοῦτο
508 3838 600 3918 ἔδοξε
622 3841 699 3904 νοῦν
720 3840 831 3905 καλεῖν
847 3838 939 3905 θεόν.
974 3837 1037 3923 ἐγὼ
1060 3839 1096 3904 δὲ
1117 3836 1175 3903 τὸν

153 3937 236 4003 νοῦν
262 3933 320 4001 τὸν
347 3930 505 4022 ἡμέτερον
533 3932 590 4018 οὑχ
622 3929 809 4003 ὑπόστασιν
830 3931 986 4022 ἡγοῦμαι,
1022 3930 1098 4001 οὑδέ
1125 3943 1215 4014 new

119 4033 225 4109 υτιῦν
246 4031 327 4098 υἱῶν
347 4034 406 4111 τῦς
427 4031 607 4119 ἐκκλησίας,
640 4027 708 4098 ἀλλ’
735 4033 896 4117 ένέργειάν
925 4058 1000 4100 τινα
1029 4033 1063 4100 έκ
1091 4035 1176 4100 θεοῦ

155 4130 193 4199 έν
215 4123 295 4217 ἡμῖν
317 4129 492 4217 δεδομένην
513 4136 567 4198 καὶ
590 4119 700 4198 οῦσαν.
731 4130 789 4196 τὸν
805 4130 841 4196 δὲ
855 4129 1004 4216 Χριστὸν
1026 4126 1177 4197 ὑπόστα·

154 4251 214 4298 σιν
235 4227 328 4314 λέγω,
350 4224 397 4309 ὦς
418 4228 474 4297 καλ
495 4228 617 4309 πάντες
639 4228 757 4296 πιστοὶ
780 4223 990 4314 ὁμολογοῦσι,
1016 4230 1070 4296 καὶ
1092 4228 1175 4297 θεὸν
