2867 5084
222 883 285 947 508
449 896 656 948 τοτοιπιον
671 896 767 946 nn
784 896 972 946 ,ιινυεειιπ
986 896 1016 945 r.
1051 878 1054 891 '

218 1053 300 1133 μένῃ
321 1053 376 1115 καί
399 1046 506 1114 σκεύει
526 1046 711 1134 χωρήσαντι
732 1046 789 1112 τὸν
812 1041 980 1133 άχώρήτον
1001 1049 1057 1112 καὶ
1076 1044 1241 1125 ύπσδεξιι-

219 1150 307 1230 μένω
330 1147 480 1210 τοιοῦτον
501 1144 679 1231 μυστήριον
703 1150 839 1230 σημείου
862 1145 1064 1227 ἐπουρανίου
1087 1143 1145 1210 καὶ
1161 1145 1240 1230 ζωής

221 1237 432 1323 άνθριύπωνς

306 1345 335 1405 9.
366 1339 483 1407 Πόθεν
505 1337 566 1422 γάρ
589 1334 625 1403 ού
651 1340 798 1419 δείξομεν
828 1334 880 1403 ὅτι
908 1333 986 1423 άγνή·
1011 1340 1196 1406 διετέλεσεν
1218 1333 1235 1423 ή

196 1442 408 1519 δπαρθένοςς
443 1436 644 1516 δειξάτωσαν
672 1431 750 1519 ἡμῖν
781 1431 882 1514 εύθύς
911 1431 963 1501 ὅτι
989 1435 1075 1519 μετὰ
1100 1438 1162 1521 τήν
1183 1439 1234 1503 τοῦ

221 1537 368 1620 σωτῆρος
388 1531 481 1622 ἡμῶν
496 1535 609 1619 κύησιν
624 1532 716 1610 τινὰς
732 1533 898 1620 ε’·γέννήσεν
913 1529 932 1619 ή
949 1538 1081 1617 Μαρία.
1117 1536 1234 1601 εἴπωσι

218 1633 261 1698 τὰ
284 1627 430 1716 ὀνόματα
451 1630 652 1708 πλάττοντες
681 1633 713 1698 οἱ
742 1633 965 1715 πλαστουργοί
999 1634 1055 1698 καὶ
1082 1633 1276 1718 {movim

219 1732 275 1814 τής
305 1725 436 1812 ἀπάτης
462 1732 515 1795 καὶ
545 1738 792 1811 κακομήχανίας,
822 1732 875 1795 καὶ
898 1723 956 1795 ούκ
985 1731 1099 1811 ἔχουσι
1121 1731 1231 1808 δεῖξαι

220 1821 259 1891 ού
280 1826 341 1909 γὰρ
358 1825 512 1913 συνήφθή
530 1826 578 1892 ἔτι
594 1833 774 1909 παρθένος,
796 1826 840 1913 μή
856 1833 992 1912 γένοιτο.
1029 1828 1059 1894 εἰ
1074 1826 1138 1912 γὰρ
1155 1828 1233 1912 ἐγέν-

181 1940 315 2008 1ονήσεν
338 1918 390 1989 άεί
411 1947 495 1990 ποτε
519 1922 576 1989 σὺν
600 1919 688 2009 αύτῷ
711 1920 906 2007 ὑπάρχουσα
933 1928 980 2009 τῷ
1004 1929 1141 2012 σωτήρι,
1172 1921 1233 2008 ἅμα

220 2020 329 2103 ἔλεγον
352 2022 404 2086 καὶ
428 2019 586 2087 τὰτέκνα
609 2016 709 2109 αύτής
731 2033 887 2089 συνεῖναι.
926 2023 1037 2107 πλανᾷ
1062 2024 1098 2089 δὲ
1121 2018 1233 2100 α’ύτούς

219 2117 258 2184 τὸ
281 2118 449 2205 εἰρημένον
483 2118 587 2194 “ι’δού,
615 2114 634 2203 ή
656 2120 761 2205 μήτηρ
792 2143 851 2185 σου
881 2123 934 2186 καὶ
958 2120 989 2186 οἱ
1012 2116 1158 2207 ἀδελφοί
1179 2142 1234 2185 σου

220 2215 282 2294 ἔξω
312 2217 449 2302 ἕστηκεν
483 2218 650 2302 ζητοῦντές
679 2220 746 2283 σε.”
793 2221 846 2283 καὶ
877 2214 934 2283 ούκ
962 2219 1095 2284 οἴδασιν
1125 2216 1145 2283 ὃ
1173 2216 1235 2302 πρὸ

219 2312 337 2379 τούτου
359 2304 398 2400 ήν
420 2320 649 2399 γεγραμμένον,
674 2310 727 2381 ὅτι
748 2315 780 2380 οἱ
796 2311 937 2401 άδελφοὶ
959 2310 1060 2381 αὐτοῦ
1084 2310 1143 2381 ούκ
1165 2315 1235 2382 ἐπί·

181 2430 334 2481 ίεστευον
369 2412 416 2490 εἷς
448 2408 557 2478 αύτύν.
609 2419 847 2496 προβαίνοντες
878 2413 939 2497 γὰρ
976 2416 1030 2479 καὶ
1063 2408 1161 2497 ἡμεῖς
1192 2414 1235 2498 τῷ

201 2507 323 2611 ψρύνῳ
346 2513 398 2574 καί
422 2509 648 2592 θαυμάζοντες
677 2510 734 2577 ἐπὶ
763 2521 835 2589 τοῖς
867 2511 901 2577 ἐν
929 2521 1003 2589 ταῖς
1025 2516 1140 2588 θείαις
1162 2535 1236 2596 γρο-

220 2617 301 2691 φαῒς
324 2602 368 2683 ὡς
391 2601 528 2685 εύτελῶς
549 2613 792 2691 γεγραμμένοις,
824 2608 896 2675 ι’δοδ
924 2607 1006 2674 κατὰ
1034 2611 1104 2674 πᾶν
1128 2609 1164 2675 ἐν
1186 2607 1258 2675 τοί-Β

219 2703 341 2788 σθήσει
355 2704 530 2788 γινόμενοι,
556 2700 809 2787 εὐχαριστοῦμεν
826 2709 898 2792 θεῷ
914 2709 960 2790 τῷ
977 2707 1237 2792 προασφαλισα-

218 2807 306 2886 μένῳ
329 2800 385 2867 διὰ
406 2805 471 2867 τῶν
495 2802 677 2868 δοκούντων
698 2809 845 2886 βραχέων
868 2803 1020 2890 ῥημάτων
1043 2802 1078 2869 ἐν
1101 2807 1141 2889 τῇ
1157 2809 1236 2889 θείᾳ

178 2902 328 2984 εογραιγῇ
351 2903 516 2981 παριστάν
540 2901 649 2985 πάσης
671 2904 800 2986 γραφής
821 2901 878 2986 τήν
902 2896 1072 2987 ἀλήθειαν.
1108 2896 1160 2968 άεὶ
1177 2900 1236 2987 γάρ

218 2990 391 3074 ἀκούοντες
419 2999 497 3080 περὶ
523 2991 674 3080 Ἰακώβου
708 2994 761 3064 ὅτι
788 2988 885 3077 οὗτος
914 2994 1058 3084 ἀδελφὸς
1087 2998 1236 3066 ἐκαλεῖτο

217 3099 275 3161 τοῦ
298 3101 409 3178 κυρίου
433 3094 658 3177 θαυμάζοντες
681 3095 841 3180 ἐλέγομεν,
866 3092 956 3184 τίςή
978 3103 1089 3181 χρείας
1119 3100 1178 3162 νῦν
1201 3098 1235 3163 δὲ

217 3194 358 3278 ἔγνωμεν
388 3187 433 3259 δι’
464 3191 504 3279 ἢν
535 3192 644 3258 αἰτίαν
674 3189 718 3271 ῶς
751 3204 913 3276 προεῖπεν
945 3189 964 3279 ή
993 3201 1074 3262 θεία
1105 3194 1235 3281 γραφή·

218 3285 302 3356 ύλλά
330 3291 464 3368 πάντως
490 3292 546 3357 ἵνα
569 3287 648 3356 ὅταν
671 3288 839 3372 ἀκούωμεν
868 3288 921 3357 δτι
947 3291 1050 3370 “ι’δού,
1080 3287 1099 3377 ή
1128 3292 1236 3380 μήτήρ

179 3410 278 3463 ᾔσου
306 3391 359 3452 καὶ
388 3389 420 3453 οἱ
450 3384 590 3474 άδελιροί
618 3412 678 3453 σου
701 3390 763 3467 ἔξω
786 3390 941 3476 ἑστήκασι
969 3391 1139 3475 ζητοῦντές
1171 3393 1237 3468 σε,”

216 3483 378 3567 μάθωμεν
402 3481 454 3551 ὅτι
476 3490 552 3570 περὶ
572 3484 724 3569 Ἰακώβου
747 3487 832 3571 λέγει
857 3491 910 3553 καὶ
933 3491 998 3553 τῶν
1021 3485 1131 3552 ἄλλων
1155 3489 1237 3554 υἱῶν

214 3575 332 3667 Ἰωσήφ
365 3585 417 3646 καὶ
441 3579 479 3648 ού
502 3584 580 3667 περὶ
610 3585 688 3649 υἱῶν
711 3591 849 3669 Μαρίας
877 3589 942 3650 τῶν
969 3583 1264 3668 μή.γινομένων.ῦ

217 3680 316 3766 δήλου
337 3678 397 3762 γάρ
419 3670 458 3766 ήν
482 3677 533 3747 ὅτι
555 3683 675 3764 μείζων
696 3672 735 3767 ήν
757 3678 937 3766 δἸάκωβος
958 3687 997 3767 τῇ
1024 3678 1139 3768 ήλικίᾳ
1153 3684 1240 3753 κατὰ

215 3777 274 3864 τήν
297 3778 452 3859 ἕνσαρκον
474 3783 533 3843 τοῦ
554 3787 666 3860 κυρίου
689 3787 891 3862 παρουσίαν,
929 3775 1094 3866 άδελιροὺς
1119 3784 1156 3849 δὲ
1180 3779 1241 3850 αύ-

176 3875 292 3954 ωτούς
315 3878 399 3959 λέγει
422 3878 631 3960 διελέγχουσα
652 3872 670 3961 ή
693 3877 813 3962 γραφή,
836 3886 889 3943 καί
912 3871 1071 3958 ὀνομαστὶ
1087 3883 1243 3950 καλοῦσα

213 3968 362 4057 Ἰάκωβον
384 3976 438 4040 καὶ
458 3970 547 4059 Ἰωσή
570 3978 625 4040 καὶ
645 3978 803 4055 Συμεῶνα
824 3980 878 4041 καὶ
898 3972 1019 4041 Ἰούδαν
1040 3977 1097 4042 καὶ
1121 3981 1244 4047 Σαλώ-

215 4074 355 4156 μήνκαὶ
378 4078 531 4155 Μαρίαν,
567 4072 622 4138 ἵνα
649 4071 789 4156 μάθωσι
816 4080 926 4138 τοίνυν
953 4080 1043 4152 τίνος
1066 4075 1142 4155 υἱὸς
1164 4104 1245 4165 τυγ-

212 4168 304 4250 χάνει
326 4174 378 4235 καὶ
403 4171 437 4237 ἐκ
459 4176 561 4248 ποίας
581 4168 705 4256 μητρὸς
721 4165 911 4256 ὁἸάκωβσς,
934 4171 1080 4259 νοήσωσι
1102 4175 1140 4242 δὲ
1157 4177 1246 4245 κατὰ

98 4484 203 4624 ἱ,
