2867 5084
231 951 295 1015 248
458 960 664 1012 ειιιυιυιοκ
680 960 775 1009 xm
792 958 980 1008 Αιυετειιιτ
997 959 1025 1006 r.

230 1116 283 1180 καὶ
313 1111 441 1197 ἐνεργὴς
467 1114 521 1176 καὶ
550 1110 737 1194 τομώτερος
767 1105 849 1192 ὑπὲρ
877 1111 989 1174 πᾶσαν
1011 1104 1178 1191 μάχαιραν
1201 1107 1249 1172 δι’-

232 1233 369 1294 στομον,
406 1207 460 1274 καὶ
489 1207 711 1290 διικνούμενος
740 1213 834 1290 μέχρι
861 1206 1023 1289 μερισμοῦ
1059 1208 1168 1288 ψυχῦς
1196 1203 1248 1269 καὶ

229 1307 368 1390 μυελῶν,
391 1308 445 1370 καὶ
467 1304 610 1389 κριτικὸς
632 1303 846 1389 ἐνθυμήσεων
869 1303 923 1367 καί
947 1301 1091 1367 ἐννοιῶν.
1123 1304 1179 1367 καὶ
1194 1296 1272 1367 οῦκιι

232 1403 303 1469 ἔστι
331 1409 436 1480 κτίσις
463 1397 593 1488 ἀφανὴς
620 1400 765 1467 ἐνώπιον
788 1396 905 1464 αὐτοῦ’
927 1397 1046 1464 καὶτὰ
1068 1397 1151 1484 ἑξῆς.
1197 1400 1248 1463 καί

210 1495 313 1585 δόρᾷς
336 1496 387 1566 ότι
411 1500 544 1565 διέπεσε
566 1501 618 1563 καὶ
642 1496 767 1562 τούτων
791 1492 808 1561 ό
832 1497 936 1581 λόγος.

318 1606 345 1663 5.
378 1600 443 1662 Καὶ
472 1599 538 1661 τῶν
567 1593 728 1679 λεγόντων
756 1592 794 1658 τό
821 1598 918 1676 σῶμα
940 1586 1025 1658 εἶναι
1047 1586 1115 1657 κατ’
1141 1590 1249 1658 είκόνα

233 1697 410 1761 διαπίπτει
439 1692 541 1757 πάλιν
572 1687 717 1775 δλόχος.
763 1693 837 1768 πῶς
858 1690 919 1775 γὰρ
943 1687 1082 1755 δυνατὸν
1105 1683 1249 1754 εἶναιτὸ

233 1787 354 1875 ὁρατὸν
380 1791 427 1873 τῷ
456 1782 588 1872 άοράτηι
619 1786 874 1872 παραπλήσιον,·
904 1789 978 1863 πῶς
1001 1785 1039 1850 τὸ
1064 1784 1249 1868 σωματικόν

232 1890 279 1972 τῷ
315 1881 499 1970 άσωμάτῳς
533 1887 607 1962 πῶς
638 1885 677 1949 τὸ
711 1882 800 1970 ἁφὴν
830 1885 902 1966 ἔχον
935 1886 981 1968 τῷ
1011 1877 1249 1969 ἀκαταλήπτοις

196 1981 361 2067 ισόρῶμεν
394 1981 454 2065 γὰρ
486 1976 582 2065 ἡμεῖς
614 1975 682 2046 άπὸ
720 1984 786 2046 τῶν
821 1981 1016 2065 ἐ’μπροσθεν
1053 1973 1104 2056 οἷς
1138 1980 1248 2063 ἔχομεν

233 2077 443 2167 ὀφθαλμοῖς,
472 2076 514 2142 τά
540 2075 682 2143 κατόπιν
711 2080 748 2143 δὲ
776 2073 970 2162 ἀγνοοῦμεν,
1002 2076 1035 2142 ἕν
1058 2080 1131 2162 θεῷ
1155 2078 1192 2144 δὲ
1214 2071 1248 2142 οό

234 2177 364 2255 πάθος,
389 2170 447 2241 οῦκ
469 2173 656 2256 ἐλάττωμα,
687 2175 731 2260 μη
754 2181 898 2261 γίνοιτο,
931 2168 1015 2240 ἄλλά
1038 2174 1283 2256 πανταχόθειειι

234 2276 305 2343 ἐστὶ
333 2277 420 2361 ηιῶς,
452 2270 664 2353 πανταχόθεν
694 2267 888 2357 ὀφθαλμὸς,
925 2267 1139 2352 πανταχόθεν
1162 2272 1247 2350 δόξα,

233 2375 363 2454 πνεῦμα
386 2363 431 2436 ών
455 2365 472 2434 ό
494 2369 585 2447 θεὸς,
610 2372 662 2434 καὶ
686 2372 817 2450 πνεῦμα
841 2365 923 2452 ὑπὲρ
946 2371 1085 2450 πνεῦμα,
1110 2367 1166 2434 καὶ
1182 2371 1249 2456 φῶς

198 2466 320 2552 ίαῦπὲρ
342 2471 411 2533 πᾶν
434 2471 515 2554 ηιῶς.
547 2465 733 2550 πάνταγὰρ
749 2465 790 2530 τά
806 2460 859 2531 ὑπ’
879 2460 979 2530 αἰτοῦ
995 2463 1154 2549 γευόμενα
1170 2461 1251 2531 ῦπο-

233 2574 350 2653 βέβηκε
370 2563 428 2648 τὴν
451 2558 551 2629 αὐτοῦ
576 2562 683 2640 δόξαν.
714 2563 797 2649 μόνη
822 2564 858 2628 δὲ
881 2558 898 2648 ἦ
922 2562 1016 2645 τριάς
1039 2561 1072 2628 ἐν
1089 2554 1250 2649 άκαταλη-

235 2671 301 2750 ψίᾳ
328 2663 382 2728 καὶ
411 2659 444 2725 όν
468 2659 545 2746 δόξῃ
570 2654 751 2744 άνεικάστιμ
773 2663 827 2726 καί
850 2655 1082 2746 άκαταληπτηι.
1130 2663 1196 2726 τῶν
1218 2660 1250 2725 δλ

235 2761 337 2825 πάλιν
361 2755 520 2841 λεγόντων
542 2756 599 2842 την
623 2752 740 2842 ἀρετὴν
763 2751 849 2822 εἶναι
870 2753 937 2822 κατ’
959 2755 1077 2834 εἰκόνα,
1103 2753 1202 2843 ἀρετὴ
1218 2758 1249 2822 δὲ

236 2855 312 2921 άνευ
336 2854 482 2941 φυλακῆς
505 2852 713 2936 ἐνταλμάτων
737 2850 774 2919 οῦ
798 2854 936 2919 δόνοται
960 2847 1052 2931 εἶναι,
1078 2856 1202 2921 πολλοὶ
1218 2855 1250 2921 δὲ

196 2953 269 3019 κοίν
293 2947 391 3037 ἀρετῇ
410 2951 659 3036 διαφερίστεροι
676 2945 834 3036 ἀλλήλων.
866 2945 984 3035 άρετῆς
997 2949 1058 3033 χάρ
1075 2950 1166 3017 ἐστιν
1182 2953 1249 3036 εἴδη

235 3048 355 3116 πολλά.
397 3047 533 3130 οἴδαμεν
555 3047 615 3131 γάρ
639 3041 733 3112 αῦτοί
757 3055 811 3112 καί
834 3072 926 3124 τινας
949 3042 1018 3112 άπὸ
1042 3042 1251 3133 δμολοχητῶν

235 3143 451 3230 ῦπάρχοντας,
475 3145 594 3222 οἵτινες
617 3144 741 3210 ἑαυτῶν
763 3144 801 3209 τὸ
825 3147 921 3226 σῶμα
945 3143 1107 3210 δεδώκασι
1126 3145 1181 3212 καὶ
1196 3146 1272 3230 τὴιι

234 3243 343 3329 ψυχὴν
375 3238 459 3326 ὑπὲρ
492 3245 550 3308 τοῦ
584 3240 709 3307 ἑαυτῶν
744 3241 909 3306 δεσπότου
944 3240 978 3307 ἐν
1006 3237 1167 3329 ὁμολογίᾳ
1200 3241 1254 3309 καὶ

236 3336 348 3426 ἆχνείᾳ
380 3341 640 3416 διατελέσαντες,
679 3344 794 3403 πίστιν
826 3364 862 3404 τε
895 3334 1125 3424 ἀληθεστάτην
1163 3339 1254 3426 ἐκτή-

198 3459 352 3513 οεσαυτο,
383 3431 532 3521 εὐσεβείᾳ
561 3435 784 3521 διευηνόχασι,
814 3436 1058 3522 φιλάνθρωπός
1080 3439 1135 3502 καὶ
1160 3433 1256 3504 εῦλα-

235 3540 325 3618 βείᾳ,
360 3533 393 3598 ἓν
420 3539 586 3617 νηστείαις
612 3557 648 3599 τε
676 3534 790 3617 διῆξαν
817 3537 869 3598 καί
894 3533 927 3599 ίν
950 3533 1042 3618 πάσῃ
1067 3528 1257 3621 άχαθότητι

236 3632 290 3697 καὶ
319 3629 351 3694 ίν
381 3624 497 3714 ἀρετῆς
523 3636 717 3712 τεκμηρίοις.
765 3637 946 3716 συμβέβηκε
968 3631 1004 3696 δὲ
1027 3626 1148 3708 αὐτοὺς
1170 3633 1256 3714 ἔχειν

236 3725 423 3808 ἐλάττωμα,
453 3724 527 3812 ἤτοι
555 3726 743 3810 λοιδόρους,
775 3725 849 3811 η’τοι
875 3722 1035 3810 όμνόντας
1058 3727 1091 3793 ἐν
1114 3721 1258 3812 ὀνόματι

237 3827 330 3902 θεοῦ,
354 3818 374 3909 ἢ
397 3817 482 3889 εἶναι
503 3821 682 3906 μυθώδεις,
708 3817 728 3908 ἢ
750 3817 992 3907 άχανακτικοῦς,
1016 3819 1036 3910 ἢ
1052 3830 1127 3908 βίον
1143 3830 1259 3913 κεκτῆ-

197 3930 323 3993 εοσθαι
348 3923 469 4003 χρυσοῦ
498 3922 550 3985 καὶ
581 3914 722 4004 άρχόρου
754 3924 807 3986 καὶ
837 3920 961 4000 ἄλλων,
1002 3918 1099 3986 άτινα
1133 3921 1258 4011 ἐλλιπῆ

236 4029 387 4085 ποιεῖται
408 4021 464 4104 τῆς
486 4013 602 4103 άρετῆς
625 4017 666 4081 τὰ
686 4022 799 4100 μέτρα.
830 4025 863 4084 τί
886 4008 943 4083 οῦν
960 4018 1116 4101 είπομεν;
1139 4019 1260 4103 τὸμὲν

236 4113 303 4179 κατ’
329 4112 438 4181 εἰκόνα
460 4115 515 4181 διὰ
537 4114 594 4200 τὴν
618 4109 734 4200 άρετίην
757 4113 942 4194 ἐκτίσαντο,
968 4115 1024 4181 διά
1046 4117 1082 4181 δὲ
1099 4114 1143 4182 τά
1160 4112 1288 4204 όλίχαο

237 4204 436 4292 ἀνθρώπινα
463 4219 529 4278 τῶν
559 4209 796 4293 ἐλαττωμάτων
827 4214 920 4297 παρὰ
947 4217 1054 4299 σχῆμα
1084 4206 1170 4281 εἶναι
1197 4217 1261 4304 τὴν
