2867 5084
583 964 679 1019 Lm.
696 967 904 1019 mmor.
1195 961 1254 1023 105

237 1114 398 1199 ρόξαντος
424 1115 538 1204 φωνην
567 1116 602 1185 έν
622 1120 663 1203 τῇ
686 1117 796 1205 ἐρήμῳ
818 1120 871 1185 καὶ
895 1120 1062 1201 δείξαντος
1084 1118 1137 1189 δ’τι
1159 1113 1257 1202 οὗτός

237 1213 328 1281 έστιν
360 1211 379 1279 ό
407 1208 510 1297 ἀμνὸς
537 1218 597 1282 τοῦ
626 1219 725 1296 θεοῦ,
756 1211 774 1281 ό
803 1218 907 1300 αίρων
930 1217 989 1304 την
1012 1215 1174 1304 ἁμαρτίαν
1196 1226 1256 1288 τοῦ

234 1310 373 1394 κόσμου,
397 1305 506 1377 οάκέτι
526 1317 710 1401 προφητῶν
733 1313 804 1380 ἔστι
823 1321 926 1397 χρεία,
950 1312 1044 1394 ὅπως
1058 1318 1186 1385 ἔλθωσι
1201 1322 1257 1386 καὶ

235 1409 421 1496 κηρύξωσιν
448 1405 528 1495 ἡμῖν
547 1410 607 1498 την
628 1414 687 1476 τοῦ
709 1415 859 1495 Χριστοῦ
882 1408 951 1478 ἀπὸ
973 1420 1146 1498 παρθένου
1168 1442 1257 1500 παρ-

185 1520 188 1525 ’
237 1514 366 1573 ουσίαν.
408 1513 502 1589 χρεία
529 1508 566 1574 δὲ
592 1512 659 1575 τιῦν
688 1510 1035 1595 προκαταγγειλάντων
1069 1507 1169 1579 αῦτυῦ
1198 1515 1282 1601 τηνσ

235 1611 443 1688 παρουσίαν,
466 1603 553 1689 πρὸς
573 1612 754 1690 βεβαίωσιν
775 1611 833 1693 τῆς
855 1604 954 1674 αότοῦ
977 1618 1178 1693 παρουσίας,
1203 1608 1256 1679 ότι

202 1701 512 1789 Βπρυκατηγγελτο.
543 1699 589 1782 ιῦς
610 1703 670 1788 γάρ
694 1706 798 1783 εἴτις
818 1705 1125 1791 παιδαγωγόνὲχοι,
1148 1709 1256 1776 καθά-

232 1824 302 1884 περ
323 1803 377 1865 καλ
401 1795 420 1864 ό
442 1795 632 1879 ἀπόστολος
654 1804 740 1886 λέγει
763 1799 815 1869 ότι
839 1805 1072 1889 ’παιδαγωγός
1093 1803 1186 1893 ἡμῶν
1200 1813 1254 1892 χέ-

231 1920 331 1983 γονεν
352 1892 371 1962 ὁ
393 1896 494 1980 νόμος
516 1898 564 1976 είς
583 1897 642 1985 την
664 1905 723 1965 τοῦ
744 1907 857 1984 κυρίου
873 1908 1090 1986 παρσοσίαν,”
1118 1903 1204 1971 έπάν
1219 1906 1254 1972 δὲ

233 1994 357 2082 φθάσῃ
378 1990 508 2080 ἡλικίας
529 2001 686 2080 γενέσθαι
707 2002 761 2065 καὶ
783 2001 949 2086 καταλάβῃ
972 1999 1030 2066 τὸν
1045 2001 1253 2081 διδάσκαλον,
1266 2020 1297 2070 w

232 2087 274 2159 οῦ
309 2092 446 2171 πάντως
478 2088 705 2178 ἀποβάλλεται
733 2096 790 2161 τόν
818 2097 1031 2182 παιδαγωγὸν
1060 2095 1106 2177 ιῦς
1134 2099 1256 2183 ε’χθρόν

230 2186 443 2273 ὑπάρχοντα·
473 2187 560 2256 οὕτω
588 2195 640 2257 καί
669 2190 765 2277 ἡμεῖς
792 2194 1079 2280 καθωδηγήθημεν
1108 2196 1142 2262 έν
1164 2197 1255 2282 νόμῳ

230 2287 290 2354 καὶ
314 2287 349 2354 ἐν
369 2287 560 2375 προφήταις
587 2290 650 2366 ἕως
671 2293 731 2373 τῆς
752 2299 939 2373 παρουσίας
960 2295 1019 2356 τοῦ
1043 2293 1253 2359 διδασκάλου.

233 2380 387 2469 εῦρόντες
413 2386 450 2452 δέ
477 2385 535 2451 τὸν
564 2386 764 2452 διδάσκαλον
793 2382 851 2453 οῦκ
873 2383 1073 2472 άτιμάζομεν
1094 2388 1152 2455 τόν
1174 2415 1256 2456 παι-

236 2483 401 2567 δαγωγὸν,
431 2479 516 2550 ἀλλὰ
542 2487 596 2550 καὶ
623 2483 719 2567 χάριν
741 2478 830 2569 αῦτῷ
854 2481 1093 2570 ὁμολογοῦμεν,
1124 2483 1176 2554 ότι
1196 2488 1255 2574 τὴν
1269 2505 1297 2556 15

234 2575 334 2667 ἡμῶν
354 2581 536 2668 νηπιότητα
556 2581 792 2669 καθοδηγήσας
813 2582 860 2660 εἷς
881 2583 923 2648 τά
945 2582 1153 2668 έντελέοτερα
1170 2580 1256 2671 ἡμᾶς

230 2676 424 2763 μαθήματα
454 2686 712 2764 προεπέμψατο.
756 2674 778 2766 ἢ
806 2679 923 2758 καθώς
955 2679 1012 2746 έάν
1044 2706 1097 2760 τις
1128 2683 1256 2766 μέλλων

231 2778 335 2844 πλεῖν
363 2776 398 2843 έν
426 2776 583 2864 θαλάσση
615 2779 668 2864 ἔχη
696 2777 838 2864 μεγάλην
867 2777 932 2863 τὴν,
948 2781 1043 2857 ναῦν,
1074 2779 1108 2846 ἐν
1130 2774 1255 2866 ἀκατίῳ

199 2875 273 2949 cd&
299 2877 408 2960 μικρῷ
436 2873 566 2962 έπέλθη
593 2876 633 2941 τό
662 2873 763 2954 σάλος
789 2876 829 2941 τὸ
856 2874 950 2959 παρά
976 2875 1035 2962 τὴν
1064 2874 1169 2964 ὄχθην
1198 2880 1256 2965 τῆς

229 2972 428 3058 θαλάσσης,
462 2971 517 3038 καὶ
549 2974 694 3060 διενέγκῃ
724 2973 764 3038 τὸ
793 2968 928 3040 ἀκάτιον
957 2973 1004 3051 εἰς
1032 2973 1090 3060 τὴν
1111 2975 1297 3060 μεγάληνῖσ

230 3073 316 3137 ναῦν
342 3069 401 3135 τόν
430 3067 629 3154 ἀνθρωπον,
660 3065 699 3137 οῦ
722 3069 856 3149 πάντως
878 3067 896 3136 ό
919 3069 1104 3154 ἀνθριοπυς
1124 3073 1254 3156 βυθίζει

230 3167 271 3234 τό
295 3163 442 3246 ἀκάτιον,
465 3167 582 3253 ἐπειδὴ
603 3156 681 3253 ηῦρε
703 3167 763 3254 την
784 3168 927 3255 μεγάλην
949 3172 1037 3248 ναῦν,
1066 3163 1151 3235 ἀλλὰ
1172 3168 1255 3252 μετά

230 3269 292 3331 τοῦ
313 3263 410 3348 χάριν
433 3263 517 3347 ἔχειν
545 3268 592 3352 τῷ
626 3258 750 3351 ἀκατίῳ
783 3266 1026 3352 καταλαμβάνει
1048 3266 1088 3332 τὸ
1109 3266 1257 3350 μειζότε-

230 3385 292 3447 ραν
313 3365 374 3448 τῆς
393 3356 497 3429 αὐτοῦ
518 3368 683 3448 σωτηρίας
704 3365 842 3430 πλοῖον·
871 3357 892 3449 ἢ
912 3367 966 3430 καὶ
990 3364 1108 3448 ἑτέρως
1129 3365 1185 3430 ἵνα
1207 3365 1255 3432 εί-

230 3484 368 3543 πωμεν,
397 3455 443 3538 ὥς
472 3458 529 3527 έάν
554 3484 606 3538 τις
634 3459 780 3547 ἐκβληθῇ
809 3455 877 3526 ῦπδ
899 3460 1023 3547 μητρός
1043 3461 1295 3548 γεννησάσης,15

230 3558 382 3645 ληφθεὶς
412 3557 450 3625 δέ
480 3553 548 3624 ῦπό
575 3581 667 3637 τινος
693 3560 753 3624 τοῦ
781 3557 935 3640 τυχόντας
967 3560 1020 3625 καί
1054 3553 1255 3646 ἀνατραφεὶς

226 3653 350 3741 χρόνῳ,
375 3653 563 3740 είσάστιρυν
584 3650 817 3740 ἀνδρωθέντος
838 3650 939 3721 αὐτοῦ
955 3655 1078 3742 ἐπιγνῷ
1093 3656 1151 3724 τόν
1167 3658 1254 3725 ἴδιον

233 3746 339 3819 αῦτυῦ
361 3757 492 3838 πατέρα
511 3750 570 3819 τόν
591 3752 676 3820 κατά
691 3751 802 3840 φύσιν,
827 3753 880 3840 λ’χη
904 3752 940 3820 δὲ
963 3748 1147 3832 διοιοῦτος
1162 3752 1256 3821 σύνε-

203 3872 309 3930 υσιν,
335 3849 382 3938 μὴ
410 3849 527 3936 ἐπειδὴ
556 3849 683 3935 ἐπέγνω
709 3848 767 3916 τόν
789 3849 909 3917 ἑαυτοῦ
930 3856 1074 3935 πατέρα,
1103 3854 1156 3917 καί
1179 3851 1256 3918 έπι-

231 3946 444 4034 λαμβάνεται
456 3950 516 4036 τῆς
529 3947 619 4026 ίδίας
631 3947 858 4034 κληρονομίας,
881 3947 974 4032 παρὰ
988 3952 1086 4015 τοῦτο
1103 3943 1255 4031 ἀτιμάζει
1264 3963 1296 4015 ³⁰

228 4045 296 4114 τὸν
320 4040 579 4131 ἀναθρέψαντα,
613 4040 652 4112 οῦ
685 4046 800 4131 πολλῷ
831 4046 957 4128 μᾶλλον
982 4044 1077 4130 χάριν
1106 4045 1180 4127 λ’σχε
1206 4049 1253 4132 τῷ

229 4137 481 4228 ἀναθρέψαντι,
504 4138 562 4210 ότι
579 4137 637 4209 οῦκ
660 4144 771 4210 εἴασεν
793 4137 893 4210 αῦτδν
915 4143 962 4221 είς
980 4141 1129 4209 θάνατον
1144 4167 1254 4226 παρα-

229 4241 398 4321 δοθῦναι,
421 4237 510 4309 οάτω
531 4239 586 4310 καὶ
600 4235 697 4328 ἡμεῖς
708 4238 804 4326 χάριν
820 4240 934 4324 όχομεν
947 4242 1020 4324 θεῷ
1035 4241 1082 4324 τῷ
1097 4238 1255 4308 δεδωκότι

1292 4476 1352 4664 λ
