2867 5084
277 948 335 1008 152
498 960 705 1011 επιονκιον
722 960 819 1009 xm
837 961 1024 1010 Αιοιιειιτικ
1040 963 1071 1009 ιι.

266 1104 452 1196 Ἀρειανοῖς
474 1109 571 1188 κακὸς
593 1108 757 1196 ἑρμηνεύς,
782 1103 970 1195 αὐτόχρημα
993 1109 1087 1177 είκιύν
1102 1134 1139 1176 τε
1160 1113 1216 1176 καί
1237 1104 1320 1180 (ἲν-(1

270 1208 364 1292 δριάς
387 1207 458 1273 ἐστι
479 1210 537 1272 τοῦ
561 1205 730 1291 διαβόλου.
761 1200 831 1273 εἶτα
853 1204 929 1289 μεθ’
956 1207 1049 1289 ἕτερα
1071 1205 1126 1271 καὶ
1148 1206 1235 1289 μετὰ
1256 1207 1295 1271 τδ

270 1303 396 1391 πολλὴν
419 1303 504 1387 πρὸς
527 1299 626 1369 αύτὸν
650 1302 815 1369 ἐκθέσθαι
838 1303 871 1369 έκ
889 1310 995 1371 θείων
1017 1305 1137 1388 λογίων
1161 1297 1297 1369 άντιλο·

271 1408 360 1486 γίαν,
383 1403 436 1466 καί
461 1401 542 1479 έπος
565 1395 635 1466 άπὸ
656 1403 722 1465 τῶν
742 1396 883 1485 Ὁμήρου
911 1400 998 1485 πρὸς
1020 1395 1120 1466 αύτὸν
1142 1402 1298 1482 σχετλια-

247 1502 356 1581 οσμοῦ
385 1499 477 1565 ἕνεκα
505 1493 764 1581 ἀποτεινόμενος
791 1504 979 1580 παρέθετο,
1014 1493 1097 1582 ὅπερ
1129 1498 1183 1562 καί
1214 1494 1297 1563 αὐτὸ

271 1591 447 1681 ἀναγκαῖον
471 1595 618 1662 ἐνταῦθα
641 1601 865 1679 παραθέσθαι
894 1589 1078 1679 ἡγησάμην,
1109 1597 1161 1661 καὶ
1186 1595 1297 1661 έστιν·

271 1691 328 1777 άγε
351 1693 406 1779 δὴ,
430 1689 527 1774 ’Ἆρες
543 1689 669 1774 Ἅρειε,
694 1686 847 1758 ἀσπίδων
868 1698 976 1774 χρεία,
1006 1692 1050 1777 μη
1072 1717 1108 1777 γε
1131 1691 1172 1757 σὺ
1193 1695 1297 1758 τοῦτο

271 1789 424 1878 ποιήσῃς,
450 1788 643 1871 ἱκετεύομεν,
668 1790 831 1870 ἐπισχέτω
855 1790 890 1854 δέ
906 1812 944 1855 σε
964 1785 1077 1873 ἡγοῦν
1097 1784 1298 1876 τῆςἈφρο-

272 1890 362 1974 δίτης
385 1883 508 1971 ὁμιλία.

232 1997 261 2048 10
358 1991 406 2051 10.
445 1985 655 2065 Βουλομένου
683 1989 793 2049 τοίνυν
821 1985 880 2047 τοῦ
900 1978 1031 2066 Ἀρείου
1065 1983 1099 2048 έν
1127 1985 1167 2068 τῇ
1197 1989 1298 2050 Κων-

271 2081 545 2149 σταντινουπόλει
568 2076 651 2163 ὁμοῦ
675 2083 890 2166 συναχθῆναι,
914 2075 1077 2164 Εύοεβίοο
1093 2074 1297 2163 ἀναγκάζον·

270 2204 327 2257 τος
348 2182 400 2245 καί
424 2178 466 2244 τὰ
480 2177 606 2262 μεγάλα
622 2177 714 2262 παρὰ
729 2179 893 2261 βασιλέως
914 2176 1083 2259 ἰσχύοντος
1098 2179 1150 2242 καί
1169 2187 1326 2261 παρεν-Ι)

271 2280 444 2362 οχλοῦντος
477 2279 523 2361 τῷ
559 2274 592 2340 έν
623 2273 976 2341 Κωνσταντινουπόλει
1013 2273 1189 2360 έπισκύπῳ
1223 2270 1294 2341 κατ’

271 2374 375 2443 έκεῖνο
397 2377 522 2456 καιροῦ,
546 2368 695 2439 κύκείνοο
717 2372 761 2457 μη
784 2372 986 2454 βουλομένου
1005 2367 1072 2452 μετ’
1091 2365 1193 2436 αὐτοῦ
1216 2395 1297 2438 σον-

233 2487 260 2536 15
270 2477 425 2559 αχθῆναι,
448 2471 531 2554 μηδὲ
555 2472 601 2548 είς
623 2475 797 2535 κοινωνίαν
821 2464 922 2534 αὐτοῦ
946 2468 1068 2546 ἐλθεῖν,
1092 2467 1148 2534 καί
1169 2473 1297 2557 βιοφο·

270 2576 429 2654 ροομένου
453 2571 504 2632 καί
530 2574 715 2644 στένοντος,
739 2568 796 2632 τοῦ
821 2567 856 2631 δὲ
878 2560 1041 2649 Εύοεβίου
1065 2567 1233 2649 λέγοντος,
1267 2567 1297 2633 εί

269 2665 313 2751 μὴ
344 2664 458 2750 βούλει
487 2663 556 2749 ἰδίᾳ
578 2668 617 2750 τῇ
641 2669 851 2747 προαιρέσει,
884 2667 924 2750 τῇ
948 2662 1063 2748 αύριον
1085 2659 1205 2749 ἡμέρᾳ,
1239 2689 1297 2729 κυ-

270 2765 384 2847 ριακῆς
413 2760 683 2877 έπιφωσκοὺσιχς,
720 2760 778 2826 σὺν
809 2760 881 2844 ε’χιοί
906 2760 1141 2840 εἰσελεύσεται,
1176 2761 1231 2825 καί
1262 2767 1296 2826 τί

270 2857 411 2924 δύνασαι
438 2862 597 2943 ποιῖχοαις
637 2854 654 2922 ὃ
684 2860 720 2924 δέ
705 2853 991 2975 &eblassbovnawc
1023 2857 1208 2935 έπίσκοπος
1239 2861 1294 2924 καὶ

231 2970 261 3020 2⁰
270 2955 352 3021 θεον
376 2954 582 3042 φοβούμενος
594 2949 731 3033 Ἀλέξαι
725 2950 861 3037 δρος,“
845 2979 862 3019 ο
878 2981 936 3054 της
952 2952 1052 3041 αύτίχς
1075 2949 1211 3039 ἀρίστης
1226 2956 1295 3021 πό-

270 3055 352 3131 λειος
381 3051 565 3130 ἐπίσκοπος
597 3047 783 3134 (ὁμώνυμος
810 3051 871 3137 γὰρ
899 3055 938 3138 ἠν
967 3056 1019 3116 καί
1051 3075 1147 3129 ουτος
1179 3053 1227 3136 τῷ
1259 3052 1294 3118 έν

266 3145 508 3236 Ἀλεξανδρείᾳ)
539 3144 579 3214 δι’
606 3145 744 3233 ὅλης
705 3175 763 3236 της
790 3144 913 3235 ιχμέρας
941 3149 1054 3228 ε’ξύτου
1088 3170 1208 3235 ηκουσε
1236 3154 1293 3216 καί

270 3252 327 3334 τῆς
350 3250 463 3325 νυκτὸς
487 3248 649 3327 στενάζων
672 3249 726 3311 καὶ
749 3247 934 3331 στυγνάζων
962 3247 1142 3312 διετέλεσεν
1158 3239 1344 3330 εύχόμε-ῖσε

271 3369 335 3422 νος,
359 3349 411 3411 καί
436 3347 637 3428 παρακαλῶν
659 3343 716 3408 τὸν
739 3345 820 3410 θεὸν
843 3338 863 3428 ἢ
887 3338 987 3409 αὐτοῦ
1009 3343 1066 3426 τὴν
1094 3343 1201 3431 ψυχὴν
1224 3371 1295 3410 πα-

229 3443 441 3525 νεραλαβείν,
466 3441 586 3526 ἵναμὴ
610 3444 804 3527 ουμχιιανθῖχ
827 3444 866 3527 τῇ
889 3445 947 3506 τοῦ
971 3438 1101 3523 Ἀρείου
1124 3447 1293 3527 κοινωνίᾳ,

269 3534 290 3626 ἢ
313 3541 453 3623 ποιῆσαί
468 3564 501 3604 τι
525 3538 724 3623 παράδοξον,
750 3535 832 3622 ὅπερ
855 3542 907 3604 καί
933 3538 1058 3622 ἐγένετο
1081 3537 1197 3623 τούτῳ.
1231 3542 1294 3603 τοῦ

269 3634 330 3722 γὰρ
355 3630 487 3718 Ἀρείου
516 3638 699 3719 προελθεῖν
727 3635 809 3703 κατὰ
841 3636 900 3713 τὰς
928 3635 1044 3712 νύκτας
1076 3635 1296 3716 ἐπειχθέντος

270 3734 327 3803 ἐπὶ
350 3733 389 3798 τὸ
411 3737 740 3819 παρασκευασθῆναι,
765 3737 926 3817 διέρχεται
948 3739 1042 3816 μέχρι
1062 3735 1120 3797 τοῦ
1137 3727 1296 3818 άφεδρῶ·

271 3857 335 3912 νος,
359 3833 411 3897 καί
436 3830 528 3897 ένδον
550 3830 583 3896 έν
606 3841 677 3909 τοῖς
700 3825 837 3914 ἀβάτοις
852 3831 1073 3911 καθεζόμενος
1088 3824 1215 3915 ηὑρέθη
1232 3830 1296 3895 λα-

231 3929 371 4015 εοκησας
392 3931 445 3994 καί
470 3928 609 4006 ’έκπνους
630 3928 779 4013 γεγονώς.
825 3924 911 3992 οὕτω
940 3929 1157 4013 κατείληπται
1186 3925 1220 3991 έν
1242 3931 1294 4012 τῷ

271 4026 413 4092 δοσιύδει
434 4024 529 4111 τάττω
552 4020 702 4103 άποδοὺς
732 4020 831 4091 αὐτοῦ
859 4024 900 4087 τὰ
922 4024 1013 4108 τέλη,
1049 4023 1206 4105 καθάπερ
1236 4029 1293 4091 καί

271 4120 423 4207 ἐξήμεσεν
446 4118 637 4206 άκάθαρτον
659 4126 886 4189 κακοπιστίαν.

359 4229 404 4283 ll.
433 4219 486 4297 Ὡς
509 4211 566 4286 ούν
588 4225 691 4286 ταῦτα
715 4218 882 4300 ἐτελέσθη,
913 4212 930 4282 ὁ
952 4219 1106 4301 βασιλεῖς
1127 4225 1321 4302 μέριμνανε
