2867 5084
265 915 326 976 300
495 914 699 974 τσιοωιιον
716 922 812 971 xm
830 923 1019 973 Αινσειτσυ
1034 926 1062 972 r.

508 1063 671 1094 ›>?c

264 1078 317 1141 καλ
341 1078 474 1160 πρῶτον
498 1099 546 1161 αφ
585 1099 631 1138 ων
655 1098 672 1137 ο
694 1073 778 1152 θεὸς
806 1080 951 1157 πέμπων
972 1079 1125 1140 Μωυσέα
1160 1078 1293 1163 εἴρηκεν

265 1169 391 1250 “οῦ’τως
413 1173 498 1255 λρεῐς
522 1182 594 1249 τοῖς
623 1172 707 1249 υἱοῖς
726 1166 868 1257 Ἰσραὴλ,
905 1167 922 1236 5
951 1167 1030 1251 όλν,”
1064 1166 1109 1250 ιῦς
1139 1172 1199 1238 ἐπὶ
1227 1178 1289 1239 τοῦ

264 1271 406 1354 πρώτως
428 1274 606 1351 νοουμένου
630 1267 766 1351 πατρὸς,
791 1268 826 1346 55
847 1258 886 1333 οῦ
909 1273 1003 1335 πᾶσα
1021 1270 1149 1353 πατριὰ
1172 1270 1206 1337 ἓν
1230 1266 1287 1337 οῦ-

264 1370 352 1454 ρανῴ
375 1369 430 1431 καὶ
452 1367 508 1432 ἐπὶ
531 1371 588 1452 γῆς
612 1360 865 1450 ὀνομάζεται,
848 1391 866 1428 ο
888 1367 969 1452 μήτε
992 1367 1026 1432 ἔκ
1048 1390 1137 1446 τινος
1161 1362 1207 1433 ιῦν
1231 1373 1288 1434 καλ

240 1475 336 1543 ετοῒς
358 1453 451 1530 οῦσιν
474 1465 581 1542 αἴτιος
604 1461 659 1529 ὤν.
705 1461 820 1548 ἐπειδὴ
844 1464 956 1528 δὲκαὶ
980 1462 1049 1541 υἱός
1072 1461 1203 1531 ἐστινς
1186 1489 1204 1530 ο
1229 1462 1286 1545 ιῦν,

264 1563 361 1645 ἔλαβε
389 1558 475 1628 55'
457 1562 526 1627 απὸ
554 1565 613 1627 τοῦ
642 1559 726 1625 κατὰ
749 1557 897 1645 Ἰωάννην
928 1556 1114 1646 εὐαγγελίου
1148 1563 1288 1647 λέγοντα

264 1660 318 1727 “lv
342 1657 421 1746 ἀρχῇ
445 1650 484 1745 ἦν
507 1654 524 1723 5
548 1657 672 1742 λόγος,”
695 1652 849 1742 ἀφορμὴν
870 1654 993 1744 ηὕρατο
1015 1662 1154 1737 Παῦλος
1176 1654 1194 1724 5
1218 1666 1286 1726 Σα-

262 1756 425 1839 μοοατεῦς
446 1759 499 1822 καὶ
523 1755 735 1838 Μάρκελλος,
771 1749 879 1820 οὐκέτι
906 1757 1063 1834 θέλοντες
1092 1758 1198 1841 λέγειν
1227 1757 1285 1823 τὸν

262 1852 334 1918 υἱὸν
356 1856 414 1918 τοῦ
438 1856 519 1918 θεοῦ
543 1852 614 1916 οἶόν
637 1847 782 1937 ἆλρθιῦς,
807 1848 891 1917 ἀλλὰ
914 1849 983 1918 ἀπὸ
1006 1856 1064 1918 τοῦ
1088 1853 1186 1938 λόγος
1209 1848 1314 1921 όνό-ιῑ

226 1968 367 2034 τοματος
389 1943 542 2035 ἀφορμὴν
566 1948 730 2032 λαβόντες,
756 1951 850 2034 φημὶ,
875 1949 909 2015 ἐκ
932 1949 1097 2034 στόματος
1117 1952 1209 2037 ῥῆμα
1232 1955 1286 2018 καὶ

264 2051 401 2134 φθέγμα
423 2041 658 2132 ἠβουλήθησαν
681 2046 789 2113 εἰπεῖν
812 2044 869 2110 τὸν
894 2046 963 2112 οἷον
986 2051 1044 2113 τοῦ
1067 2051 1162 2128 θεοῦ,
1187 2043 1288 2134 ἠναγ-

262 2142 436 2230 κάσθησαν
460 2144 492 2209 οἱ
514 2149 663 2227 πατέρες,
688 2144 721 2209 05
743 2150 909 2227 κρίναντες
931 2146 1067 2209 Παῦλον
1093 2144 1151 2210 τὸν
1173 2151 1290 2230 Σαμο-

263 2248 374 2318 σατέα,
399 2241 457 2307 ἐπὶ
479 2244 524 2328 τῷ
547 2241 688 2327 τοιούτῳ
718 2241 900 2326 ἓρωτισμῷ,
930 2242 985 2306 ἵνα
1008 2243 1161 2320 δείξωσιν
1192 2239 1290 2310 ὅτιὸ

262 2339 333 2418 υἱὸς
356 2335 542 2406 ὑπόστασιν
566 2339 639 2421 ἔχει,
669 2340 722 2403 καλ
745 2333 901 2419 ὑπάρχων
925 2337 1004 2416 ἐστὶ,
1035 2341 1089 2404 καλ
1112 2337 1159 2407 ιόν
1184 2341 1288 2419 ἔστιν,

225 2433 332 2518 λοοῦχλ
358 2438 392 2502 55
416 2437 503 2523 ῥῆμά
526 2436 631 2513 ἐστιν,
662 2430 778 2501 οὐσίαν
807 2434 914 2500 εἰπεῖν
942 2435 1077 2502 καὶτὸν
1102 2437 1191 2517 υἱὸν,
1228 2439 1292 2526 τὴν

263 2532 427 2621 διαφορὰν
449 2536 507 2598 τοῦ
530 2559 565 2599 τε
580 2528 655 2598 καθ’
674 2532 789 2598 ἑαυτὸν
805 2526 1014 2616 ἀνυπάρκτου
1030 2537 1082 2599 καὶ
1099 2538 1160 2600 τοῦ
1177 2531 1292 2624 ῦπόρ·

259 2655 376 2714 χοντος
404 2633 451 2714 τῷ
479 2632 537 2715 τῆς
560 2624 674 2706 οὐσίας
704 2625 842 2712 ὀνόματι
865 2630 1115 2708 ἐπιδεικνύντες.
1161 2632 1291 2717 τὸμὲν

260 2728 321 2812 γὰρ
344 2729 431 2814 ῥῆμα
454 2721 529 2791 καθ’
555 2725 652 2791 ἑαυτὸ
676 2722 883 2808 ἀνύπαρκτόν
906 2728 977 2794 ἐστι
1003 2723 1120 2794 καλοῦ
1142 2728 1292 2798 δύναται

264 2817 347 2888 εἶναι
377 2823 448 2899 υἱὸς
470 2827 570 2900 θεοῦ,
605 2822 678 2888 ἐπεὶ
707 2823 830 2887 πολλοί
856 2849 892 2907 γε
921 2822 1027 2903 οὕτως
1054 2826 1191 2893 ἔσονται
1220 2829 1323 2896 οἱολλ)

222 2923 354 2987 νοθεοῦ.
385 2917 553 2984 πολλὰ
518 2944 579 3004 γαρ
604 2914 621 2982 5
644 2919 807 3004 πατὴργ
778 2915 989 3006 ὁμολογεῖται
1010 2923 1118 2988 λαλιῦν
1139 2927 1191 3009 τῷ
1214 2927 1292 3044 5551,

262 3012 342 3082 ὅταν
365 3018 471 3102 λέγῃ
475 3016 655 3138 ’γενηθήτω
676 3024 855 3101 στερέωμα,
889 3020 1123 3106 γενηθήτωσαν
1146 3028 1294 3111 φωστῆ-

261 3136 330 3200 ρες·
366 3115 546 3199 ἐξαγαγέτω
574 3109 673 3236 575·
682 3117 826 3180 ”καλ
831 3116 1032 3201 ’ποιήσωμεν
1066 3114 1294 3202 ιλνθρωπον.η

261 3210 347 3280 ιόστε
370 3208 387 3279 5
411 3212 519 3299 πατὴρ
542 3215 588 3297 τιό
613 3211 673 3297 υἱῷ
696 3213 797 3289 λαλεῖ,
822 3214 924 3277 καὶ(
892 3236 924 3277 οι
939 3215 999 3296 μὲν
1015 3213 1107 3298 λόγοι
1121 3218 1183 3280 τοῦ
1202 3223 1294 3285 θεοῦ

262 3309 318 3387 οῦς
341 3312 434 3377 λαλεῖ
455 3315 502 3395 τῷ
525 3275 596 3394 5553,
631 3246 689 3374 οῦκ
712 3309 795 3376 εἰσὶν
818 3310 893 3388 υἱοὶ,
925 3306 1002 3376 555
1025 3311 1103 3389 υἱός,
1133 3313 1226 3398 πρὸς
1249 3314 1293 3383 ὃν

222 3406 355 3473 λελαλεῖ
378 3403 396 3471 5
418 3408 538 3492 πατὴρ,
560 3406 731 3490 μετὰτῶν
754 3405 862 3473 ἄλλων
886 3401 1028 3492 εόσεβιῦς
1050 3410 1204 3477 καλεῖται
1227 3410 1294 3498 55-

261 3526 317 3580 τος
339 3505 391 3567 καὶ
417 3504 480 3590 ζωὴ
504 3505 558 3568 καὶ
582 3499 771 3583 ἀνάστασις,
806 3506 855 3571 ἔτι
877 3509 931 3569 καὶ
955 3504 1050 3589 λόγος
1073 3501 1299 3621 ὀνομάζεται,

261 3598 447 3717 ἑπειδῂὲργ
416 3599 554 3684 ρμρνεός
578 3601 648 3667 ἐστι
679 3606 744 3666 τῶν
766 3605 825 3667 τοῦ
848 3606 931 3668 θεοῦ
953 3603 1180 3687 βοολημάτων.
1229 3607 1349 3674 5055

259 3696 303 3784 μὴ
328 3699 384 3762 οῦν
408 3692 601 3774 ἀπατῶντες
621 3698 698 3776 τοὺς
722 3694 967 3784 ἁπλουστέρους
990 3700 1046 3765 τὸν
1075 3700 1143 3767 οἷὸν
1159 3704 1290 3772 ταυτὸν

259 3794 452 3880 λέγωσιν(
421 3817 451 3859 οι
475 3794 633 3877 αἱρετικολ
666 3806 736 3874 τοῖς
767 3798 876 3880 λόγοις
905 3809 977 3876 τοῖς
999 3796 1092 3882 παρὰ
1112 3802 1171 3864 τοῦ
1197 3807 1289 3870 θεοῦ

221 3894 483 3973 σολαλουμένοις,
516 3892 554 3956 τὸ
578 3891 740 3979 διάφορον
762 3901 821 3959 τοῦ
846 3895 916 3960 υἱοῦ
939 3900 997 3961 τοῦ
1021 3899 1103 3961 θεοῦ
1126 3890 1171 3974 ὥς
1196 3901 1290 3984 πρὸς

260 3988 301 4055 τὰ
323 3988 454 4075 ῥήματα
475 3992 532 4054 τοῦ
549 3993 632 4056 θεοῦ
650 3985 898 4068 ῦποδεικνόντες
921 3993 953 4057 05
970 3998 1109 4076 πατέρες
1122 3993 1180 4060 τὸν
1198 3998 1288 4079 υἱὸν,

261 4089 354 4171 φημὶ,
379 4082 494 4153 οὐσίαν
518 4086 689 4154 ἐκάλεσαν·
714 4082 819 4164 οὕτως
834 4086 891 4173 τὴν
908 4088 1073 4176 διαφορὰν
1088 4099 1296 4177 παριστῶν·

260 4203 327 4259 τες,
363 4178 456 4250 ὅτιὸ
486 4184 567 4262 θεὸς
596 4182 641 4250 α’λν
669 4184 774 4262 ἐστιν,
809 4187 862 4250 καλ
893 4186 925 4251 οἱ
954 4186 1060 4272 λόγοι,
1095 4187 1153 4268 οῦς
1175 4191 1292 4275 λαλεῖ,

599 4486 799 4640 Α
