2867 5084
799 547 803 563 Ι

529 1004 613 1053 mm
633 1005 802 1056 mmszt.
1114 1001 1175 1063 565

124 1168 145 1217 n
248 1147 416 1233 Πράδικός
437 1176 488 1228 τις
520 1157 666 1236 τέσσαρα
688 1165 835 1236 στοιχεῖα
857 1157 959 1236 θεοὺς
980 1160 1081 1240 καλεῖ,
1110 1155 1182 1229 είτα

155 1242 253 1330 ἥλιον
283 1246 337 1311 καὶ
366 1248 518 1334 σελήνην·
556 1250 590 1316 ἐκ
617 1250 678 1335 γάρ
706 1252 832 1317 τούτων
861 1257 950 1320 πᾶσι
976 1255 1015 1321 τὸ
1045 1256 1181 1338 ζωτικὸν

155 1343 266 1428 ἐ’λεγεν
289 1338 458 1428 δπάρχειν.

243 1440 387 1507 Πλάτων
408 1436 592 1528 Ἀθηναῖος
613 1444 695 1510 θεὸν
719 1445 808 1530 ἔλεγε
835 1449 889 1511 καὶ
917 1442 996 1532 άλην
1019 1443 1103 1515 είναι
1125 1453 1180 1519 καλ

155 1532 256 1616 εἶδος,
290 1538 347 1603 τὸν
370 1539 493 1621 κόσμον
524 1541 559 1606 δὲ
581 1541 733 1627 γεννητὸν
754 1544 808 1607 καί
833 1542 987 1628 φθαρτὸν
1010 1539 1204 1628 άπάρχειν,5

153 1634 215 1722 τὴν
238 1633 345 1721 ψυχὴν
370 1637 405 1702 δὲ
421 1633 595 1724 ἀγέννητον
618 1642 671 1703 καὶ
695 1635 866 1705 άθάνατον
889 1643 943 1705 καλ
960 1646 1059 1706 θείαν
1083 1642 1180 1728 λέγει.

155 1727 244 1800 εἶναι
266 1734 301 1798 δὲ
325 1728 424 1820 αὐτῆς
445 1740 522 1817 τρία
543 1741 635 1821 μέρη,
660 1735 800 1819 λογικὸν,
826 1737 967 1820 θυμικὸν
986 1742 1038 1805 καί
1056 1738 1180 1806 ἐπιθυ-

152 1829 302 1917 μητικόν.
342 1832 430 1915 ἔλεγε
453 1833 488 1898 δὲ
511 1832 588 1911 τοὺς
609 1833 734 1917 γάμους
764 1832 899 1912 καὶτὰς
926 1847 1081 1920 γυναῖκας
1110 1838 1180 1905 δεῖν

152 1927 270 2004 κοινάς
290 1938 363 2006 τοῖς
384 1933 471 1995 πᾶσι
493 1935 658 2015 γίνεσθαι,
682 1932 736 1996 καλ
759 1933 883 2018 μηδένα
907 1932 976 2020 ἰδίᾳ
997 1941 1077 2018 μίαν
1096 1935 1179 2017 ἔχειν

153 2023 307 2109 γαμετὴν,
345 2020 428 2091 ἀλλὰ
457 2027 534 2104 τοὺς
563 2029 726 2107 θέλοντας
755 2040 829 2108 ταῖς
856 2031 1074 2115 βουλομέναις
1103 2047 1220 2101 συν-ιο

155 2132 253 2188 εἶναι.

85 2244 145 2296 089
241 2213 466 2303 Ἀρίστιππος
490 2216 726 2308 δΚορηναῒος·
751 2212 847 2300 οὗτος
868 2231 1110 2308 γαστρίμαργος
1134 2217 1179 2289 ὢν

152 2317 209 2382 καὶ
234 2316 412 2404 φιλήδονος
435 2318 528 2396 τέλος
557 2320 618 2405 ἔφη
647 2322 705 2406 της
738 2323 843 2406 ψυχῆς
869 2319 928 2406 την
957 2319 1092 2405 ἡδονὴν,
1124 2323 1178 2387 καί

153 2410 250 2491 ὅστις
271 2410 394 2502 ἥδεται,
420 2410 584 2498 εὐδαίμων
608 2406 713 2495 οὗτος,
746 2413 764 2480 ὁ
788 2418 823 2482 δὲ
845 2413 925 2504 μηδ’
952 2412 1037 2496 ὅλως
1059 2413 1179 2503 ἡδόμε-

152 2534 213 2589 νος
234 2511 433 2594 τρισάθλιος
455 2516 510 2580 καὶ
532 2516 751 2597 κακοδαίμων,
777 2511 821 2592 ὥς
844 2538 938 2601 φασι.
1191 2534 1218 2583 15

244 2608 433 2693 Θεόδωρος,
465 2606 610 2689 ὁάθεος
633 2611 844 2698 ἐπικληθεὶς,
880 2613 941 2699 ἔφη
972 2613 1070 2696 λῆρον
1094 2607 1179 2678 εἶναι

151 2705 233 2783 τοὺς
254 2714 332 2790 περὶ
355 2710 413 2772 τοῦ
436 2711 519 2774 θεοῦ
543 2709 667 2793 λόγοις.
706 2706 789 2794 η’ίετο
812 2708 873 2794 γάρ
894 2708 938 2793 μὴ
963 2703 1048 2774 εἶναι
1070 2714 1178 2788 θεῖον,
1229 2726 1251 2775 0

151 2804 210 2870 καὶ
232 2803 350 2870 τούτου
380 2805 484 2871 ἕνεκεν
507 2799 736 2890 προύτρέπετο
760 2806 888 2883 πάντας
909 2807 1071 2883 κλέπτειν,
1104 2805 1180 2871 ἐπι-

153 2911 280 2986 ορκεῖν,
315 2898 474 2987 ἁρπάζειν
503 2905 556 2968 καί
585 2903 629 2988 μη
662 2900 975 2987 δπεραποθνησκειν
1005 2904 1178 2985 πατρίδος.

153 3003 244 3084 ἔλεγε
265 2999 326 3084 γὰρ
348 3007 427 3080 μίαν
451 3001 599 3082 πατρίδα
622 2994 707 3067 εἶναι
729 3000 786 3065 τὸν
809 2999 942 3083 κόσμον,
971 3002 1025 3066 καλ
1049 2995 1219 3084 άγαθὸνλδ

116 3116 138 3165 Β
150 3097 257 3182 μόνον
280 3096 368 3181 ἔλεγε
388 3095 447 3162 τὸν
470 3091 739 3181 εὐδαιμονοῦντα,
768 3097 898 3183 φεύγειν
922 3098 958 3162 δὲ
980 3096 1037 3163 τὸν
1061 3098 1179 3161 δυστο-

148 3197 283 3279 χοῦντα,
317 3188 376 3260 κάν
396 3184 417 3279 ᾗ
441 3193 556 3282 σοφός.
608 3197 663 3260 καὶ
687 3193 817 3276 αἱρετὸν
848 3188 932 3260 εἶναι
959 3194 1017 3261 τὸν
1047 3192 1179 3278 άφρονα

151 3292 317 3360 πλούσιον
341 3289 421 3357 ὄντα
444 3294 499 3357 καὶ
522 3287 661 3377 ἀπειθῆ.

237 3385 394 3474 Ἡγησίας
415 3394 620 3474 Κυρηναῖος·
650 3376 747 3466 οὗτος
770 3388 832 3474 ἔφη
855 3387 937 3471 μήτε
960 3389 1075 3474 φιλίας
1096 3387 1179 3474 μήτε

148 3487 290 3571 χάριτας
320 3479 412 3552 εἶναι.
464 3485 508 3570 μὴ
538 3482 695 3568 ὑπάρχειν
717 3484 778 3570 γάρ
808 3478 909 3562 αὐτὰς
938 3485 1059 3569 ἔλεγεν,
1094 3480 1217 3551 άλλδιλὸ

149 3583 278 3671 χρῄζων
299 3580 352 3661 τις
374 3582 474 3650 ἔδωκε
487 3582 593 3666 χάριν,
618 3576 637 3668 ἢ
652 3581 800 3666 κρεῖττόν
816 3608 850 3648 τι
864 3580 989 3648 παθών
1005 3578 1175 3667 εὐεργετεῖ.

153 3682 243 3767 ἔλεγε
266 3682 301 3747 δὲ
325 3683 377 3746 καί
401 3683 447 3766 τῷ
472 3681 587 3767 φαύλῳ
611 3676 703 3764 άνδρὶ
729 3681 895 3756 λυσιτελὲς
917 3678 954 3744 τὸ
978 3680 1043 3766 ζῆν,
1070 3685 1118 3765 τῷ
1140 3680 1177 3746 δὲ

153 3781 252 3866 σοφῷ
274 3777 313 3843 τὸ
336 3772 535 3857 ἀποθανεῖν,
561 3773 606 3855 ὥς
627 3802 720 3854 τινας
741 3776 774 3843 ἐκ
796 3776 915 3842 τούτου
931 3775 1176 3844 πεισιθάνατον

154 3871 255 3944 αὐτὸν
278 3876 423 3941 καλέσαι.

236 3967 454 4058 Ἀντισθένης
478 3967 495 4036 ὃ
518 3971 552 4037 ἐκ
566 3969 715 4057 Θρᾴττης
737 3970 870 4055 μητρὸς,
894 3963 993 4046 αὐτὸς
1015 3971 1051 4036 δὲ
1069 3967 1219 4055 Ἀθη-το,

152 4081 257 4151 ναῖος,
280 4069 319 4136 τὸ
346 4072 481 4155 πρῶτον
503 4067 724 4152 Σωκρατικὸς,
755 4067 872 4134 ἔπειτα
893 4064 1037 4143 κυνικὸς,
1072 4066 1175 4151 ἔφησε

122 4167 197 4256 cur)
220 4170 337 4254 χρῆναι
358 4166 400 4233 τὰ
421 4165 503 4233 κακά
526 4167 720 4253 ζηλοτυπεῖν
743 4165 863 4247 ἕτερον,
888 4155 964 4249 ἢτδι
979 4156 1055 4244 παρ’
1074 4156 1175 4250 ἀλλή-

152 4269 227 4344 λοις
255 4263 389 4350 αἰσχρά,
418 4264 461 4331 τὰ
488 4264 523 4329 δὲ
552 4269 639 4349 τείχη
662 4265 728 4329 τῶν
757 4261 888 4328 πόλεων
919 4252 1003 4327 εἶναι
1025 4259 1176 4344 σφαλερὰ

1036 4452 1260 4646 Α
