2867 5084
582 950 701 1004 mm.
721 954 916 1005 Anouolor.
1195 946 1259 1007 403

230 1102 422 1182 ἐπιδόσεως
448 1106 516 1170 τῶν
539 1099 594 1171 ὑπ’
619 1098 721 1170 αὐτοῦ
752 1104 948 1188 ίκτισμίνων
975 1108 1029 1172 καί
1059 1107 1106 1186 είς
1132 1108 1259 1175 τελειό-

229 1227 318 1287 τητα
341 1198 578 1281 αὐξανομένων.
623 1198 709 1268 σότω
733 1207 784 1269 καί
816 1203 871 1268 ἰπὶ
901 1206 968 1268 τῶν
997 1202 1088 1284 ζιόων
1117 1205 1170 1270 καί
1200 1204 1257 1270 ἐπὶ

231 1303 302 1365 τῶν
333 1301 511 1376 πετεινῶν,
550 1295 637 1365 οὕτω
665 1302 718 1365 καὶ
750 1301 806 1365 ίπί
834 1303 900 1365 τῶν
930 1304 1055 1387 κτηνῶν
1077 1305 1129 1368 καί
1160 1303 1259 1385 ἑρπε-

200 1400 303 1465 Βτῶν
335 1399 389 1462 καί
419 1396 556 1462 ε’ναλίων
589 1396 701 1463 πάντα
739 1396 772 1463 ίν
806 1391 887 1483 ἀρχῇ
921 1399 1173 1483 τέλειαγέγονε
1202 1398 1259 1465 διὰ

233 1498 296 1561 τοῦ
319 1493 578 1579 προστάξαντος,
612 1493 768 1579 βουλήσει
792 1496 827 1561 δὲ
851 1501 974 1580 σοφίας
995 1497 1051 1560 νῦν
1074 1495 1283 1575 ε’πιδόσεωςε

232 1594 354 1670 δεῖται,
389 1590 445 1656 διὰ
472 1591 531 1678 τήν
564 1595 622 1656 τσιῗ
652 1592 707 1657 ἐπὶ
736 1595 795 1678 γής
824 1591 1044 1671 δεσπόζοντος
1073 1586 1257 1674 ἀνθρώπου

231 1683 304 1756 κατ’
329 1690 457 1755 ἔννοιαν
481 1684 654 1775 ὠφέλειαν,
679 1689 727 1766 είς
748 1688 787 1753 τὸ
810 1687 1039 1774 ἐπιγινώσκειν
1061 1688 1119 1755 τόν
1144 1690 1258 1756 ἐπάνω

232 1787 372 1852 πάντων
395 1785 486 1863 θεὸν,
516 1785 574 1851 τὸν
601 1785 740 1871 χορηγόν
769 1789 835 1851 τῶν
858 1790 1092 1871 σπερματικῶν
1119 1789 1173 1853 καί
1201 1790 1260 1873 τής

235 1883 423 1960 ίπιδόσειυς
445 1885 511 1948 τῶν
534 1878 710 1967 αόξήσεων,
736 1882 816 1949 όντα
838 1883 920 1950 θεὸν
942 1887 995 1949 καί
1019 1884 1140 1967 κόριον.
1187 1884 1259 1950 διό-

232 2006 301 2064 περ
322 1979 364 2047 τὰ
386 1982 445 2062 μὲν
467 1974 535 2045 κατ’
561 1974 700 2062 οὐρανὸν
723 1983 776 2045 καὶ
801 1974 839 2045 σό
856 1979 913 2048 διὰ
937 1984 1054 2064 χειρῶν
1074 1976 1259 2064 ἀνθρώπου
1270 1998 1299 2048 1⁰

234 2077 440 2162 σπειρόμενα
463 2075 552 2157 ὄντα,
576 2081 628 2142 καί
653 2072 691 2142 οὗ
714 2081 878 2163 γεννῶντα
900 2073 976 2144 οὐδὲ
993 2078 1187 2164 γεννώμενα,
1212 2079 1260 2144 εί·

234 2200 317 2243 ασεν
341 2170 358 2239 ό
381 2175 462 2253 θεὸς
485 2175 519 2241 ἓν
534 2174 725 2260 τελειότητι.
757 2170 796 2240 οὐ
818 2173 879 2260 γυλρ
903 2175 1101 2260 ίνίσκηπτσν
1124 2178 1163 2261 τῇ
1186 2176 1260 2241 δια-

232 2281 311 2360 νοίᾳ
333 2276 392 2337 τοῦ
416 2267 601 2357 ἀνθρώπου
631 2272 678 2350 εἰς
701 2273 882 2360 ἐπιβουλήν
915 2275 968 2338 καί
996 2276 1102 2359 τῦφον
1127 2273 1260 2338 κενοδο-

234 2372 318 2452 ξίας,
343 2365 389 2448 ῶς
411 2365 482 2436 σίον
506 2369 563 2436 έπὶ
585 2364 679 2454 ήλίσυ
697 2370 805 2437 εἰπεῖν
827 2376 879 2436 καί
897 2367 1032 2456 σελήνης
1047 2371 1099 2434 καὶ
1116 2367 1256 2452 ἄστρων.

234 2466 395 2552 οὔτεγὰρ
419 2465 475 2533 διὰ
496 2465 535 2531 τὸ
557 2469 741 2551 γεννᾶσθαι
761 2467 820 2554 τήν
844 2465 989 2553 σελήνην,
1020 2460 1041 2553 ή
1063 2473 1208 2551 φθίνειν,
1239 2460 1258 2553 ή
1270 2484 1297 2534 15

208 2563 363 2645 ῦαίίξειν,
398 2561 591 2630 ἀλλοιοῦται
620 2563 676 2630 τόν
705 2564 847 2648 τρόπον,
882 2560 967 2630 ἀλλὰ
996 2563 1052 2631 διὰ
1074 2563 1112 2628 τὸ
1134 2569 1257 2647 καιρῶν

233 2657 319 2731 είναι
336 2661 496 2728 σύστασιν
518 2664 570 2728 καί
588 2660 811 2749 ε’πιχσρηγίαν,
839 2652 884 2726 ῶν
900 2660 982 2739 θεὸς
996 2673 1068 2737 τοῖς
1084 2664 1259 2749 φωστήρσι

232 2760 418 2840 διετάξατο.
463 2762 537 2836 πῶς
567 2747 623 2823 οὖν
651 2758 693 2825 τὰ
716 2757 888 2842 σωματικὰ
916 2757 998 2837 θεὸς
1025 2761 1078 2824 καί
1102 2759 1144 2824 τὰ
1172 2764 1258 2846 τηθί-

231 2883 333 2926 νοντα
356 2860 407 2922 καί
431 2855 474 2922 τὰ
497 2855 688 2942 φθινόμενα
709 2857 858 2943 θελήσας
887 2850 989 2934 εὐθὺς
1016 2857 1126 2923 τέλεια
1149 2856 1258 2942 είργό-

232 2979 328 3034 σατσ,
353 2953 390 3020 ὃν
412 2956 447 3020 δὲ
472 2954 507 3032 ίξ
528 2949 636 3019 αότῶν
660 2955 836 3041 ἐγέννησεν,
866 2955 923 3020 ἕνα
945 2954 981 3033 έξ
1002 2953 1075 3032 ἑνὸς
1096 2953 1153 3020 τὸν
1177 2951 1298 3020 ὄντοιν

233 3048 285 3121 δελ
308 3054 504 3138 γεννητικῶς
533 3049 627 3134 νεαρὰ
654 3054 701 3137 τῷ
726 3049 797 3116 όντι
826 3051 1010 3126 ἐπιδόσεως
1044 3049 1155 3134 ἐγέννα
1183 3051 1258 3115 ἐπι-

234 3151 410 3234 δεόμενον,·
439 3154 597 3215 πέπαυσο
620 3137 687 3226 σόν,
711 3139 738 3213 ῶ
758 3144 875 3226 Ἀέτιε,
899 3148 993 3224 κενὰς
1008 3142 1085 3230 ἡμῖν
1100 3149 1152 3211 καί
1168 3143 1259 3228 Ἀρι-

234 3245 427 3322 στστελικόις
450 3247 553 3325 λέξεις
582 3251 707 3332 φέρων,
747 3243 889 3330 ἀρκετῶς
918 3243 1057 3325 έχόντων
1086 3239 1177 3328 ήμῶν
1204 3245 1259 3310 καί

233 3345 278 3430 μή
303 3339 533 3427 ἆπατωμένων
555 3341 638 3408 κατὰ
660 3341 718 3427 τήν
746 3345 805 3407 τοῦ
834 3348 947 3424 κυρίου
974 3335 1066 3427 ήμῶν
1095 3335 1258 3426 ἀληθινήν

235 3443 470 3520 διδασκαλίαν,
510 3439 569 3527 τήν
597 3441 755 3524 λέγουσαν
789 3439 827 3503 τό
865 3438 925 3505 “ε’κ
952 3441 1010 3503 τοῦ
1039 3436 1167 3520 πατρὸς
1196 3436 1300 3521 ίγῶίδ

183 3540 380 3626 ὓίξήλδον
402 3536 457 3602 καὶ
478 3533 577 3624 ήκω,”
604 3539 657 3603 καί
687 3533 726 3603 οὗ
756 3538 1018 3622 καταχρηστικῶς
1045 3534 1181 3623 ίχοόσης
1200 3540 1260 3622 τῆς

235 3638 355 3717 λέξεως
376 3634 435 3720 τήν
458 3633 606 3717 δύναμιν,
637 3628 722 3698 ἀλλὰ
743 3634 948 3719 τελειότητος
975 3635 1029 3699 καί
1059 3627 1153 3712 ἆξίας
1176 3635 1259 3699 θεοῦ

236 3731 462 3823 σημαινούσης
483 3728 542 3816 τήν
564 3725 690 3796 οὐσίαν.

324 3829 356 3895 ι’.
400 3829 442 3894 Εἰ
463 3831 590 3894 τέλειον
618 3817 657 3914 ήν
680 3828 717 3892 τὸ
740 3833 896 3913 γέννημα,
935 3827 968 3893 ίν
997 3820 1159 3912 όγεννήτῳ
1188 3831 1259 3908 γίν·

235 3925 323 4016 νημσί
360 3926 431 3992 ἐστι
466 3927 519 3991 καί
544 3920 601 3989 οόκ
624 3924 660 4004 ἒξ
681 3914 727 3990 ῶν
750 3921 768 3989 ό
791 3920 964 4012 ἆγέννητσς
991 3919 1072 3989 αὐτὸ
1101 3922 1300 4006 ίγέννησε.30

233 4023 389 4112 γεννητὴν
411 4021 473 4108 γὰρ
497 4021 598 4109 φύσιν
627 4022 661 4089 ίν
689 4018 852 4110 ἇγεννήτῳ
884 4017 981 4106 οὐσίᾳ
1009 4016 1067 4084 σόκ
1095 4018 1259 4101 ἐνδέχεται

236 4118 331 4192 εἶναι.
361 4119 400 4185 τὸ
422 4119 483 4206 γὰρ
506 4113 588 4184 αὐτὸ
611 4114 696 4187 είναι
718 4125 754 4186 τέ
777 4120 915 4186 ἐστικαὶ
931 4117 975 4203 μή
993 4112 1086 4183 εἶναι.
1117 4121 1260 4201 γέννημα

183 4220 296 4309 *syene
320 4216 496 4313 ἀγέννητον
518 4211 577 4282 σόκ
599 4217 679 4298 ἔστι,
704 4217 759 4285 καὶ
782 4214 955 4304 ἀγέννητον
978 4208 1014 4281 δν
1036 4220 1177 4300 γέννημα
1200 4212 1259 4280 οόκ

1051 4319 1105 4369 26*
