2867 5084
199 966 259 1028 100
423 978 629 1029 Εαισινιοε
646 979 742 1030 xm
760 979 946 1029 Αινεεειιν
961 981 991 1029 α.

279 1136 328 1197 ί1.
358 1132 440 1207 Πῶς
468 1119 540 1208 οἷν,
571 1134 686 1216 φησίν,
717 1130 900 1198 ἐνετείλατο
930 1131 1106 1197 σκυλεῦσαι
1134 1128 1214 1208 τοὺς

193 1228 404 1313 Αἰγυπτίους
432 1228 465 1294 έν
494 1230 540 1313 τῷ
571 1226 691 1306 ἐξιέναι
721 1223 840 1307 αι’·τοίς
868 1229 902 1295 ἐκ
930 1232 988 1314 γῆς
1012 1227 1213 1312 Αἰγόπτοο,·

194 1333 264 1391 ναί·
287 1326 414 1402 δίκαιος
433 1325 495 1411 γάρ
518 1325 590 1392 ἐστι
611 1326 732 1411 κριτὴς,
756 1322 801 1405 ὡς
822 1329 877 1392 καὶ
898 1324 960 1412 ἤδη
982 1323 1146 1402 πολλάκις
1165 1324 1214 1392 εἴ·

192 1447 275 1508 ρηκα
297 1421 375 1506 περὶ
396 1423 524 1490 τούτου.
561 1426 613 1489 καί
637 1424 693 1489 ἵνα
716 1425 803 1509 δείξῃ
828 1420 881 1488 ὅτι
903 1418 961 1489 οάκ
983 1416 1083 1501 αὐτὸς
1105 1421 1212 1489 ἐνδέε-

167 1537 248 1586 5ται
268 1524 409 1599 θυσιῶν,
434 1526 535 1608 φησὶν
558 1520 592 1586 ἐν
615 1523 661 1605 τῷ
684 1522 840 1608 προφήτῃ
865 1519 928 1607 “wi
945 1527 1069 1598 θυσίας
1083 1542 1213 1605 προση-

92 1684 97 1691 ,
192 1624 323 1703 νέγκατί
343 1642 412 1701 μοι,
436 1614 525 1696 οἶκος
536 1613 671 1704 Ἰσραηλ,
695 1620 940 1703 τεσσαράκοντα
955 1619 1028 1703 ἐτη,
1054 1619 1143 1702 λέγει
1156 1617 1213 1684 κό-

190 1721 289 1800 ριος”.
318 1723 384 1781 τίνι
406 1706 463 1782 οὖν
486 1706 569 1802 ἦσαν
584 1716 619 1782 αἱ
635 1719 925 1802 προσφερόμεναι,·
947 1711 1036 1800 αὐτῷ
1051 1717 1112 1799 μὲν
1128 1713 1212 1781 κατὰ

191 1813 249 1897 τὴν
279 1812 429 1880 διάνοιαν
450 1817 516 1878 τῶν
540 1814 814 1901 προσφερόντων,
843 1809 943 1891 αὐτὸς
965 1816 1001 1879 δὲ
1024 1809 1082 1895 οὐχ
1104 1814 1236 1880 ένεκενΒ

190 1913 249 1976 τοῦ
273 1910 448 1977 ἐνὸέεσθαι
470 1917 700 1994 προστέταχεν,
724 1905 793 1977 ἀλλ’
811 1912 866 1977 ἵνα
882 1918 1041 1997 σσνεθίση
1059 1906 1130 1976 ἀπὸ
1146 1934 1213 1977 πο·

154 2024 183 2076 10
192 2009 331 2086 λοθεΐας
353 2009 410 2074 ἕνα
432 2008 514 2075 θεὸν
536 2008 774 2093 ἐπιγινώσκειν.
812 2009 927 2096 ἐπειδη
950 2009 1011 2093 γὰρ
1034 2007 1125 2090 ἑώρα
1148 2015 1214 2075 θυ-

192 2113 268 2184 σίας
289 2105 545 2189 ἐπιτελουμένας
566 2117 638 2184 τοῖς
660 2115 757 2184 θεοῖς
779 2110 844 2172 τῶν
861 2107 1070 2192 Αἰγυπτίων,
1094 2106 1153 2172 ἵνα
1165 2105 1212 2193 μὴ

190 2203 247 2270 διὰ
277 2206 466 2271 πολοθεῒαν
493 2210 660 2287 τραπέντα
687 2202 797 2271 αὐτῶν
825 2204 867 2270 τὰ
890 2204 1036 2289 νοήματα
1058 2206 1213 2271 καταλεί-

188 2313 284 2386 ψωσι
311 2302 369 2368 τόν
396 2302 499 2386 μόνον
528 2303 585 2368 ἕνα
606 2302 698 2369 θεόν.
744 2299 799 2369 ὅτε
822 2304 856 2368 δέ
880 2301 1076 2389 σοναγηοχεν
1098 2296 1212 2367 αὐτῶν

188 2399 246 2486 τὴν
270 2400 420 2467 διάνοιαν
444 2396 513 2466 ἀπὸ
535 2402 725 2477 πολυθεῒας
747 2398 804 2465 διὰ
826 2401 953 2465 πολλοῦ
966 2398 1094 2483 χρόνου,
1121 2394 1212 2466 ἀπσ-

152 2505 370 2576 15σονεθίσας
402 2492 521 2576 αὐτοὺς
553 2501 611 2583 τῆς
643 2496 797 2583 τοιαύτης
829 2492 1041 2575 ὑποθέσεως,
1072 2494 1212 2580 ἀρχεται

188 2595 416 2679 παρακόπτειν
440 2593 462 2659 ἃ
482 2595 525 2679 μη
550 2592 666 2680 ἤθελε,
700 2597 755 2660 καὶ
788 2594 895 2679 ἔλεγεν
924 2595 1000 2661 “λ’να
1021 2601 1054 2662 τί
1075 2618 1136 2678 μοι
1159 2597 1213 2661 λί-

186 2698 288 2775 βανον
311 2692 346 2757 ἐκ
367 2695 460 2774 Σαβᾶ
483 2699 613 2778 φέρετε,
637 2692 692 2758 καὶ
714 2693 922 2775 κιννάμωμον
946 2692 980 2758 ἐκ
1000 2696 1059 2779 γῆς
1079 2692 1211 2777 μακρό-

188 2793 268 2868 θεν,·
289 2788 333 2874 μὴ
358 2789 508 2874 φάγομαι
529 2797 607 2873 κρέα
622 2790 761 2874 ταύρων,
786 2785 905 2876 ἢαῖμα
919 2788 1047 2875 τράγων
1062 2795 1210 2872 πίομαι,·

187 2887 291 2950 ταῦτα
318 2885 379 2969 γὰρ
409 2881 466 2952 οόκ
495 2886 669 2974 ἐξεζήτησα
697 2888 731 2954 ἐκ
756 2891 822 2954 τῶν
843 2891 959 2971 χειρῶν
981 2883 1088 2970 όμῶν,
1117 2884 1237 2955 diffie

149 2992 299 3049 οοποιεῖν
326 2983 411 3066 πρὸς
443 2984 500 3050 τόν
528 2987 671 3071 πλησίον
707 2985 916 3071 δικαιοσύνην
954 2988 1007 3050 καὶ
1040 2980 1209 3070 ἀληθειαν

144 3144 163 3167 ,Ι
186 3078 322 3146 ἕκαστον
344 3081 429 3165 πρὸς
451 3081 507 3147 τὸν
531 3077 675 3169 ἀδελφὸν
698 3078 825 3147 αότοῦ”.
856 3085 909 3148 καὶ
934 3077 1013 3168 όρᾷς
1035 3078 1088 3147 ότι
1103 3099 1211 3168 προί-

186 3175 289 3243 όντων
302 3181 368 3245 τῶν
381 3178 507 3263 χρόνων
523 3175 541 3265 ἡ
559 3176 745 3258 ὑπόστασις
760 3184 817 3265 τῆς
833 3180 1001 3262 δυνάμεως
1015 3182 1081 3245 τῶν
1096 3186 1208 3246 θείων

185 3268 466 3355 ἀποκαλύπτεται,
487 3275 531 3354 ὡς
546 3273 645 3355 αότὸς
658 3277 761 3343 πάλιν
776 3280 863 3361 λέγει
877 3281 924 3362 τῷ
938 3277 1094 3363 Σαμουὴλ
1111 3288 1207 3362 “qu-

185 3391 244 3436 σον
265 3371 322 3438 τόν
337 3373 446 3438 Σαούλ
469 3374 515 3451 εἰς
536 3377 703 3459 βασιλέα”.
747 3372 882 3458 ὕστερον
911 3376 947 3441 δὲ
969 3370 1088 3452 αὐτοὺς
1112 3374 1207 3461 ἐλέγ-

147 3482 235 3548 25χει
257 3471 358 3554 λέγων
381 3471 551 3555 “έχρίσατε
571 3474 712 3556 βασιλέα
735 3467 773 3537 οό
792 3469 832 3537 δι’
852 3471 931 3554 ἐμοῦ
953 3475 1006 3538 καί
1033 3471 1205 3556 ἄρχοντας,

185 3564 240 3632 καὶ
263 3565 325 3651 ἐγω
348 3562 405 3633 οὐκ
427 3568 637 3654 ἐνετειλάμην
658 3565 765 3652 ὗμῖν”.
812 3563 880 3635 ἀλλ’
906 3569 1020 3655 ἐπειδὴ
1044 3569 1204 3656 ἐζήτησαν

182 3665 281 3731 τοῦτο
303 3664 339 3730 αἱ
361 3663 506 3732 διάνοιαι
528 3662 645 3745 αὐτῶν,
670 3667 973 3751 παραμυθούμενος
996 3664 1014 3731 ό
1037 3666 1118 3745 θεὸς
1134 3673 1205 3734 Σα-

182 3760 289 3848 μουὴλ
318 3760 374 3827 τὸν
402 3762 576 3850 προφήτην
603 3765 708 3849 ἐλεγεν
733 3760 790 3831 “οό
814 3766 851 3831 σὲ
873 3759 1097 3848 ἀπεβόλοντο,
1127 3759 1199 3830 ἀλλ’

182 3856 248 3941 ἐμὲ,
273 3859 359 3943 λέγει
379 3857 499 3943 κύριος.
529 3861 616 3949 πλὴν
638 3872 752 3946 χρῒσσν
776 3857 889 3940 αὐτοῖς
910 3861 968 3927 τόν
985 3860 1103 3941 Σαούλ,
1127 3862 1202 3929 οἶόν

144 3959 271 4034 wlsi&
303 3952 417 4040 ὥσπερ
439 3957 591 4036 παιδίοις
604 3970 735 4044 μικροῖς
749 3958 1021 4045 προσφερόμενον
1036 3958 1074 4025 τὸ
1090 3964 1234 4041 θεῖον,υ

181 4051 237 4118 ἵνα
257 4053 407 4140 βαστάση
430 4053 489 4138 τὴν
511 4048 689 4122 ἀσθένειαν
712 4059 778 4122 τῶν
801 4051 1033 4123 ἀσθενούντων
1048 4058 1101 4122 καὶ
1118 4051 1202 4123 ἀνα-

181 4148 343 4233 θωπεόση
372 4151 410 4216 τὸ
437 4156 561 4237 βρέφος
589 4148 658 4219 ἀπὸ
685 4155 744 4239 τῆς
769 4149 871 4220 αὐτοῦ
894 4149 1081 4232 ἀσθενείας.
1104 4148 1202 4223 ,εἶτα

180 4242 266 4328 λέγει
293 4245 332 4309 τὸ
360 4249 565 4317 τελειότατον
595 4256 723 4319 “θοσία
750 4255 796 4337 τῷ
825 4254 896 4338 θεῷ
924 4255 1055 4335 πνεῖμα
1084 4273 1201 4323 σοντε-
