2867 5084
227 874 291 936 902
610 885 702 936 tuaac
720 886 865 936 anconae

228 1020 281 1073 ω’
296 1075 421 1133 Sexaginta
446 1080 501 1119 siunt
526 1072 643 1132 Reginae,
671 1079 695 1119 et
719 1071 838 1132 octoginta
863 1071 976 1134 pellices,
1008 1080 1032 1120 et
1057 1072 1243 1122 adolescentulae

329 1155 429 1203 quarum
455 1140 534 1188 nullus
559 1148 594 1188 est
613 1153 737 1188 numerus,
782 1139 831 1188 lina
856 1148 892 1187 est
916 1139 1029 1189 columba
1055 1154 1123 1199 mea,
1149 1141 1243 1257 galgata

308 1223 383 1256 ‘ntea
1231 1210 1241 1254 l

621 1357 857 1416 sepianum.

256 1478 278 1527 l.
297 1479 321 1526 ln
341 1477 478 1525 malevolam
497 1480 599 1524 animam
618 1489 665 1523 non
685 1476 781 1524 intrabit
800 1475 919 1539 sapientia
1181 1477 1239 1525 5801·

296 1547 360 1595 Deus
380 1545 443 1593 enim
462 1553 562 1592 mortem
582 1558 628 1591 non
647 1543 711 1604 lecit,
732 1558 775 1591 aec
790 1544 922 1591 delectatur
933 1542 956 1590 ln
970 1543 1109 1606 perditione
1118 1546 1239 1594 uiuentium.

331 1612 416 1661 lnuialia
435 1627 489 1661 uero
509 1612 601 1660 Diaboli
620 1626 684 1659 mors
704 1611 796 1659 intrarit
815 1612 838 1659 in
858 1610 971 1660 mundum
1182 1611 1239 1660 atla

296 1681 387 1730 Crearit
407 1682 469 1730 enim
488 1687 512 1728 ut
532 1687 613 1728 essent
631 1679 711 1727 omnia
730 1680 809 1727 Deus:
831 1687 853 1726 et
871 1679 989 1726 salutares
1008 1687 1068 1727 suant
1087 1679 1167 1729 mundi
1180 1694 1240 1740 gene·

329 1749 442 1797 rationes.
477 1748 527 1796 Nec
545 1755 582 1796 est
601 1749 624 1796 in
645 1746 690 1795 illis
709 1746 908 1795 medicamentum
928 1747 993 1794 exitii
1181 1748 1238 1795 iila

252 1816 276 1865 2.
296 1814 386 1863 Crearit
405 1817 468 1864 enim
488 1816 608 1864 hominem
627 1815 651 1862 in
670 1814 865 1877 incorruptione,
892 1813 922 1862 ad
947 1814 1079 1876 imaginem
1103 1816 1251 1864 aeternitatis⁴

329 1897 387 1931 suae
407 1883 462 1932 lecit
481 1883 545 1931 illurn
1182 1883 1239 1930 55st

251 1949 275 1999 3.
295 1949 366 1998 Denta
391 1950 480 1999 sterilis
507 1950 699 2012 incoinquinata,
734 1962 795 2012 quae
821 1948 917 1997 nescirit
941 1955 1021 1997 torum
1049 1950 1073 1998 in
1099 1950 1197 2009 delicto,
1223 1958 1239 1995 et

328 2017 411 2079 spado,
431 2018 471 2080 qui
491 2031 538 2065 non
557 2023 670 2079 operatus
690 2023 727 2065 est
744 2017 853 2065 manibus
873 2016 923 2064 suis
942 2017 1097 2080 iniquitatem
1196 2017 1239 2066 Dia

252 2085 276 2134 4.
296 2084 429 2133 fascinatio
449 2085 511 2133 enim
531 2085 672 2146 nugacitatis
692 2085 806 2133 obscurat
829 2084 905 2143 bona,
937 2091 961 2132 et
979 2086 1146 2135 inconstantia
1164 2101 1239 2135 concu-

328 2154 459 2215 placentiae
478 2154 613 2201 transvertit
631 2161 735 2200 mentem
755 2153 807 2200 sine
825 2152 914 2200 malitia
1180 2153 1239 2203 llllll

252 2219 276 2270 3.
295 2221 413 2270 laetorum
433 2222 526 2270 anianae
545 2222 568 2270 in
588 2220 712 2269 manuDei
732 2227 795 2280 sunt,
815 2228 904 2268 elnon
923 2227 1004 2282 tanget
1023 2220 1080 2269 illos
1099 2230 1239 2270 tormentant.

329 2289 375 2337 Visi
394 2298 450 2338 siunt
468 2290 491 2337 in
511 2289 587 2337 acolis
607 2287 770 2351 insipientium
790 2287 864 2347 mori,
891 2296 915 2336 et
937 2289 1068 2338 aestimata
1093 2298 1132 2338 est
1154 2289 1239 2338 aillirtio

328 2358 405 2406 exitus
424 2357 526 2417 illorum,
546 2365 570 2406 et
587 2357 652 2420 quod
670 2371 684 2404 a
703 2357 772 2404 noliis
792 2363 827 2404 est
847 2357 891 2405 iter
910 2357 1090 2406 exterminium.
1120 2359 1154 2408 llll
1172 2367 1239 2406 autera

328 2433 384 2473 suut
402 2426 425 2473 in
445 2434 555 2487 pace,.et
573 2439 629 2488 spes
644 2424 742 2480 illorum
763 2423 939 2472 immortalitate
957 2423 1030 2488 plena
1050 2434 1088 2474 est
1181 2426 1239 2474 δῦθι

294 2493 358 2541 Deus
377 2494 475 2541 tentavit
493 2492 554 2555 illos,
583 2501 605 2542 et
624 2493 712 2542 inuenit
737 2506 778 2540 eos
798 2492 935 2552 dignasse.
979 2492 1106 2556 Tanquam
1126 2493 1238 2542 aurumin

326 2560 424 2609 lornace
443 2561 547 2623 probauit
568 2560 629 2620 illos,
648 2568 671 2608 et
689 2561 751 2609 sicut
766 2559 931 2609 holocaustum
943 2561 1070 2610 suauitatis
1085 2563 1177 2625 occepit
1188 2561 1238 2613 illos,

329 2635 352 2675 et
370 2628 394 2676 in
414 2636 521 2691 tempore
539 2628 681 2677 visitationis
699 2626 804 2688 illorum,
823 2636 861 2675 etc
1180 2627 1237 2678 atae

249 2693 274 2743 l.
293 2695 411 2743 Senectus
429 2696 578 2756 venerabilis,
598 2709 644 2744 noa
656 2696 775 2755 longaeva,
795 2708 966 2743 necaanorum
981 2707 1085 2746 numero
1098 2705 1236 2758 computato:

327 2763 427 2809 canities
441 2777 494 2811 reru
507 2764 631 2825 prudentia
648 2771 683 2810 est
698 2762 845 2823 horninibus,
862 2771 885 2810 et
903 2771 971 2810 aetas
990 2765 1126 2831 senectutis
1144 2768 1187 2812 aila
1203 2767 1236 2810 im·

326 2829 451 2877 maculata.
488 2831 547 2878 Cum
567 2834 618 2878 sine
637 2830 824 2891 reprehensione
844 2837 916 2889 esset,
936 2837 983 2878 etc.
1178 2831 1235 2880 ttae

249 2893 273 2942 l.
292 2893 378 2943 Decem
398 2897 516 2945 mensium
535 2899 612 2960 analio
631 2906 760 2945 concretus
779 2898 802 2945 in
822 2897 938 2957 sanguine
1177 2900 1234 2948 lata

550 3049 919 3107 aeclesiasatct's

248 3163 272 3212 'l.
292 3161 338 3220 Qut
357 3171 476 3224 quaerunt
494 3163 563 3223 mola,
582 3165 643 3213 analo
662 3179 705 3215 eos
724 3166 905 3228 apprehendent

291 3230 373 3279 Melior
392 3240 428 3279 est
448 3233 562 3281 orationis
581 3233 635 3281 linis
653 3248 725 3297 quam
744 3234 887 3297 principium

660 3386 806 3443 tsnlaS.

250 3498 272 3546 l.
290 3498 315 3547 Si
334 3500 455 3549 volueritis
474 3509 498 3549 et
516 3499 654 3551 obedieritis
674 3503 739 3561 milui,
764 3502 827 3551 bona
846 3510 924 3551 terrae
943 3503 1089 3553 comealetie.
1124 3507 1150 3553 Si
1167 3511 1233 3552 auten

323 3566 448 3617 nolueritis
468 3583 546 3631 noque
565 3570 704 3620 obedieritis
724 3570 931 3633 integumentis
948 3585 990 3619 ros
1008 3571 1112 3634 gladius.
1138 3570 1233 3629 Deeuin

324 3634 418 3683 Domini
437 3636 544 3685 locutum
563 3645 599 3686 est
618 3638 663 3686 ista
996 3637 1233 3689 enucleemus

288 3701 372 3764 Neque
396 3704 459 3752 enim
483 3705 542 3752 laaec
567 3707 677 3768 requisivi
703 3706 733 3753 de
758 3705 867 3753 menibus
887 3706 986 3767 vestris,
1018 3708 1064 3755 aed
1089 3706 1167 3756 lacere
1190 3716 1233 3765 erga

322 3770 456 3832 proximum
473 3786 543 3820 auum
563 3773 685 3833 iustitium,
704 3781 727 3822 et
746 3774 869 3823 veritatem
890 3787 1090 3837 unumquemque
1109 3776 1133 3824 ia
1150 3774 1232 3823 niueo

323 3851 393 3886 suum
1162 3839 1232 3890 *oute

289 3901 349 3959 Quis
368 3905 431 3954 enim
451 3906 509 3955 liaeo
528 3908 652 3969 requisivit
669 3908 699 3956 ‹le
717 3908 829 3958 manibus
846 3908 931 3957 uestris
1174 3907 1232 3958 83³³

289 3971 362 4021 Filios
380 3974 451 4034 genui
473 3982 497 4023 et
515 3974 610 4024 exaltari
972 3975 1020 4026 841
1033 3976 1057 4026 b.
1076 3976 1156 4028 8501).
1173 3974 1231 4025 sall

289 4040 370 4089 llenite
388 4041 547 4091 ascendamus
565 4043 594 4091 ad
613 4050 718 4092 montem
737 4043 841 4105 Domini,
861 4043 931 4092 etad
952 4042 1052 4093 domum
1068 4045 1111 4095 Del
1123 4045 1199 4102 local,
1215 4047 1231 4089 et

320 4109 475 4158 annunciabit
495 4110 564 4159 nabis
583 4111 641 4159 riam
661 4125 737 4172 suom,
757 4119 804 4160 etc.
1159 4107 1231 4161 rotat

242 4173 269 4221 4.
288 4173 408 4224 calamum
428 4179 556 4227 contritum
575 4192 623 4228 non
642 4178 783 4242 confringet,
802 4187 826 4229 et
838 4178 1052 4242 limamluaaigans
1066 4195 1114 4231 aon
1126 4182 1230 4241 exaugael
