2867 5084
550 944 635 995 ιιιτει
651 944 824 997 mmm.
1131 935 1200 1000 55³

171 1093 267 1178 λέγει
286 1095 495 1179 γεγενῆσθαι.
539 1088 620 1177 αύτη
641 1092 702 1178 γάρ
727 1087 806 1181 ἀρχή
828 1097 895 1162 τῶν
918 1091 1005 1163 ὅλων
1027 1092 1127 1176 ἐστὶν,
1151 1093 1201 1176 ιύς

173 1213 272 1278 φησι.
1190 1248 1192 1253 ,

263 1284 439 1372 Σωκράτης
468 1280 486 1350 5
513 1289 572 1351 τοῦ
592 1281 785 1371 Ἐλμάγλσυ,
818 1281 1112 1374 ήΣωφρονίσκου,
1140 1288 1200 1357 καὶ

175 1389 386 1469 Φαιναρέτης
407 1385 465 1468 τής
486 1378 597 1466 μαίας,
623 1379 640 1448 5
662 1378 791 1471 ήθικὸς,
814 1382 856 1451 τά
877 1381 953 1451 καθ’
971 1386 1087 1453 ἑαυτὸν
1109 1387 1200 1474 ἔλεγε

172 1481 279 1566 μόνον
310 1480 380 1547 δεῖν
412 1480 692 1565 περιεργάζεσθαι
727 1479 784 1558 τόν1
818 1480 1017 1567 ἄνθρωπον,
1057 1484 1225 1549 πλείοναι

266 1671 450 1759 Φερεκύδης
478 1677 532 1740 καὶ
561 1670 660 1751 αι’·τὸς
687 1678 745 1761 γήν
775 1699 859 1763 φησι
886 1674 954 1761 πρὸ
982 1675 1117 1742 πάντων
1143 1699 1198 1761 γι·

175 1774 350 1859 γενῆοθαι.

263 1867 469 1954 Πυθαγόρας
492 1863 510 1933 5
531 1868 667 1952 Σάμιος,
691 1868 895 1955 Μνησάρχου
917 1868 998 1948 υἱὸς,
1026 1867 1109 1936 θεὸν
1132 1867 1197 1956 ἔφη

146 1961 265 2035 nelma
286 1966 344 2052 τήν
371 1964 501 2050 μονάδα
529 1964 584 2031 καὶ
613 1967 687 2048 δι’χα
714 1964 834 2054 ταύτης
859 1968 961 2054 μηδὲν
987 1969 1242 2052 γεγενήσθααιο

174 2065 268 2150 ἔλεγε
301 2065 337 2130 δὲ
369 2062 414 2149 μή
444 2064 513 2130 δεῖν
546 2062 642 2130 θύειν
672 2072 745 2141 τοῖς
777 2069 875 2143 θεοῖς
908 2064 990 2144 ζῶα,
1024 2064 1107 2150 μηδὲ
1134 2061 1198 2148 μὴν

176 2162 309 2230 ἐσθίειν
336 2186 370 2225 τι
391 2163 457 2225 τῶν
487 2159 659 2243 ἐμψύχων,
692 2159 774 2246 μήτε
803 2160 962 2244 κυάμους,
998 2159 1080 2246 μήτε
1109 2154 1199 2227 οἶνον

175 2266 290 2327 πίνειν
311 2257 388 2335 τούς
411 2257 546 2343 σοφούς.
596 2257 684 2342 ἔλεγε
712 2258 748 2322 δὲ
775 2256 817 2324 τά
846 2253 915 2323 άπὸ
946 2255 1082 2342 σελήνης
1110 2254 1199 2321 κάτω

174 2354 322 2443 παθητὰ
337 2349 422 2422 εἶναι
437 2353 556 2431 πάντα,
575 2352 618 2420 τά
633 2355 669 2421 δὲ
684 2349 839 2439 ὑπεράνω
854 2356 912 2441 τῆς
927 2351 1062 2438 σελήνης
1077 2346 1199 2438 άπαθή

173 2448 275 2523 εἶναι.
314 2453 402 2537 ἔλεγε
429 2453 466 2518 δὲ
494 2454 548 2518 καὶ
570 2457 781 2536 μεταβαίνειν
810 2450 868 2538 τήν
891 2449 998 2535 ψυχήν
1021 2450 1067 2528 εἰς
1089 2447 1240 2519 nonan

178 2553 259 2633 ζῶα.
302 2549 449 2616 ἐκέλευσε
477 2550 512 2614 δὲ
540 2552 593 2614 καὶ
622 2546 700 2626 τοῖς
727 2555 898 2634 μαθηταῖς
930 2541 1031 2613 αὐτοῦ
1066 2548 1198 2614 σιωπᾶν

177 2650 239 2718 ἐπὶ
261 2649 422 2732 πενταετῆ
449 2645 582 2731 χρόνον,
615 2649 668 2711 καὶ
698 2645 737 2711 τὸ
765 2639 953 2713 τελευταῖον
979 2643 1061 2711 θεὸν
1084 2643 1200 2711 ἑαυτὸν

179 2745 389 2827 ἐπωνόμασε.

267 2840 460 2927 Ξενοφάνης
483 2835 574 2905 ὁτου
559 2804 820 2925 ’Ὀρθομένους
843 2838 1071 2926 Κολοφώνιος,
1094 2837 1182 2906 ἐκ
1143 2863 1201 2924 γης

177 2941 236 3008 καὶ
261 2935 418 3016 ύδατυς”
402 2962 463 3023 εφη
487 2937 529 3002 τὰ
551 2936 662 3004 πάντα
676 2944 841 3023 γίνεσθαι.
871 2932 957 3005 ειναι
972 2935 1058 3002 δὲ
1022 2962 1065 3001 τα
1079 2935 1243 3014 πάντες»

148 3033 261 3116 θεῖς’
251 3036 324 3122 ἐφη,
348 3029 442 3101 οὐδὲν
466 3031 599 3149 ἀληθές.
638 3031 743 3127 ούτως
765 3035 803 3100 τὸ
827 3029 992 3117 σίτρειιὲςί
974 3043 1054 3149 ημῖν
1067 3029 1200 3118 άδηλον,

179 3133 316 3220 δόκησις
339 3133 373 3198 δὲ
397 3132 454 3199 ἐπὶ
475 3133 563 3219 πᾶσι
584 3136 744 3210 τέτυκται,
772 3131 918 3214 μάλιστα
947 3155 1012 3196 των
1036 3126 1200 3217 ἀφανέων,

268 3224 517 3314 Παρμενίδης’
501 3252 518 3293 ο
543 3252 601 3293 του
587 3228 780 3314 Πύρητος,
803 3228 841 3294 τὸ
862 3233 955 3314 γένος
967 3222 1123 3314 Ἐλεάτης,
1146 3227 1202 3293 καλ

180 3322 283 3407 αι’·τδς
304 3327 342 3392 τό
366 3324 506 3408 ἄπειρον
529 3321 675 3409 ἒ’λεγεν’
658 3325 757 3411 αρχήν
779 3328 844 3391 τῶν
867 3326 1012 3391 πάντων.

268 3424 383 3511 Ζήνων
407 3417 425 3487 5
444 3418 641 3507 Ἐλεάτης,ί
626 3421 838 3507 οεριστικὸς,
862 3422 921 3488 ἰ’σα
943 3424 990 3507 τῷ
1014 3421 1113 3508 ἑτέ-ρῳ
1135 3419 1198 3537 Ζή
1211 3437 1243 3489 ὃ

181 3548 274 3601 νωνι,
295 3547 349 3588 και
362 3520 420 3606 τήν
432 3524 491 3607 γήν
507 3515 659 3607 άκίνητον
675 3515 761 3604 λέγει
775 3522 829 3586 καλ
843 3521 968 3605 μηδένα
990 3519 1095 3586 τόπον
1110 3516 1203 3586 κενὸν

181 3615 279 3689 εἶναι.
315 3621 370 3685 καὶ
394 3613 534 3702 λέγει(
501 3613 623 3738 οήτως
652 3617 691 3682 τὸ
711 3615 948 3739 κινούμενοὶην
930 3614 1005 3683 άτοι
1027 3616 1061 3684 ἒν
1083 3643 1110 3733 ῳ
1096 3605 1205 3684 ἐστι

180 3715 279 3802 τόπῳ
302 3725 450 3795 κινεῖται,
481 3709 501 3779 ἶ
523 3714 557 3780 ἐν
580 3703 607 3800 ὦ
629 3709 687 3780 οὐκ
709 3714 789 3782 ἔστι.
833 3714 889 3780 καὶ
917 3710 992 3780 ούτε
1021 3714 1054 3780 ἑν
1082 3701 1109 3798 ᾦ
1132 3711 1205 3779 ἔστι

180 3813 280 3899 τόπῳ
302 3822 443 3880 κινεῖται
465 3809 541 3878 οὔτε
556 3811 589 3877 ἒν
605 3838 631 3897 ιι
648 3806 706 3877 ούκ
722 3810 827 3877 ἔστιν
851 3805 909 3876 σύν
925 3808 989 3893 άρα
1006 3836 1040 3876 τι
1053 3818 1203 3875 κινεῖται.

151 3929 173 3979 1)
270 3904 490 3988 Μέλισσοςς
474 3912 572 3974 οτού
592 3905 791 3994 Ἰθαγένους,
820 3907 948 3990 Σάμιος
973 3909 1012 3971 τὸ
1033 3911 1140 3991 γένος,
1170 3906 1246 3971 ἓνω

182 4007 224 4073 τὸ
246 4008 315 4072 πᾶν
339 4008 401 4094 ἔφη
425 4014 454 4074 ε
456 4031 519 4085 ναι,
541 4006 642 4092 μηδὲν
666 4006 701 4070 δὲ
715 3998 883 4089 βέβαιον
867 4002 1024 4086 υπάρχειν
1039 4005 1078 4087 τῇ
1095 4000 1206 4089 φύσει,

182 4098 272 4175 ἆλλὰ
292 4101 404 4171 πάντα
427 4097 513 4172 εἶναι
535 4100 708 4190 φθαρτά’
698 4126 732 4168 εν
755 4099 900 4182 δυνάμει.

217 4262 221 4271 .
269 4194 512 4280 Λεύκιππος’
496 4224 515 4266 υ
537 4199 724 4284 Μιλήσιος,
757 4195 840 4264 κατὰ
868 4196 905 4263 δέ
931 4220 1024 4274 τινας
1041 4188 1206 4282 Ελεάτης,

998 4298 1053 4349 36*

1105 4406 1324 4646 ιν·
