2867 5084
209 958 271 1026 638
602 971 835 1022 tunortrtones

209 1134 339 1206 scripturn
367 1130 410 1185 sit.
455 1127 520 1183 Nam
553 1128 604 1183 etsi
632 1127 664 1183 ah
694 1125 863 1182 substantivo
896 1116 1049 1198 ὀνομασία
1082 1125 1236 1198 composita

209 1217 360 1272 lorrnantur
382 1211 550 1268 substantiva
573 1205 783 1284 κατονομασόα
798 1219 825 1265 et
840 1199 1050 1282 ὀντονομασιά
1065 1226 1118 1283 per
1134 1226 1151 1264 ο
1166 1210 1236 1265 scri·

208 1311 269 1374 pta,
301 1307 390 1354 tamen
413 1296 462 1352 alia
485 1296 677 1352 adiectivoruru
701 1295 769 1350 ratio
793 1303 848 1358 est,
883 1303 915 1349 ut
936 1291 1090 1349 Lohechius
1114 1293 1234 1350 ostendit

209 1385 242 1439 ad
265 1383 366 1455 Phryn.
389 1400 415 1454 p.
435 1383 505 1438 712.
557 1381 682 1437 Ceterum
715 1388 790 1435 recta
819 1377 941 1434 adiectivi
970 1395 985 1433 a
1009 1377 1141 1451 Dionysio
1164 1377 1229 1440 llal.¹

209 1467 356 1524 Plutarcho
379 1475 407 1521 et
428 1464 608 1539 scriptoribus
630 1462 829 1520 recentioribus
851 1479 933 1535 saepe
955 1463 1081 1535 usurpati
1098 1463 1229 1536 scriptura

210 1553 289 1609 etiam
313 1551 339 1606 in
362 1551 475 1605 aliorum
499 1550 672 1622 scriptorum,
696 1547 768 1621 apud
790 1564 860 1620 quos
882 1564 955 1603 nunc
977 1539 1231 1619 ἀκατονόμαστος

208 1637 319 1708 legitur,
343 1634 482 1689 codicibus
506 1650 560 1687 non
584 1650 645 1688 raro
669 1642 711 1688 est
734 1640 847 1696 servata,
872 1632 922 1687 etsi
945 1648 1027 1705 saepe
1051 1631 1176 1704 neglecta
1197 1629 1228 1685 ah

209 1721 242 1775 iis
264 1720 310 1791 qni
333 1718 440 1773 codices
462 1733 524 1772 cum
546 1716 622 1776 lihris
645 1716 723 1772 editis
746 1707 948 1789 compararunt.
981 1716 1092 1779 Suidae,
1114 1717 1162 1789 qui
1184 1732 1228 1772 so-

208 1804 261 1865 lus,
286 1802 316 1856 ui
337 1800 422 1865 lallor,
445 1802 681 1872 grammaticorum
706 1802 759 1857 hoc
780 1800 941 1856 vocabulum
963 1802 1113 1865 annotavit,
1144 1816 1194 1873 per
1212 1791 1226 1854 ὁ

208 1879 251 1959 μὴ
275 1878 550 1957 κατωνομασμένος
571 1886 781 1959 interpretatus,
811 1895 885 1940 recta
912 1885 1046 1957 scriptura
1077 1902 1109 1941 ex
1139 1885 1227 1941 codiee

208 1969 330 2024 Parisino
353 1968 372 2022 ll
395 1968 561 2023 restituenda
585 1979 635 2025 est.
725 1972 775 2027 27.
798 1965 848 2024 καὶ
863 1962 1023 2045 προαρχὴν
1047 1969 1110 2026 add.
1127 1970 1148 2022 h'
1169 1985 1225 2025 curn

209 2053 238 2117 L,
263 2070 316 2108 om.
333 2053 362 2108 tt.
456 2051 609 2125 καλοῦσιν]
633 2053 764 2125 Sequitur
785 2054 811 2109 in
835 2053 854 2109 L
877 2052 947 2108 Erae
968 2063 1063 2108 autem
1085 2055 1166 2110 illum
1186 2055 1226 2108 in·

209 2138 348 2192 visibilem
370 2144 395 2190 ct
417 2153 497 2208 quem
517 2138 598 2193 nulla
626 2154 671 2192 ree
694 2155 797 2211 capere
816 2139 916 2209 possit.
967 2137 1004 2192 Ex
1026 2155 1083 2212 quo
1108 2139 1225 2194 Dircaeus

209 2221 387 2295 probabiliter
415 2221 524 2294 collegit
553 2222 683 2278 excidisse
716 2224 743 2278 in
766 2224 874 2278 Graecis
902 2213 1052 2299 ὑπάρχειν
1080 2215 1112 2277 d'
1138 2214 1236 2278 aeth*

210 2296 345 2382 ἀόρατον
372 2304 420 2362 καὶ
450 2297 618 2380 ἀχώρητον.
672 2308 770 2363 Recte:
805 2307 855 2362 uisi
878 2307 1044 2380 Epiphanius
1070 2308 1129 2380 ipse
1150 2306 1223 2362 rerha

210 2407 264 2445 non
288 2391 438 2446 neccssaria
461 2391 533 2446 inter
556 2391 804 2447 transscribendum
820 2392 919 2455 omisit,
943 2390 1033 2446 addito
1050 2401 1114 2465 post
1129 2382 1223 2466 ὀιαίρ-

205 2490 303 2547 χοντα
327 2468 361 2529 1λὲ
382 2476 543 2547 pronomine
565 2467 668 2545 αὐτόν,
692 2475 765 2549 quod
782 2493 835 2531 nou
851 2475 989 2530 addiderat
1003 2475 1144 2542 Irenaens,
1166 2476 1222 2550 qnia

208 2567 396 2630 praecesserat
416 2551 563 2636 ὑπάρχειν
585 2552 617 2613 d'
643 2551 745 2629 αότόν,
768 2577 858 2634 neque
881 2560 1014 2632 expressit
1040 2560 1070 2616 1.

211 2644 261 2700 30.
285 2637 374 2697 alcior
403 2642 529 2715 Grahiusl
559 2639 647 2699 eloim
672 2636 796 2720 χρόνων
823 2645 851 2699 Β.
895 2643 1032 2699 hlanilesta
1069 2645 1223 2718 glossatoris

209 2726 282 2781 l'raus
305 2725 335 2780 dt
357 2743 388 2780 ex
412 2727 441 2789 V,
465 2727 491 2780 in
515 2744 569 2799 qno
593 2723 681 2783 αλιόοι
700 2721 833 2805 χρόνοις.
874 2728 967 2784 Solum
992 2724 1081 2785 αῖῶσι
1103 2731 1223 2804 legerunt

209 2809 279 2864 Let
301 2808 492 2864 Tertullianus.
538 2803 663 2885 χρόνοις
696 2814 838 2886 adscripsit
867 2815 1001 2887 interpres
1034 2824 1066 2870 111
1100 2814 1223 2871 indunt

210 2885 298 2947 αἰῶσι
332 2892 527 2965 significatione
562 2895 662 2968 vulgari
695 2913 756 2951 csse
790 2898 989 2971 accipiendum,
1023 2915 1079 2953 uon
1113 2916 1145 2955 ea
1175 2914 1223 2972 qua

207 2970 336 3042 Λῖῶνας
358 2976 422 3033 dixit
445 2977 610 3033 Valentinus.
732 2985 781 3038 31.
812 2978 865 3037 καί
889 2999 960 3038 ποτε
990 2977 1175 3060 ἕννοηθῆνια
1194 2982 1222 3039 l'.

209 3070 239 3116 ut
267 3060 332 3133 legit
360 3061 390 3135 1]
421 3060 470 3118 καὶ
500 3057 687 3137 ἓννοηθῆναί
713 3082 785 3122 ποτε
916 3068 963 3125 32.
999 3068 1122 3143 τοῦτον]
1155 3058 1222 3125 rod-

207 3163 269 3202 των
291 3145 321 3201 V.

298 3233 365 3293 150,
393 3233 417 3287 1.
446 3222 484 3304 ἣν
507 3249 559 3288 orn.
583 3232 603 3287 1
717 3228 914 3290 καταθέσθαι
936 3252 991 3290 non
1014 3235 1221 3299 1111111111οά

207 3315 287 3368 etiarn
311 3316 418 3370 codices
441 3318 617 3380 recentiores,
640 3334 730 3390 neque
752 3318 830 3375 aliter
851 3319 877 3374 in
901 3319 994 3375 codice
1013 3321 1122 3378 lenensi
1144 3322 1222 3377 luisse

207 3413 238 3451 ex
255 3398 376 3452 Cornarii
398 3399 620 3472 interpretatione
643 3404 805 3474 deposuisse
827 3406 893 3477 (quo
917 3403 999 3460 verbo
1023 3407 1105 3461 etiam
1125 3404 1223 3462 lrenaci

206 3480 341 3553 interpres
364 3480 474 3537 Latinus
498 3503 563 3538 usus
586 3488 640 3552 est)
663 3486 751 3560 colligi
773 3497 879 3562 potest:
908 3498 938 3544 ut
960 3484 1132 3561 καθίσθαι,
1154 3489 1224 3564 quod

205 3563 268 3617 inB
290 3562 397 3634 legitur,
421 3567 579 3637 typothetae
602 3585 695 3626 errore
716 3571 768 3645 legi
784 3571 914 3628 videatur.
1002 3575 1031 3632 8.
1055 3567 1181 3652 πρώτην
1195 3573 1223 3646 t}

205 3647 328 3723 πρῶτον
412 3652 579 3725 τετρακτῦν
600 3653 730 3720 (debebat
751 3651 928 3731 carpende)
950 3656 982 3730 V]
1005 3652 1176 3737 τετρακτὴν

209 3734 256 3788 10.
281 3721 477 3805 αι’σθόμενονΙ
500 3726 705 3807 ἓοι1όμ1νον11
795 3745 840 3798 14.
865 3736 899 3797 δὲ
914 3750 1019 3812 (autem
1034 3743 1068 3806 11
1094 3745 1125 3818 V]
1148 3739 1185 3820 dr}

208 3818 256 3872 l'l.
280 3811 469 3890 καλουμένην
490 3819 574 3891 (qnod
591 3833 783 3894 erprcsserunt
800 3825 818 3879 L
835 3835 862 3881 et
878 3826 1036 3897 Carnarius)
1055 3827 1090 3903 V]
1113 3828 1226 3886 καλου-

202 3892 304 3974 μένων
410 3902 458 3958 25.
481 3901 657 3979 προβαλεῖν]
680 3902 908 3981 αροβόλλειν11
1016 3913 1066 3968 29.
1094 3909 1226 3988 Βόθιος]

202 3975 326 4055 βόθυος
347 3984 409 4057 (sic)
433 3985 454 4039 V
541 3990 589 4046 31.
614 3981 668 4057 οὓς
690 3991 709 4044 V
733 4001 760 4047 et
783 3992 812 4066 1]
836 3985 889 4060 οὓς
910 3992 959 4050 καὶ

292 4071 360 4130 151,
378 4070 406 4125 2.
428 4065 675 4146 ἓκκλησιαστικός
696 4076 759 4133 Vct
775 4076 805 4149 1]
828 4075 876 4133 καὶ
899 4073 1153 4154 ἓκκλησιαστικὸς

204 4149 232 4205 8.
257 4141 352 4208 αότόν
373 4143 531 4227 ὀνομάζειν
554 4158 616 4214 Vet
631 4159 660 4232 1]
689 4151 848 4233 ὀνομάζειν
870 4155 965 4220 αότόν
1101 4170 1150 4226 11.
1174 4169 1231 4245 τῆς

203 4231 393 4308 παραβολῆς]
415 4239 492 4311 Apud
514 4240 608 4298 llatth.
626 4243 675 4308 20,
696 4247 722 4300 1.
814 4249 860 4303 tt.
885 4238 914 4301 οἱ
932 4241 989 4320 μὲν
1002 4273 1047 4291 -ε-
1062 4243 1095 4306 ol
1110 4246 1146 4310 dd
1159 4248 1230 4330 rcap'l
