2867 5084
85 162 1288 486 ,Ψ

577 510 581 524 Ι

789 729 791 731 .
852 696 868 731 ⁴

315 933 396 988 LXV.
413 935 510 987 xm
529 935 674 987 ΠΑΥΛΟΥ
691 938 759 987 ΊῸΥ
773 936 1026 988 Momm.
1159 929 1179 989 5

165 1108 266 1168 μενος
284 1082 460 1165 Παῦλσςὸ
442 1087 694 1170 αΣαμσσατεὺς,
718 1077 757 1153 05
778 1090 837 1154 τοῦ
863 1081 1043 1171 ὀνόματος
1047 1083 1115 1156 ἐν’
1097 1091 1177 1176 αρχῇ

168 1183 395 1270 ἐμνήσθημεν,
423 1187 477 1250 καὶ
504 1187 561 1270 τῆς
591 1185 662 1268 αίρέ
664 1208 762 1301 σεως.
773 1181 873 1252 αάτοῦ
902 1184 1094 1300 ποιούμεθα
1122 1184 1180 1273 τὴν

168 1275 372 1367 όιόγησιν,’
354 1280 423 1348 απὸ
437 1272 679 1365 Σαμοσάτων
662 1308 701 1368 ην
724 1285 779 1370 τῆς
803 1282 916 1350 ἐπί
880 1309 922 1349 τα
937 1287 1072 1398 μέρη
1034 1310 1091 1370 της
1106 1289 1181 1351 Me·

168 1384 381 1460 σοποταμίας
407 1382 460 1445 καί
482 1372 674 1465 Εόηνράτον,
704 1376 741 1458 ὃς
768 1379 802 1446 έν
823 1380 929 1466 ταότῳ
951 1384 997 1466 τῷ
1018 1381 1124 1466 χρόνηι
1146 1379 1181 1448 έν
1262 1409 1264 1413 ’

166 1472 305 1560 ἡμέραις
333 1470 547 1562 Αὖρηλιανοῦ
580 1479 634 1544 καί
666 1476 798 1562 Πρόβον
829 1482 894 1545 τῶν
925 1479 1088 1562 βασιλέων
1123 1477 1204 1544 ε’πὶο

121 1577 226 1660 κοντός
237 1568 432 1656 Ἀντιοχέων
453 1580 655 1641 καθίσταται
677 1574 920 1653 ἐπίσκοπος·
881 1601 939 1660 της
961 1570 1054 1658 ἆγίας
1075 1581 1180 1641 καθο-

167 1673 259 1758 λικης
289 1670 467 1756 ικκλησίας.
512 1665 630 1755 ἀρθείς
657 1673 693 1738 55
727 1675 766 1759 τῇ
800 1675 946 1787 διανοίᾳ
963 1671 1097 1751 έξέπεσε
1123 1674 1182 1758 τῆς

167 1762 347 1883 ἀληθείας,
374 1771 428 1835 καὶ
455 1763 638 1836 ἀνεκαίνισε
658 1769 716 1855 την
739 1770 866 1854 αιρεοιν
887 1772 946 1835 τοῦ
966 1763 1180 1853 Ἀρτέμωνος,

167 1869 225 1933 τοῦ
255 1888 340 1932 ποτε
370 1863 464 1945 ὄντος
493 1865 526 1932 ἐν
555 1860 635 1955 ἀργῇ
663 1866 731 1952 πρὸ
753 1867 836 1934 ίτιόν
857 1868 991 1935 πολίων
1013 1869 1067 1933 καὶ
1088 1865 1181 1952 ί-σγίε

167 1942 298 2047 σμένον.
1192 1979 1220 2031 10

254 2058 381 2128 Φάσνιει
402 2048 500 2127 δὲ
461 2084 557 2140 ουτος
579 2061 660 2129 θεόν
682 2069 811 2148 πατέρα
832 2064 886 2129 καί
909 2060 979 2128 νῖόν
1012 2058 1110 2128 καὶ”
1088 2083 1181 2146 αγιον

168 2160 299 2242 πνεῦμα
327 2158 384 2224 ἕνα
411 2157 507 2238 θεόν,
538 2158 571 2226 έν
592 2163 664 2247 θεῷ
688 2161 724 2227 όὲ
743 2155 797 2232 ,ἀεὶ
821 2156 900 2226 ὄντα
920 2158 980 2226 τόν
1002 2154 1102 2228 αὐτοῦ
1125 2157 1182 2225 λό-

167 2279 225 2340 γον
246 2257 300 2321 καὶ
323 2255 361 2321 τὸ
383 2258 513 2339 πνεῦμα
535 2252 645 2335 αὐτοῦ,
670 2253 783 2341 ὥσπερ
806 2256 840 2323 ἐν
863 2253 1046 2340 ἀνθρώπου
1063 2256 1181 2343 καρόίᾳ

169 2348 187 2418 5
210 2354 297 2430 ῗόισς
319 2352 422 2437 λόγος.
466 2351 510 2439 μὴ
541 2347 624 2419 εἶναι
647 2354 683 2419 δέ
704 2352 762 2418 τόν
784 2352 856 2419 υἱὸν
877 2356 934 2419 τοῦ
957 2356 1040 2419 θεοῦ
1063 2350 1181 2418 ε’ννπό·

170 2473 301 2529 στατον,
324 2446 408 2517 ἀλλὰ
431 2450 464 2516 έν
487 2444 575 2535 αὐτῷ
592 2453 639 2536 τηῖ
655 2452 737 2535 θεῷ,
761 2447 875 2534 ὥσπερ
891 2444 1004 2532 ἀμέλει
1018 2452 1072 2515 καὶ
1088 2445 1182 2514 όΣα·
1193 2466 1220 2515 ιο

145 2547 299 2631 Ββέλίιος
324 2550 380 2614 καί
407 2543 425 2613 ό
446 2550 602 2626 Νανάτος
630 2550 682 2614 καὶ
707 2543 725 2613 5
748 2547 878 2630 Νόητος
898 2547 951 2613 καὶ
975 2545 1079 2613 ἄλλοι.
1124 2541 1182 2613 οόκ

170 2647 251 2722 ἴσως
273 2645 308 2711 όὲ
331 2644 466 2723 ἐκείνοις
488 2633 593 2725 οὗτος,
618 2640 701 2713 ἀλλὰ
724 2643 831 2725 ἄλλως
853 2640 930 2731 παρ’
948 2645 1098 2723 ἐκείνους.
1129 2644 1182 2710 έλ·

167 2742 275 2809 θόντα
299 2743 334 2809 55
359 2741 528 2828 τὸνλόγον
549 2746 603 2809 καὶ
619 2742 832 2830 ένοικηοαντα
847 2743 880 2811 ἰν
893 2739 994 2829 Ἰησοῦ
1010 2737 1181 2826 ἀνθρώπῳ

168 2838 248 2906 όντι.
279 2842 334 2905 καί
357 2835 470 2920 οὕτως,
494 2844 604 2927 φησίν,
629 2836 677 2919 εἷς
698 2841 787 2908 ἐστιν
811 2836 934 2920 όθεὸς,
960 2842 1013 2906 καὶ
1029 2836 1098 2922 οάχὶ
1116 2863 1183 2905 πα-

167 2938 225 3024 τὴρ
250 2933 268 3003 5
290 2936 400 3024 πατὴρ
422 2941 476 3005 καὶ
497 2936 569 3016 υἱός
592 2933 610 3003 ό
628 2937 698 3017 υίὸς
713 2941 765 3004 καί
782 2935 875 3025 ἀγιον
890 2940 1019 3019 πνεῦμα
1034 2935 1071 3002 τὸ
1088 2932 1220 3020 ἅγιονιο

169 3039 315 3118 πνεῦμα,
343 3030 427 3102 ἀλλά
456 3030 504 3117 εἷς
530 3034 612 3113 θεὸς
640 3030 658 3101 ό
687 3034 796 3121 πατὴρ
818 3038 871 3102 καὶ
895 3030 1001 3112 όνῖός
1023 3032 1123 3099 αὑτοῦ
1146 3033 1179 3099 ἐν

168 3128 273 3220 αὐτῷ,
299 3127 343 3211 ὦς
364 3133 460 3219 λόγος
482 3133 515 3199 ἐν
539 3127 725 3254 ἀνθρώπῳ,
754 3133 858 3219 όηθεν
881 3127 949 3198 ἀπὸ
970 3134 1037 3197 τῶν
1057 3155 1182 3215 μαρτν·

167 3235 248 3315 ριιῖιν
277 3228 402 3297 τούτων
430 3229 602 3297 ἑαυτοῦ
568 3254 626 3314 την
650 3231 777 3314 αἳρεσιν
799 3227 1082 3315 προβαλλόμενος,
1112 3223 1180 3295 ἀπό

166 3332 224 3395 τοῦ
249 3327 462 3415 εἰρηκέναι
430 3351 487 3392 τον
509 3332 691 3393 ίίίιννσέα’
690 3327 812 3413 κόριος
834 3323 852 3392 5
876 3326 956 3443 θεός
978 3349 1047 3404 σον,
1059 3325 1180 3416 κόριος

168 3421 260 3503 εἷς’
245 3426 363 3492 ιστιν”
409 3419 447 3493 05
470 3420 591 3510 φάσκει
613 3414 708 3490 55
670 3449 766 3502 οντος
787 3424 869 3492 κατὰ
891 3423 947 3490 τὸν
970 3424 1101 3509 Νόητον
1123 3423 1219 3490 τὸννο

166 3527 298 3606 πατέρα
317 3525 539 3599 πεπονθέναι,
563 3512 646 3588 ἀλλά
668 3544 779 3609 φησιν,
803 3517 952 3589 ε’λθών(
935 3545 954 3587 ο
976 3520 1071 3607 λόγος
1090 3519 1181 3606 ἐνηρ-

142 3637 246 3706 ογησε
271 3617 373 3702 μόνος
399 3620 452 3686 καί
482 3614 609 3704 ἀνῆλθε
627 3616 714 3702 πρὸς
735 3617 793 3684 τόν
814 3624 951 3704 πατέρα.
995 3619 1050 3685 καί
1072 3619 1180 3703 πολλη

167 3714 262 3802 παρὰ
283 3713 390 3803 τοότηι
410 3710 430 3802 ἦ
453 3709 587 3781 ἀτοπία.

252 3818 282 3881 2.
307 3808 440 3898 Ἴθωμεν
462 3813 498 3881 όέ
521 3811 550 3879 εἰ
566 3812 598 3879 οἱ
613 3811 706 3899 λόγον
722 3804 822 3878 αὐτοῦ
838 3810 1107 3899 συσταθήσονται
1121 3813 1180 3875 τοῦ

166 3904 387 3999 ἠπατημένον.
430 3909 550 3996 φάσκει
571 3909 633 3995 γὰρ
656 3906 709 3975 ότι
732 3903 882 3977 είπεν”
858 3909 930 3995 εγιὺ
953 3911 1054 3995 ἐντῷ
1076 3909 1219 4022 πατρίσι)

163 4009 218 4075 καὶ
241 4003 261 4075 ό
283 4031 394 4097 πατηρ
418 4006 451 4075 ἓν
473 4007 574 4126 Ιέμοί”.
614 4010 670 4073 καί
692 4001 784 4073 αὐτοὶ
809 4006 845 4073 δέ
867 4032 975 4095 φαμεν
998 4006 1032 4073 ἐκ
1053 4003 1180 4089 πατρὸς

163 4104 248 4174 θεόν
271 4105 444 4192 λόγονκαὶ
465 4098 533 4191 μετ’
558 4100 658 4171 αὐτοῦ
681 4098 775 4172 ἀεί”
755 4129 835 4172 οντα
857 4103 893 4185 ἒξ
913 4099 1013 4172 αὐτοῦ
1034 4126 1180 4190 γεγεννη-

161 4209 307 4289 μένον,
309 4196 379 4283 ἀλλ’
403 4194 474 4288 οόχί
501 4201 558 4270 τόν
585 4207 714 4290 πατέρα
735 4197 914 4289 λέγομεν’
891 4226 968 4269 ανεν
990 4198 1087 4287 λόγον
1109 4201 1180 4269 ένα-

1070 4570 1268 4676 Α
