2867 5084
591 957 685 1012 Lm
703 960 911 1011 κιετκιιοι.
1215 949 1256 1011 23

238 1112 293 1176 καί
325 1109 478 1176 ἐντεῦθεν
506 1109 627 1176 λοιπόν
654 1108 806 1194 ἐκράτυνε
826 1108 866 1175 τὸ
888 1109 1095 1177 ἐπίπλαστον
1116 1113 1175 1177 τοῦ
1197 1104 1258 1176 αῦ-

236 1212 299 1274 τοῦ
321 1205 537 1294 βοσκήματος.
569 1203 653 1273 άλλὰ
673 1209 727 1273 καί
748 1205 869 1291 μεταξῦ
892 1205 1041 1292 άρχυρον,
1063 1208 1257 1293 προσλιπα-

208 1302 344 1388 σρήσας
364 1302 421 1368 τὸν
444 1302 500 1369 ἐπὶ
515 1306 574 1369 τοῦ
590 1306 824 1390 δεσμωτηρίου,
849 1304 968 1370 δίδωσι
983 1303 1099 1383 πολὺν,
1122 1305 1175 1371 καί
1192 1328 1257 1392 φυ-
1276 1307 1279 1314 ’

236 1398 299 1485 χάς
321 1394 577 1479 ἀπαλλάττεται,
599 1402 803 1483 καταλείψας
823 1401 968 1488 τὴντῶν
985 1403 1123 1484 Περσῶν
1135 1400 1254 1485 χῶραν,

236 1499 293 1562 καί
322 1500 360 1584 τῇ
380 1492 539 1583 Ῥωμανίᾳ
566 1498 763 1581 προσέβαλε.
807 1504 909 1582 μέσον
938 1499 974 1564 δὲ
1000 1495 1061 1585 ήδη
1090 1497 1279 1584 τυχχάνων5

237 1597 297 1678 τῆς
324 1599 426 1680 μέσης
453 1597 520 1659 τῶν
549 1599 710 1678 ποταμῶν
732 1597 785 1660 καὶ
807 1598 866 1682 τῆς
888 1594 1069 1679 Περσίδος,
1098 1597 1174 1678 περί
1196 1592 1257 1673 τὰς

237 1690 376 1777 ἐρημίας
404 1689 454 1756 ἐτι
481 1686 653 1775 ὑπάρχων,
681 1690 801 1778 ἤκουσε
822 1693 899 1776 περὶ
921 1689 1176 1777 μεγάλουτινὸς
1198 1686 1257 1756 άν-

237 1787 317 1871 δρὸς
339 1786 374 1854 ἓν
394 1793 572 1874 θεοσεβείᾳ
594 1782 756 1877 άκρστάτῃ
779 1789 1033 1873 διαπρίποντος,
1057 1788 1256 1871 Μαρκέλλου

235 1883 394 1969 τοῦνομα,
408 1888 638 1964 κατοικοῦντος
650 1885 683 1953 ἐν
698 1885 854 1974 Κασχάρῃ
866 1886 965 1953 πόλει
976 1889 1033 1974 τής
1048 1891 1256 1952 Μεσοποτα-

236 1989 326 2066 μίας,
351 1980 388 2060 ὃς
407 1971 448 2068 ἦν
470 1977 550 2068 άνήρ
572 1983 655 2049 κατὰ
676 1984 788 2052 πάντα
806 1983 1008 2068 Χριστιανὸς
1029 1987 1081 2050 καί
1098 1982 1133 2050 έν
1149 1983 1255 2069 ἔργοις
1265 1992 1295 2041 ¹⁰

238 2079 450 2167 δικαιοσύνης
474 2080 770 2164 θαυμασιώτατος,
797 2081 913 2168 χήραις
938 2083 998 2165 μὲν
1027 2081 1255 2166 ἐπαρκῶνκαλ

237 2182 388 2264 πένησι-ν,
412 2172 572 2266 ὀρφανοῖς
595 2179 630 2245 δέ
642 2185 696 2245 καί
711 2188 784 2258 τοῖς
799 2177 1002 2262 ἕνδεομένοις
1014 2185 1055 2223 **
1071 2179 1257 2245 διανοεῖται

185 2289 231 2338 623
239 2276 451 2359 προσπλέξαι
471 2274 557 2360 πρὸς
577 2273 635 2341 τὸν
651 2274 764 2360 ἄνδρα,
786 2271 826 2342 ἵν’
844 2273 1034 2358 ὑποχείριον
1049 2279 1165 2341 τοῦτον
1179 2301 1256 2361 κτη-

237 2372 382 2456 σάμενος
415 2369 572 2460 δυνηθείη
601 2366 642 2439 δι’
673 2367 774 2438 αὐτοῦ
801 2372 959 2456 κατάρξαι
988 2366 1031 2437 ὀῦ
1063 2371 1165 2455 μόνον
1196 2373 1256 2457 τῆς

240 2476 523 2553 Μεσοποταμίας,
558 2465 643 2536 άλλά
677 2472 731 2536 καί
765 2472 823 2536 τοῦ
855 2471 1012 2554 κλίματος
1038 2467 1164 2548 παντὸς
1194 2471 1254 2534 τοῦ
1266 2481 1294 2530 15

241 2565 330 2651 πρὸς
356 2567 411 2654 τήν
432 2573 555 2653 Συρίαν
582 2592 618 2634 τε
645 2569 699 2633 καί
722 2562 908 2651 Ῥωμανίαν.
952 2565 1073 2654 γράφει
1102 2566 1138 2633 δὲ
1166 2559 1255 2654 αίτῷ

238 2666 420 2751 ἐπιστολήν
448 2665 505 2731 διὰ
530 2663 705 2751 Τόρβωνος
731 2663 821 2743 τινὸς
851 2667 917 2731 τῶν
950 2659 1050 2730 αὐτοῦ
1081 2667 1253 2752 μαθητῶν,

237 2759 310 2829 άπὸ
345 2766 404 2828 τοῦ
440 2769 584 2847 πέρατος
618 2765 677 2827 τοῦ
712 2762 862 2849 Στράχχα
898 2765 1061 2846 ποταμοῦ,
1099 2756 1168 2828 άπὸ
1196 2787 1256 2829 κα·
1336 2846 1338 2848 v

236 2861 378 2928 στέλλου
396 2855 599 2945 Ἀραβίωνος
621 2855 707 2925 οὕτω
729 2861 939 2945 καλουμένου,
960 2856 1034 2948 ήτις
1054 2856 1074 2948 ή
1094 2859 1253 2946 ἐπιστολή

236 2968 387 3044 περιεῖχε
407 2958 495 3025 τάδε.
524 2963 580 3024 καί
600 2979 660 3041 μοι
681 2958 790 3043 λοβῶν
813 2953 985 3043 ἀνάγνωθι
997 2955 1037 3023 τὸ
1053 2955 1293 3044 ἕπιτήδευμαισ

236 3061 297 3142 τῆς
318 3059 380 3122 τοῦ
401 3051 595 3133 άπατειῦνσς
615 3059 809 3140 μοχθηρίας.

209 3174 228 3223 Β
326 3161 355 3222 6.
388 3159 597 3236 “Μανιχαῐος
625 3149 814 3230 ἀπόστολος
837 3146 941 3239 Ἰησοῦ
962 3154 1112 3235 Χριστοῦ
1139 3154 1192 3217 καί
1222 3152 1255 3216 σί
1298 3206 1301 3211 .

237 3251 299 3318 σῦν
329 3252 403 3335 ἐμοὶ
425 3249 548 3330 πάντες
570 3247 660 3336 άχιοι
681 3251 736 3315 καλ
756 3256 925 3336 παρθένοι
946 3250 1131 3335 Μαρκέλλῳ
1153 3254 1254 3333 τέκνῳ

237 3346 401 3436 άχαπητῶ
427 3346 539 3433 χάρις,
569 3348 673 3427 ἐλεος,
703 3346 811 3434 εἰρήνη
841 3343 911 3414 άπὸ
941 3350 1024 3413 θεοῦ
1052 3345 1179 3433 πατρὸς
1199 3353 1254 3412 καί

235 3454 352 3532 κυρίου
380 3444 472 3534 ήμῶν
491 3442 594 3534 Ἰησοῦ
615 3447 781 3530 Χριστοῦ,
808 3449 863 3512 καί
889 3440 908 3530 ή
938 3443 1031 3524 δεξιά
1056 3447 1115 3511 τοῦ
1141 3443 1291 3532 φωτὸςιδ

238 3543 434 3633 διατηρήσει
454 3569 491 3612 σε
513 3539 583 3612 άπὸ
604 3546 662 3608 τοῦ
685 3541 863 3621 ἐνεστῶτος
885 3542 1006 3621 αἰῶνος
1030 3545 1177 3629 πονηροῦ
1199 3544 1252 3608 καί

236 3645 305 3709 τῶν
335 3642 590 3728 συμπτωμάτων
619 3634 719 3706 αὐτοῦ
747 3640 801 3706 καί
829 3640 980 3725 παχίδων
1006 3643 1066 3707 τοῦ
1094 3643 1252 3727 πονηροῦ,

239 3766 337 3827 αμην.

327 3837 396 3924 Τήν
422 3837 483 3921 μέν
510 3837 588 3923 περὶ
616 3836 655 3904 σέ
680 3829 811 3922 άχαπήν
831 3841 986 3923 μεγίστην
1008 3824 1109 3901 οὖσαν
1131 3832 1254 3919 αἰσθη-

237 3938 316 4015 θεές
345 3937 418 4003 λίαν
446 3932 578 4020 ἐχάρην,
605 3933 664 4023 τήν
693 3934 730 4000 δὲ
752 3939 866 4001 πίστιν
889 3929 947 4000 οόκ
968 3921 1069 4000 οὖσαν
1091 3931 1174 3998 κατά
1194 3928 1291 3996 varan

212 4094 215 4101 .
238 4030 347 4119 όρθὸν
376 4031 473 4119 λόχον
499 4027 681 4120 ἠχθέσθην.
727 4027 809 4097 ὅθεν
830 4029 917 4119 πρός
937 4030 1172 4113 ἐπανόρθωσιν
1194 4030 1252 4093 τοῦ

211 4135 306 4201 ῦτῶν
328 4124 520 4215 άνθρῶπων
541 4132 654 4216 γένους
675 4125 891 4208 ἀποσταλείς,
915 4124 1110 4216 φειδόμενός
1130 4151 1165 4192 τε
1185 4129 1252 4193 τῶν

238 4228 355 4317 άπάτη
378 4231 432 4297 καί
446 4226 555 4316 πλάνη
571 4225 708 4308 ἑαυτοὺς
722 4225 956 4306 ἐκδεδωκότων,
977 4227 1082 4292 ταῦτα
1095 4221 1138 4291 τά
1150 4223 1252 4312 γράμ-

1245 4487 1362 4680 Ἰ
