2867 5084
250 940 309 1001 ¹12
473 949 673 1000 ιιιιιοινιον
688 949 784 1000 τιτι
802 916 990 1000 ιιόιιειιιιυ
1004 951 1035 999 υ.

246 1097 436 1170 ἀπόστολον
459 1101 594 1186 λέγοντα
616 1103 693 1186 περί
710 1095 855 1185 ἀρχαίων
870 1102 1056 1188 προφητῶν
1072 1100 1269 1184 ’ἐπιλείψει

245 1224 305 1283 μοι
333 1196 351 1266 ό
377 1198 494 1284 χρόνος
515 1199 717 1282 διηγουμένῳ
741 1207 817 1282 περὶ
840 1197 970 1266 Γεδεὼν
977 1250 985 1278 ,
1015 1198 1143 1282 Βαράκ,
1174 1204 1269 1284 Σαμ·

247 1298 339 1381 ψιάν,
366 1291 514 1382 Ἰεφθάε,
542 1296 654 1379 Δαβίδ
680 1300 735 1361 καί
764 1296 893 1362 λοιπῶν
915 1299 1114 1384 προφητῶν,
1143 1296 1267 1377 οἵτινες

246 1395 432 1478 περιῆλθον
455 1392 488 1460 ἔν
509 1394 687 1479 μηλωταῖς,
711 1392 745 1459 ἐν
769 1391 906 1477 αἰγείοις
928 1396 1068 1478 δέρμασι
1087 1393 1267 1477 κακουχοά-

221 1508 354 1574 υμενοι,
386 1487 699 1575 στενοχωρούμενοι,
723 1489 937 1574 θλιβόμενοι,
962 1480 1007 1558 τόν
1029 1487 1089 1558 οὐκ
1108 1480 1148 1578 ήν
1170 1489 1265 1570 ἀξιος

247 1583 265 1654 ό
276 1588 424 1672 κόσμος”.
441 1584 622 1675 ηὑρήκαμεν
633 1587 694 1674 γὰρ
706 1590 759 1653 καί
769 1582 909 1655 Ἡσαΐαν
921 1588 1131 1675 ἐνδεδυμένον
1143 1588 1263 1657 σάκκον
1270 1601 1305 1654 τοί

245 1688 299 1752 καί
318 1681 433 1753 Ἠλίαν
461 1681 626 1763 ὡσαύτως.
671 1688 725 1752 καὶ
756 1681 834 1773 ὁρᾷς
862 1690 937 1765 πῶς
963 1687 1201 1771 μακαρίζονται
1229 1687 1263 1754 ίν

244 1784 374 1869 παλαιᾷ
395 1782 450 1849 καὶ
471 1786 566 1869 καινῇ
589 1784 731 1871 διαθήκη
756 1784 788 1849 οί
809 1786 936 1866 πτωχοί
960 1778 1001 1851 δι’
1025 1781 1265 1869 εάσέβειανκαὶ

243 1880 480 1964 μακαρίζονται
501 1879 661 1947 πλούσιοι
682 1881 740 1948 διὰ
762 1880 990 1963 δικαιοσύνην,

208 1995 238 2045 ¹0
331 1983 381 2046 82.
413 1973 497 2044 Εἶτα
525 1978 627 2045 πάλιν
655 1980 742 2064 λέγει
765 1975 783 2044 ό
806 1973 904 2057 αι’-τὸς
926 1978 1063 2065 Μάνης,
1091 1975 1264 2067 ήπαλαιά

247 2073 409 2162 διαθήκη,
441 2080 539 2163 φησί,
569 2076 693 2143 κελεύει
722 2076 948 2162 σαββατίζειν,
981 2083 1035 2143 καί
1069 2081 1100 2144 εί
1126 2104 1178 2156 τις
1207 2073 1265 2145 οάκ

246 2171 460 2259 ε’σαββάτισε,
491 2175 604 2252 λίθοις
631 2175 939 2257 κατελιθοβολεῖτο,
969 2171 1015 2253 τός
1042 2177 1094 2242 καὶ
1124 2183 1263 2261 φορτίον

246 2271 350 2352 ξύλων
377 2297 428 2350 τις
457 2274 612 2351 συλλέξας
640 2273 826 2358 παρεδόθη.
873 2267 890 2358 ή
921 2273 956 2339 δὲ
983 2270 1078 2358 καινή
1107 2273 1263 2361 διαθήκη,

245 2376 414 2436 τουτέστιν
444 2364 462 2434 ό
484 2369 594 2453 κύριος
616 2369 649 2436 ἐν
673 2373 720 2456 τῷ
743 2365 917 2455 ιόαγγελίῳ
940 2370 1003 2455 ἔφη
1027 2364 1080 2436 ότι
1103 2370 1187 2455 “ίγιὺ
1210 2371 1264 2455 ἕρ-

208 2467 395 2552 15γάζομαι,
418 2469 471 2532 καί
494 2463 512 2530 ό
534 2467 643 2552 πατήρ
666 2491 730 2549 μου
754 2467 948 2552 ε’ργόζεται”.
979 2470 1035 2533 καί
1058 2468 1092 2534 ίν
1113 2471 1160 2554 τῷ
1179 2476 1263 2553 σαβ-

244 2565 335 2649 βάτῳ
358 2563 485 2630 ἔτιλλον
507 2564 649 2646 στάχυας
671 2564 703 2629 οἱ
724 2567 885 2646 μαθηταί,
909 2567 962 2630 καί
985 2564 1018 2631 ἕν
1040 2567 1087 2650 τῷ
1103 2566 1262 2653 σαββάτῳ

245 2659 461 2745 ἐθεράπευσε.
497 2663 550 2725 καί
575 2657 612 2725 οὐ
634 2660 737 2743 μόνον
759 2662 872 2739 τοῦτο,
897 2656 1056 2728 ἀλλὰκαὶ
1080 2652 1181 2746 “ἀρον
1205 2662 1261 2731 τὸν

244 2756 429 2841 κράββατόν
458 2780 535 2836 σου,
565 2758 618 2822 καί
648 2753 755 2841 ὕπαγε
784 2757 831 2834 είς
859 2758 917 2824 τὸν
940 2754 1030 2826 οἶκόν
1052 2764 1139 2838 σου,”
1163 2761 1287 2848 ἔλεγευ

244 2856 297 2920 καί
314 2843 340 2919 ὦ
357 2854 483 2942 πολλῆς
498 2850 670 2939 ἀγνωσίας.
703 2849 797 2920 οάδὲν
814 2851 875 2939 γάρ
889 2857 1074 2941 χειρότερον
1090 2861 1147 2943 τῆς
1163 2855 1263 2928 ἀπει-

205 2959 327 3035 υυρίας.
371 2951 516 3030 πολλοὺς
543 2952 604 3036 γάρ
634 2951 822 3040 ἐτύφλωσεν
852 2949 870 3037 ή
895 2952 1050 3038 ἀγνωσία.
1094 2953 1179 3023 πότε
1200 2957 1262 3042 γὰρ

243 3049 282 3116 τὸ
305 3049 471 3133 σάββατον
494 3049 552 3116 ἐπὶ
574 3044 685 3136 ἀγαθή
709 3049 881 3136 προφάσει
899 3045 935 3116 ου’
953 3054 1102 3134 λέλυται,·
1125 3054 1210 3122 πότε
1226 3057 1262 3122 δὲ

244 3141 302 3226 οόκ
329 3147 511 3233 ε’δεσμεόθη
541 3142 610 3214 ἀπὸ
638 3156 801 3234 πονηρίας
829 3142 867 3213 οό
896 3148 997 3232 μόνον
1020 3150 1058 3215 τὸ
1081 3150 1260 3237 σάββατον,

243 3241 328 3311 ἀλλὰ
350 3250 445 3312 πάσα
466 3241 588 3332 ἡμέρας
614 3240 735 3332 Ἰησοῦς
756 3244 816 3330 γάρ
841 3242 859 3311 ό
881 3249 939 3312 τοῦ
963 3250 1058 3334 Ναυῆ
1066 3299 1074 3327 ,
1104 3245 1123 3315 ό
1146 3250 1263 3317 διάδο-

241 3364 298 3422 χος
313 3349 497 3422 Μωυσέως,
521 3339 538 3408 ό
562 3343 596 3409 ἐν
611 3343 802 3430 προφήταις
817 3352 1111 3434 κατηριθμημένος,
1137 3342 1155 3413 ό
1172 3347 1261 3416 ἔκλε-

204 3438 318 3517 ambe
345 3440 439 3524 παρὰ
467 3443 554 3526 θεῷ,
585 3435 603 3504 ό
631 3435 671 3507 δι’
698 3437 791 3528 εόχής
819 3442 989 3526 κατασχὼν
1011 3443 1068 3510 τὸν
1091 3440 1185 3531 ήλιον
1207 3449 1260 3514 καί

242 3536 300 3622 τήν
328 3536 479 3623 σελήνην,
509 3532 554 3614 τός
583 3537 661 3624 ἔφη,
693 3538 821 3626 “στήτω
851 3536 869 3605 ό
894 3537 985 3626 ήλιος
1005 3540 1088 3608 κατὰ
1110 3541 1259 3628 Γαβαών,

242 3636 297 3700 καὶ
324 3628 343 3721 ή
373 3634 489 3722 σελήνη
518 3634 602 3701 κατὰ
631 3635 784 3723 φάραγγα
803 3631 928 3717 Ἰάλω,”
952 3633 1054 3717 εὐθὺς
1077 3634 1261 3724 εὑρίσκεται

241 3732 280 3798 τό
309 3730 475 3817 σάββατον
503 3732 588 3798 λόιυν
611 3732 669 3800 ἐπὶ
691 3729 904 3823 ἀγαθοεργίαι
950 3734 1009 3802 ε’πὶ
1031 3736 1117 3804 ἑπτὰ
1138 3734 1289 3824 ήμίραςῦ

241 3829 302 3916 γὰρ
325 3832 437 3898 κυκλοῖ
458 3830 500 3897 τά
520 3837 608 3917 τείχη
628 3827 747 3917 Ἱεριχοῖ
770 3827 788 3896 ό
807 3827 944 3917 Ἰησοῦς·
969 3829 1022 3900 ότι
1037 3829 1095 3901 οὐκ
1110 3834 1183 3921 ε’ξήν
1197 3843 1261 3920 βα-

202 3930 343 4010 θυδίζειν
366 3927 399 3995 ίν
422 3927 585 4014 σάββασιν
610 3924 692 4014 ὑπὲρ
714 3928 753 3994 τὸ
767 3935 886 4013 μέτρον
902 3933 967 3997 τῶν
982 3933 1019 4011 ἓξ
1033 3934 1178 3998 σταδίων
1193 3937 1261 4000 τῶν

242 4022 441 4111 ὡρισμένων.
472 4026 510 4093 τὸ
533 4027 569 4092 δὲ
586 4033 784 4112 περίμετρον
799 4031 857 4112 τῆς
869 4022 987 4112 Ἱεριχιό
1002 4024 1088 4113 ὑπὲρ
1103 4025 1262 4110 σταδίους

241 4124 346 4192 ε’ίκοσι
367 4125 525 4211 τυγχάνει.
556 4122 613 4191 ε’πί
636 4125 723 4192 ἑπτά
746 4125 781 4190 δὲ
796 4118 933 4210 ήμέραις
947 4127 1183 4195 κυκλωσάντων
1200 4123 1264 4195 αό-

240 4221 306 4286 τῶν
333 4220 468 4302 πάντως
495 4220 549 4291 ότι
577 4217 749 4290 όπέπιπτε
776 4221 814 4287 τὸ
843 4221 1011 4307 σάββατον
1039 4223 1074 4293 ἐν
1101 4227 1175 4315 μιῇ.
1191 4229 1263 4295 τῶν
