2867 5084
211 925 275 987 426
440 933 644 982 ιιιιιψιιιιοι
661 926 757 981 ποτε
774 932 963 981 mmm
978 933 1006 979 ι.

210 1086 318 1170 ἔμεινε
341 1084 376 1150 δὲ
400 1081 432 1149 ἐν
455 1077 609 1167 ἀπαθείᾳ
633 1077 650 1145 ὁ
674 1077 773 1159 αὐτὸς
799 1080 844 1165 μὴ
866 1079 1006 1166 τραπείς
1034 1081 1094 1166 τὴν
1118 1082 1259 1168 φύσται

210 1185 292 1268 μηδὲ
326 1177 554 1268 ἠλλοιωμένος.
604 1179 657 1243 διὸ
686 1187 791 1266 σοφία
821 1172 866 1244 ιῦν
895 1181 947 1244 καί
977 1177 1060 1256 θεὸς
1094 1173 1236 1265 ἀπαθὴς

212 1307 257 1347 ων
285 1282 339 1344 καλ
369 1273 514 1353 είόιός“
496 1301 548 1342 οτι
572 1275 628 1342 διὰ
657 1278 793 1354 πάθους
822 1276 920 1355 σώζει
948 1275 1025 1354 τοὺς
1058 1274 1101 1341 τὰ
1135 1275 1233 1362 πάθη

213 1379 344 1460 ἔχοντας
367 1378 424 1439 τοῦ
448 1372 597 1440 θανάτου
621 1369 658 1438 οῦ
682 1381 828 1456 πρέσβυν
852 1370 1057 1452 ἀπέστειλεν,
1095 1368 1156 1440 οῦκ
1179 1371 1237 1457 ἀγ-

188 1478 320 1561 αγελον,
345 1467 460 1539 οῦδὲ’
444 1496 532 1538 εστιν
556 1468 600 1548 ὡς
622 1471 699 1548 τοὺς
721 1471 789 1553 πρὸ
812 1466 950 1535 αῦτοῦ
941 1470 1136 1558 προφήτας,
1163 1465 1231 1537 ἀλλ

212 1568 310 1651 αῦτός
333 1570 442 1654 κύριος
463 1559 558 1654 ἦλθε,
596 1573 647 1633 καί
679 1568 716 1633 τὸ
746 1568 902 1655 παθητὸν
925 1568 1078 1651 λαβών’
1064 1594 1099 1635 εν
1128 1568 1235 1653 ἑαυτῷ

212 1668 382 1783 ἀληθινῶς
405 1673 570 1744 πέπονθε,
599 1670 657 1751 τῆς
680 1666 842 1748 θεότητος
871 1661 971 1731 αὐτοῦ
995 1661 1157 1743 ἀπαθοῦς
1179 1690 1237 1748 με·

214 1759 427 1851 νούσης.οῦ
461 1764 570 1848 γάρ,
555 1759 571 1826 ό
607 1764 764 1845 ἐνσαρκος
796 1770 966 1847 παρουσία
999 1761 1236 1849 ημβλσνεν
1179 1762 1236 1848 τὴν

215 1864 351 1940 δύναμιν
380 1865 437 1946 της
465 1856 565 1925 αὐτοῦ
595 1861 766 1946 θεότητος
816 1857 999 1980 εὑρίσκεται
1032 1862 1094 1946 γὰρ
1130 1861 1165 1926 έν
1198 1863 1235 1945 τῇ

177 1978 205 2027 1⁰
214 1985 312 2027 αοεοσ
337 1958 475 2042 θεότητι
497 1958 538 2022 τὰ
560 1962 618 2022 τοῦ
640 1959 760 2024 θεοῦ)
747 1963 894 2044 ενεργιῦν,
918 1962 971 2025 καὶ
993 1959 1037 2045 μὴ
1061 1953 1133 2025 ἀπὸ
1157 1981 1236 2040 σαρ-

214 2057 270 2136 κὸς
292 2052 564 2138 ἀποκλειόμενος,
598 2050 706 2141 ἀνέμῳ
735 2059 795 2140 μὲν
824 2057 988 2139 έπιτιμιῦν
1016 2061 1069 2122 καί
1094 2055 1237 2122 κλύδωνι

214 2158 266 2223 καὶ
291 2153 462 2239 θαλάσση,
492 2153 651 2235 Λάζαρον
681 2155 715 2219 δὲ
740 2149 901 2239 αῦθενιίη
931 2155 999 2241 ἰδίᾳ
1021 2156 1147 2231 καλῶν,
1183 2150 1260 2218 καὶεί

215 2254 298 2321 ἀλλα
320 2259 421 2337 μυρία
444 2253 495 2316 καὶ
520 2251 671 2316 ἐπέκεινα
693 2252 818 2316 τούτων
842 2256 968 2318 ιιῑσιιῦν·
1007 2250 1043 2329 ὃς
1065 2254 1121 2317 καὶ
1144 2273 1236 2316 συνε-

213 2353 312 2437 χώρει
333 2353 393 2434 μὲν
414 2347 456 2414 τὰ
478 2347 561 2415 κατὰ
580 2347 617 2412 τό
642 2345 774 2432 εὔλογον
797 2354 836 2435 τῇ
860 2352 971 2433 σαρκί,
1007 2345 1051 2427 ιός
1079 2352 1132 2415 καί
1165 2350 1237 2414 dm·

179 2451 303 2536 λοβόληι
327 2446 494 2533 πειράζειν
516 2449 570 2512 καὶ
593 2440 791 2528 ἀνθρώποις
813 2455 942 2525 παίειν,
961 2451 1026 2530 ,καὶ
1055 2457 1129 2524 τοῖς
1161 2446 1239 2511 σολ-

216 2548 422 2631 λαμβάνοοσι
443 2545 481 2609 τὸ
505 2540 658 2620 ἁλίσκειν,
683 2544 738 2610 ἵνα
761 2544 795 2609 έν
818 2548 864 2629 τηῦ
887 2548 1034 2630 παθητῷ
1058 2540 1075 2609 ό
1099 2542 1239 2627 ἀπαθὴς

215 2647 324 2729 πάθη,
349 2638 486 2728 ἀιιαθης
508 2648 613 2723 ,ιιένιον
638 2641 670 2706 έν
692 2645 731 2726 τῇ
757 2642 827 2727 ἰδίᾳ
850 2642 988 2729 θεότητι
1010 2637 1066 2721 ὢν,
1099 2637 1158 2708 σῦκ
1181 2635 1239 2706 ἀλ·

217 2743 346 2824 λόιριος
374 2743 431 2803 τοῦ
461 2734 619 2815 ἀπαθοῦς
651 2742 751 2815 θεοῦ,
789 2739 947 2818 ἑκουσίως
981 2742 1017 2807 δὲ
1053 2743 1165 2805 ποιῶν
1199 2737 1239 2804 τὰ

217 2838 327 2905 πάντα
349 2834 432 2902 κατὰ
454 2833 491 2900 τὸ
515 2860 562 2900 εκ
554 2837 607 2900 ιλ
589 2861 695 2952 ηκτον
725 2831 825 2901 αὐτοῦ
853 2837 1044 2953 μυστήριον,
1074 2832 1121 2915 τός
1143 2830 1240 2903 καιό

177 2933 326 3020 τοπατηρ
349 2932 430 3010 θεὸς
452 2931 511 2997 σὺν
534 2928 622 3048 αὐτηῦ
650 2937 695 3020 τιῖ
717 2946 888 3017 μονογενεῖ
920 2935 975 3000 καί
997 2939 1044 3021 τιῦ
1073 2934 1242 3018 πνεόματι

78 3026 85 3035 ’
217 3028 317 3100 αὐτοῦ
340 3033 386 3116 ιη’)
411 3025 507 3116 ἁγίῳ,
541 3030 634 3114 τριὰς
663 3020 746 3096 οῦοα
774 3027 826 3097 ἀεὶ
848 3035 972 3111 τελεία,
1001 3036 1056 3099 καὶ
1086 3026 1240 3145 ἀπαθης,

216 3137 276 3216 μία
256 3127 421 3211 αθεότης
442 3134 586 3212 περιέχει
608 3129 650 3193 τὰ
673 3128 792 3208 ιιάντα,
817 3125 864 3207 εἷς
886 3131 976 3209 θεὸς,
1003 3137 1065 3213 μία
1087 3129 1243 3213 κυριότης

144 3254 146 3259 ·
217 3233 275 3295 τοῦ
299 3222 399 3293 αὐτοῦ
422 3230 506 3293 θεοῦ
530 3232 740 3309 περιέχοντος
761 3226 801 3292 τὰ
825 3224 895 3293 ὅλα.
1255 3248 1270 3296 ο

302 3333 331 3391 2.
362 3327 427 3390 Καὶ
453 3319 490 3390 οῦ
514 3324 570 3390 διὰ
592 3324 630 3388 τό
653 3330 817 3407 περιέχειν
839 3325 881 3390 τὰ
900 3324 1011 3390 πάντα
1026 3325 1141 3393 πάθει
1155 3321 1243 3392 ῦιτο·

179 3429 352 3500 mmm,
385 3425 451 3487 τιῦν
480 3422 762 3504 ἐμπεριεχομένων
790 3420 857 3487 ὑπὸ
887 3422 1003 3499 πάθος
1030 3423 1243 3489 πιπτόντων.

219 3520 311 3598 ἐντός
337 3518 397 3604 γὰρ
427 3521 562 3585 ιτάντιον
591 3518 660 3585 ἐστὶ
690 3522 742 3584 καί
774 3518 865 3597 ἐκτὸς
892 3523 957 3585 τῶν
987 3515 1073 3586 ὅλων
1103 3520 1246 3588 πάντων

219 3616 310 3695 θεὸς,
346 3613 464 3701 ἀμιγὴς
494 3616 579 3700 πρὸς
607 3617 648 3682 τὰ
671 3616 790 3682 πάντα.
840 3613 922 3683 ὅθεν
945 3612 982 3682 οῦ
1013 3617 1070 3683 διὰ
1092 3616 1133 3683 τό
1157 3612 1247 3685 εἶναι

218 3716 337 3800 πάντη,
367 3709 442 3780 οῦδὲ
467 3713 583 3779 διὰτὸ
606 3713 697 3791 ἐκτός
721 3709 806 3781 εἶναι
828 3712 973 3793 πάντων,
1008 3709 1086 3780 οῦδὲ
1117 3715 1176 3782 da&
1205 3715 1246 3783 τὸ

218 3819 381 3896 περιέχειν
403 3810 445 3877 τὰ
467 3810 593 3889 πάντα,
632 3807 708 3877 οῦδὲ
732 3809 848 3877 διὰτὸ
878 3812 911 3877 έν
940 3807 1028 3898 αὐτῷ
1057 3810 1100 3878 τὰ
1130 3813 1292 3885 ndum

177 3917 396 3987 3οκινεῖσθαι,
421 3908 537 3986 πόθος
559 3909 696 3975 εἰσοίσει
713 3912 760 3993 τῷ
777 3903 910 3975 ἀπαθεῖ
925 3914 1006 3995 θεῷ,
1031 3906 1150 3995 ὥσπερ
1167 3906 1249 3980 οῦδὲ

220 4007 336 4076 διὰτὸ
358 4013 579 4092 γεγεννηκέναι
606 4005 663 4071 τόν
685 4011 844 4092 μονογενῆ
852 4058 860 4085 ,
896 4001 972 4073 οὐδὲ
993 4006 1050 4073 τόν
1078 4014 1248 4100 μονογενῆ

218 4107 444 4192 γεγεννῆσθαι,
469 4101 545 4171 οὐδὲ
568 4103 684 4170 διὰτὸ
707 4100 800 4187 ἀγιον
824 4100 924 4170 αὐτοῦ
940 4109 1071 4188 πνεῦμα
1087 4103 1126 4184 ἐξ
1142 4103 1251 4177 αὐτοῦ

219 4198 443 4283 ἀπεστάλθαι,
467 4202 583 4281 πάθος
605 4201 745 4269 εἰσοίσει
764 4205 804 4289 τῇ
828 4198 906 4290 ἁγίᾳ
920 4202 1040 4286 τριάδι.
1079 4200 1162 4273 οὔτε
1184 4207 1261 4295 γὰρ,
