2867 5084
553 994 646 1046 mx,
665 996 939 1046 κυσιοακυισκι.
1199 989 1260 1051 197

232 1148 408 1230 τάρακται,
425 1144 534 1212 καὶτὰ
550 1144 635 1213 ἀλλα
650 1146 761 1213 πάντα
776 1150 834 1234 τῆς
849 1141 1011 1234 ἀληθείας
1027 1149 1191 1238 λεγούσης,
1207 1158 1259 1232 τίς

234 1241 374 1329 ἠλίθιος
397 1243 447 1329 εἴη
470 1247 655 1330 πεισθῆναι
671 1245 732 1327 μὲν
748 1243 889 1330 τοιούτῳ
905 1245 1108 1333 ἐργαστηρίῳ
1124 1244 1258 1333 ἀνθρῶ-

234 1369 312 1408 πων
322 1339 570 1425 μυιυπαζόντιυν
581 1340 637 1408 καὶ
649 1336 983 1426 ἀνειροπσλουμένων,
991 1342 1046 1409 καὶ
1056 1347 1259 1430 καταλεῖψαι

236 1435 341 1517 αάτάς
353 1437 413 1517 τὰς
424 1442 483 1505 τού
497 1442 580 1506 θεοῦ
595 1440 693 1524 λόγου
712 1434 865 1524 εὐλόγους
887 1440 999 1526 ῥύσεις
1013 1443 1070 1525 της
1086 1436 1256 1528 ἀληθείας.

324 1543 375 1603 50.
403 1532 506 1602 Ἀλλὰ
527 1536 649 1602 λοιπὸν
672 1538 923 1622 λεξιθηρούντες
943 1536 986 1603 τά
1008 1540 1114 1617 καλῶς
1131 1539 1186 1606 καὶ
1202 1534 1282 1656 τδρ-υ

235 1637 311 1712 θῶς
339 1633 491 1720 εἰρημένα
521 1631 591 1699 ἀπὸ
619 1634 757 1720 ἑκάστης
788 1639 932 1722 γραφῆς,
967 1636 1058 1721 δίκην
1089 1641 1257 1720 πειρατῶν

237 1727 367 1816 ἀνδρῶν
389 1730 527 1814 σῶματα
549 1727 622 1817 ύγιη
651 1726 977 1816 άκρωτηριαζύντιυν,
981 1741 1170 1849 μαρτυρίᾳ
1192 1732 1259 1801 τινὶ

236 1835 424 1915 κέχρηνται,
453 1818 475 1915 ᾖ
502 1829 755 1914 τροπικῶτερων
784 1826 990 1907 πολλάκις“
972 1856 991 1915 η
1014 1830 1124 1918 γραφη
1147 1856 1259 1919 κεχρη-

238 1932 317 2012 μένη
350 1927 521 2012 διηγεῖται.
567 1925 621 1993 καὶ
649 1926 688 1992 τὸ
714 1928 776 2011 μὲν
798 1930 965 2012 τροπικῶς
987 1927 1156 2014 εἰρημένον
1179 1926 1258 2047 ἀλη-

185 2029 320 2110 ΐῖθείᾳ
348 2029 463 2112 φέρειν
491 2024 634 2104 είωθαν,
663 2024 702 2090 τὸ
726 2026 762 2091 δὲ·
785 2019 909 2111 ἀληθες
931 2025 986 2091 καὶ
1008 2021 1298 2114 άπαρεμφάτωςισ

238 2128 470 2207 κεκηρυγμένον
500 2122 547 2201 εἰς
573 2122 682 2206 ἕτερον
704 2120 890 2206 πρόσωπον
913 2117 1159 2208 ἀλληγοροῦσιν.
1206 2120 1259 2193 εύ-

237 2217 303 2298 θύς
324 2218 386 2305 γὰρ
408 2213 625 2306 ἀναπηδῶσιν
653 2216 803 2287 ἀπὸτοῦ
827 2215 921 2303 ἁγίου
941 2215 1079 2286 Ἠσαίου
1102 2226 1259 2305 φέροντες

239 2317 334 2403 ῥῆσιν
357 2312 410 2382 ὅτι
432 2315 467 2383 6
489 2317 675 2401 προσώπου
698 2319 756 2382 τού
780 2315 907 2401 πατρὸς
926 2318 1067 2433 εἴρηται,
1091 2312 1145 2382 ὅτι
1164 2317 1257 2385 “ι’δοδ

238 2412 372 2532 δυνήσει
395 2408 413 2479 6
435 2425 518 2493 παῖς
537 2438 603 2497 μου
627 2410 645 2479 6
667 2412 853 2499 ἀγαπητὸς,
885 2413 927 2500 ειγ
961 2411 998 2478 ὃν
1021 2407 1238 2496 εύδύκησα,“
1222 2439 1258 2481 ον

238 2507 406 2628 ἠγάπησεν
434 2508 452 2598 6
483 2511 569 2598 ψυχή
598 2516 692 2596 μου,”
722 2507 767 2590 ῶς
793 2513 852 2576 τού
860 2510 1009 2627 πατρὸς
1032 2505 1117 2577 εἶναι
1138 2536 1258 2593 ταυτην
1270 2526 1297 2577 1⁶

236 2610 294 2696 τὴν
325 2609 424 2689 λέξιν
468 2609 523 2676 καὶ
550 2609 611 2695 γὰρ
641 2604 775 2696 ἀληθές.
819 2609 894 2686 πῶς
922 2611 979 2674 ούν
1006 2606 1062 2674 καλ
1090 2603 1108 2672 6
1138 2608 1257 2695 πατὴρ,

238 2731 337 2828 φησι,
362 2707 469 2793 ψυχὴν
492 2707 643 2793 εἲληφεν,·
670 2707 727 2774 ἐὰν
749 2708 833 2773 δὲ’
808 2706 954 2789 είπωμεν
979 2702 1031 2771 ὅτι
1051 2704 1096 2791 μη
1115 2712 1257 2825 γένοιτο,

236 2811 270 2871 τί
292 2794 360 2884 σύν,
385 2803 497 2891 φησὶν,
521 2800 662 2871 ἀλλ’ὅτι
678 2803 923 2888 τροπικῶτερον
939 2807 1085 2888 εἰρηταις
1109 2801 1173 2887 ἀρα
1189 2793 1256 2884 σύν,

238 2926 360 2989 φασιν,
389 2901 444 2968 καὶ
473 2901 512 2968 τὸ
541 2897 612 2968 ἀπὸ
639 2904 697 2967 τού
728 2902 799 2967 υιοῦ
823 2901 992 2988 ειρημένον
1014 2900 1257 2986 τροπικῶτερον

213 3001 378 3085 Βσι’ρηται.
423 2999 479 3065 καὶ
507 3006 599 3083 νομί
571 3001 695 3067 ίζουσιν
725 2999 758 3067 ἒν
785 2999 892 3084 τούτιν
914 2998 997 3064 κατὰ
1017 3001 1076 3084 τῆς
1097 2993 1297 3084 ἀληθείαςκυ

239 3092 400 3178 εὑρίσκειν
427 3101 607 3183 θηρᾶσθαι
629 3097 817 3214 πρύφασιν,
848 3092 931 3178 ὅπερ
955 3092 1069 3174 αύτοϊς
1091 3092 1129 3161 ού
1153 3095 1259 3181 δοθή-

238 3217 343 3262 σεται.
373 3190 627 3272 ἀκαλλώπιστος
647 3193 708 3278 γάρ
733 3196 816 3259 ούοα
838 3220 856 3279 η
847 3186 1025 3277 ίἀλήθεια
1047 3186 1122 3257 καθ’
1141 3190 1257 3278 ἓαυτην

235 3293 368 3378 ἕστηκε,
391 3292 474 3410 μητε
495 3289 662 3378 ἡττωμένη
684 3293 767 3377 μήτε
789 3291 1027 3372 καλλωπισμοῦ
1051 3288 1257 3375 ε’πιδεομένη.

233 3391 362 3473 ιδιυμεν
391 3389 452 3475 γὰρ
483 3391 548 3456 τῶν
571 3383 768 3476 ἀμφοτέρων
789 3387 848 3473 τὴν
871 3384 1018 3468 δύναμιν.
1065 3385 1094 3452 εί
1114 3385 1231 3469 μὲν
1196 3411 1257 3472 γαρ

233 3485 252 3555 6
276 3485 390 3573 πατὴρ
412 3476 516 3572 ἦλθεν
539 3486 587 3565 εἰς
609 3489 714 3569 σῶμα,
739 3484 794 3551 καὶ
810 3483 915 3569 σάρκα
930 3482 1115 3562 ἐνεδύσατο,
1139 3483 1195 3551 καὶ
1210 3484 1298 3551 622⁶

230 3610 312 3671 ρηκε
333 3584 392 3650 τὸν
414 3584 511 3669 λόγον
533 3587 666 3663 τοῦτον,
696 3577 867 3669 ἀληθινῶς
894 3581 1001 3667 ψυχὴν
1023 3582 1123 3664 ἔσχεν.
1170 3581 1199 3649 εἰ
1221 3582 1258 3649 δὲ

228 3682 343 3768 σάρκα
373 3677 392 3747 6
421 3681 531 3769 πατὴρ
561 3678 619 3748 ούκ
641 3678 832 3758 ίνεδύσ,ατσ
863 3679 969 3764 εἴρηκε
992 3680 1028 3746 δὲ
1051 3675 1104 3745 ὅτι
1124 3673 1144 3766 6
1168 3676 1256 3764 ψυχή

228 3804 318 3867 μου,
349 3781 518 3863 τροπικῶς
538 3781 636 3845 τούτο
659 3802 737 3862 περι
760 3775 817 3844 τὸν
840 3775 923 3843 θεὸν
945 3773 1116 3891 ηάδεται,(
1108 3777 1162 3843 ι’να
1184 3774 1258 3842 ἐνα-

231 3878 346 3966 σιγαλί
345 3899 446 3960 σηται
472 3875 511 3942 τὸ
538 3875 688 3962 γνήσιον,
718 3872 773 3941 καὶ
802 3874 890 3960 δείξη
918 3871 976 3960 την
999 3872 1101 3989 πρὸς
1106 3870 1163 3938 τὸν
1187 3870 1259 3939 υἱὸν

200 3973 447 4089 εγνησιάτητα.
493 3968 561 4041 ἀλλ’
586 3967 695 4040 ούκέτι
722 3968 802 4055 περὶ
823 3970 882 4036 τὸν
906 3968 1032 4036 υλὸν
997 3996 1040 4035 τα
1062 3963 1146 4035 αύτα
1136 3967 1298 4035 ’ἐστινὸ

229 4073 268 4143 ἐν
297 4071 407 4160 τούτῳ
435 4073 549 4158 λέγειν.
595 4066 613 4137 6
640 4072 700 4155 μὲν
726 4066 787 4154 γὰρ
809 4064 920 4154 πατὴρ
943 4060 1001 4133 ούκ
1023 4067 1120 4151 ἔλαβε
1141 4064 1256 4150 σάρκα,

230 4167 253 4239 6
283 4170 323 4237 δὲ
352 4168 424 4250 υίὸς
450 4168 626 4238 ἐνεδύσατο
655 4165 769 4252 σάρκα.
816 4160 834 4230 6
863 4161 973 4250 πατὴρ
1007 4160 1191 4248 ἄνθρωπος
1218 4156 1257 4281 ηδ

227 4274 383 4357 γέγονεν,
413 4263 432 4335 6
454 4269 491 4337 δὲ
513 4265 585 4346 υίὸς
604 4271 735 4353 γέγονεν
758 4259 950 4349 ἄνθρωπος.
996 4259 1035 4327 τὸ
1057 4256 1231 4345 ὅμοιον
1195 4276 1258 4347 γαρ·

1131 4506 1327 4608 fl
