2867 5084
248 954 312 1016 206
478 967 680 1016 εσισικιου
696 966 793 1017 xm
810 965 997 1017 ιιυεῑειιυ
1013 970 1043 1016 υ.

246 1115 340 1203 ἱίγιον
363 1119 447 1184 θεοῦ
470 1120 610 1199 πνεῦμα.
641 1111 682 1182 δι’
709 1112 828 1195 αὐτοὺς
850 1116 912 1203 γάρ
936 1141 1020 1206 φησι
1043 1113 1062 1183 ό
1083 1118 1197 1201 κύριος
1220 1116 1272 1186 ότι

246 1216 323 1283 “εόἰν
345 1242 396 1293 τις
419 1215 497 1301 ε’ίπη
522 1214 619 1298 λόγον
642 1215 689 1293 εἷς
711 1213 769 1280 τόν
793 1215 864 1281 υἱόν
887 1220 944 1282 τοῦ
962 1212 1160 1300 ἀνθρώπου,
1185 1213 1295 1304 όφε-Ιῖ

245 1313 388 1399 θήσεται
418 1306 523 1396 αὐτῷ·
553 1312 609 1379 ίὰν
639 1315 675 1378 δέ
702 1339 736 1379 τι
762 1313 856 1379 είποι
878 1314 925 1392 εἰς
947 1313 985 1379 τὸ
1008 1310 1103 1398 όίγιον
1126 1318 1267 1398 πνεῦμα,

246 1406 303 1475 οδκ
332 1405 542 1496 ἀφεθήσεται
565 1405 653 1495 αὐτῷ
677 1405 754 1476 σι’·δὲ
777 1399 858 1488 ὦδε,
889 1407 965 1476 οῦδὲ
988 1410 1022 1477 ἓν
1044 1415 1092 1497 τῷ
1114 1411 1270 1493 μέλλοντι

221 1508 368 1574 5οίιῦνι”.
412 1503 548 1594 ἠλίθιον
582 1506 642 1590 γάρ
676 1507 748 1573 ε’στι
777 1506 815 1571 τό
844 1511 913 1573 πᾶν
941 1510 999 1574 τοῦ
1029 1503 1132 1575 αὐτοῦ
1161 1507 1270 1593 λόγου.

244 1606 326 1672 κατὰ
361 1606 395 1671 δὲ
428 1604 486 1691 τὴν
518 1605 716 1691 βλάσφημον
746 1598 854 1670 αότιῦν
880 1601 1048 1672 ’ὑπόνοιαν
1071 1600 1269 1687 διντιλέξειέν

244 1729 295 1781 τις
318 1698 431 1780 αῦτοῖς
454 1705 510 1767 καὶ
532 1704 635 1782 εἴποι,
661 1693 687 1767 ιδ
709 1713 856 1787 γενναῖοι
879 1705 1038 1791 σοφισταὶ
1055 1705 1110 1770 καὶ
1126 1707 1193 1770 τῶν
1211 1702 1266 1769 λό-

244 1824 308 1884 γων
343 1802 573 1886 διαστρσφεῖς,
608 1801 640 1865 οἱ
672 1799 871 1884 βουλόμενοι
904 1800 963 1866 σῦν
996 1811 1069 1878 τοῖς
1096 1800 1264 1886 γεγονόσιν

246 1892 404 1980 ἀριθμεῖν
426 1895 464 1961 τὸ
489 1894 582 1981 ἅγιον
605 1901 737 1981 πνεῦμα
758 1901 817 1963 τοῦ
839 1901 940 1977 θεοῦ,
964 1897 1020 1964 διὰ
1043 1898 1082 1963 τὸ
1104 1898 1205 1986 ῥητὸν
1226 1896 1262 1964 τό

205 1989 305 2060 1ο“δι’
338 1989 438 2061 αὐτοῦ
469 1994 511 2060 τὰ
545 1994 654 2060 πάντα
689 1995 843 2080 ε’γένετο,”
877 1992 946 2061 ἀπὸ
980 1999 1039 2060 τοῦ
1074 1996 1184 2064 εἰπεῖν
1212 1991 1260 2062 ότι

242 2091 370 2171 πάντα,
398 2092 551 2177 μηδαμοῦ
581 2088 676 2171 ὄντος
705 2091 765 2159 σὺν
796 2095 900 2159 πᾶσιν
932 2087 1185 2178 ἀριθμουμένου
1205 2094 1260 2159 τοῦ

243 2186 337 2276 ἁγίου
361 2191 556 2271 πνεύματος.
592 2179 655 2272 ἆρα
677 2194 755 2274 γοῦν
778 2192 831 2255 καὶ
855 2190 1078 2276 διανοηθῆναι
1101 2186 1254 2277 όφείίετε,

241 2283 262 2374 ἢ
289 2291 342 2355 καὶ
374 2284 473 2364 ἄλλος
495 2313 546 2364 τις
566 2293 683 2369 χείρων
708 2283 797 2370 ῦμιῦν
821 2288 944 2371 ἕτερος,
976 2290 1029 2353 καὶ
1053 2287 1111 2353 τόν
1134 2293 1255 2370 πατέρα

242 2386 298 2453 διὰ
330 2390 389 2452 τοῦ
423 2386 495 2451 υἱοῦ
528 2390 710 2468 γεγονέναι,
745 2383 828 2450 κατὰ
855 2384 913 2472 την
940 2385 1141 2472 βλάσφημον
1170 2380 1277 2468 Quom

203 2480 413 2551 ῐεόιτόνοιαν.
459 2482 538 2565 ἐμοῦ
572 2480 632 2566 γὰρ
666 2483 972 2565 συμπεριληπτικός
998 2482 1089 2548 ε’στιν
1118 2478 1137 2548 ό
1165 2482 1252 2566 λόγος

242 2581 378 2670 η-άσκων
399 2578 441 2646 τὰ
464 2578 574 2645 πάντα
597 2574 637 2643 δι’
664 2574 764 2644 αὐτοῦ
787 2585 962 2664 γεγονέναι.
999 2579 1029 2646 εί
1051 2580 1088 2647 δὲ
1108 2579 1251 2666 βλάσφη-

241 2706 303 2762 μον
332 2680 408 2761 περὶ
432 2680 490 2743 τοῦ
514 2673 641 2757 πατρὸς
664 2676 859 2760 λογίζεσθαι
880 2676 918 2741 τό
941 2680 1094 2758 τοιοῦτον
1115 2678 1172 2744 καὶ
1190 2700 1251 2760 μιν·

241 2776 315 2858 ρὸν,
349 2776 388 2840 τὸ
420 2771 537 2857 ὅμοιον
569 2775 622 2839 καὶ
652 2771 707 2839 ἐπὶ
738 2784 810 2851 τοῖς
838 2775 1088 2856 διανοουμένοις
1116 2774 1173 2841 ἐπὶ
1200 2772 1250 2838 τοῦ

241 2869 335 2956 ἁγίου
363 2872 567 2955 πνεύματος,
604 2873 662 2934 τοῦ
691 2870 751 2936 σὺν
786 2878 888 2955 πατρί
923 2866 1173 2956 όριθμουμένου
1202 2868 1248 2935 καὶ

200 2971 310 3055 ἳουίηῦ.
356 2969 385 3035 εἰ
412 2968 473 3054 γὰρ
502 2959 540 3055 ἦν
568 2970 635 3033 τῶν
663 2967 862 3052 γεγονότων,
897 2963 954 3034 οόκ
984 2963 1023 3034 ἂν
1045 2972 1093 3055 τῷ
1115 2963 1249 3052 ἀκτίστιγ

240 3066 343 3153 πατρὶ
371 3070 423 3133 καί
453 3066 513 3151 υἱῷ
543 3060 685 3151 όκτίστιμ
715 3072 969 3152 συνηριθμεῖτο,
999 3061 1067 3132 ἀλλ’
1094 3062 1148 3133 ότι
1169 3063 1250 3134 (izu-

239 3167 317 3234 στόν
340 3165 429 3232 ἐστιν
453 3169 719 3248 συναριθμεῖται.
766 3158 841 3230 εἶπε
862 3163 923 3248 γὰρ
947 3159 1177 3243 “όπεί.θόντες
1196 3169 1250 3248 βα·
1272 3156 1301 3211 ‘¹

238 3273 380 3331 πιίσατε
410 3263 456 3341 εἰς
485 3260 590 3348 ὄνομα
619 3259 747 3346 πατρὸς
774 3263 828 3326 καὶ
861 3261 935 3326 υἱοῦ
963 3263 1016 3326 καὶ
1041 3256 1136 3345 ἁγίου
1158 3260 1251 3328 πνεῦ-

238 3366 370 3444 ματος”.
415 3364 490 3438 πιῦς
513 3361 548 3424 δὲ
571 3356 702 3424 κτιστὸν
726 3359 775 3443 ε’ίη
799 3356 837 3422 τὸ
861 3362 991 3442 πνεῦμα
1012 3358 1051 3423 τό
1073 3355 1253 3442 μαρτυρσό·

198 3475 229 3526 25
238 3482 335 3543 μενον
359 3454 412 3523 ὅτι
436 3458 492 3523 “ι’κ
513 3460 571 3520 τοῦ
594 3455 723 3540 πατρὸς
738 3454 959 3539 ἐκπορεύεται,
982 3458 1035 3522 καὶ
1052 3455 1087 3521 ἐκ
1101 3459 1161 3523 τοῦ
1178 3456 1251 3540 ἐμοῦ

239 3553 433 3639 λαμβάνει,”
463 3549 503 3620 δι’
528 3542 567 3618 οὗ
594 3556 646 3619 καὶ
676 3549 692 3640 ἡ
717 3553 826 3619 τελεία
848 3556 914 3618 τῶν
937 3550 1129 3636 ἀνθρώπων
1152 3577 1255 3639 σωτη-

238 3661 293 3740 ρία
316 3653 368 3718 καί
393 3652 549 3737 ἕνσαρκος
571 3650 744 3734 οἰκονομία
767 3649 814 3728 εἷς
835 3654 949 3716 πᾶσαν
969 3651 1141 3716 δικαίωσιν
1157 3650 1255 3738 ἔπλη-

237 3751 342 3839 ριόθη.
374 3750 483 3832 ἔχρισε
504 3749 565 3835 γὰρ
581 3743 680 3814 αότὸν
698 3747 862 3830 πνεόματι
878 3744 969 3833 ἁγίῳ,
995 3751 1096 3834 φησίν
1112 3743 1131 3834 ἡ
1147 3746 1254 3836 γραφη

238 3853 316 3933 περὶ
344 3851 402 3914 τοῦ
431 3855 552 3932 κυρίου.
599 3841 656 3911 οῦκ
687 3839 726 3911 ἂν
751 3846 784 3911 δὲ
808 3844 865 3930 τὴν
889 3846 1044 3928 ἕνσαρκον
1066 3845 1257 3929 οἰκονομίαν

197 3950 295 4015 θοσὶν
318 3951 364 4032 τῷ
387 3949 459 4032 θεηῦ
489 3944 575 4031 λόγῳ
602 3938 770 4029 ἡνωμένην
794 3943 841 4020 είς
862 3951 941 4025 μίαν
964 3942 1110 4029 θεότητα
1132 3942 1259 4030 ἔχρισεν

238 4045 255 4111 ἁ
278 4044 387 4131 πατὴρ
410 4051 574 4126 κτίσματι,
599 4034 667 4108 ἀλλ’
687 4038 802 4107 ίπειδῦ
824 4046 885 4121 μία
908 4040 996 4105 ἐστὶν
1019 4035 1160 4125 ητριὰς,
1183 4048 1260 4127 τρία

237 4146 355 4221 τέλεια,
376 4148 438 4226 μία
460 4138 597 4226 θεότης,
622 4137 689 4205 ἔδει
711 4136 745 4202 ἐν
766 4138 814 4221 τῷ
839 4136 897 4221 υίηῦ
921 4136 1136 4220 οἰκονομικῶς
1158 4142 1259 4207 τοῦτο
1278 4147 1295 4199 Ι

235 4245 403 4323 γενέσθαι,
426 4240 481 4307 ἵνα
503 4234 702 4305 παντάπασι
724 4233 922 4320 δοξαζομένη
946 4232 979 4301 ἒν
1002 4230 1130 4301 ἅπασιν
1150 4241 1260 4329 νοηθῇ
