2867 5084
618 870 641 907 0

527 963 610 1011 περι
629 965 799 1016 numm.
1105 954 1165 1019 581

149 1104 320 1191 ὀνομάτων
345 1108 534 1193 ἐγκείμεναι,
558 1112 612 1178 καί
635 1114 717 1179 κατὰ
740 1113 852 1198 εἱρμὸν
871 1116 1005 1202 πρώτης
1026 1117 1081 1183 καί
1097 1119 1170 1187 δευ-

149 1213 246 1289 τέρας
269 1208 330 1284 ἕως
354 1210 411 1291 της
432 1209 620 1287 τελευταίας
643 1210 801 1296 τυχούσης
829 1214 946 1296 βίβλου
976 1213 1169 1302 ἐγκειμένης,

149 1301 201 1369 δτι
227 1299 243 1391 ᾗ
267 1306 326 1386 μὲν
357 1304 471 1387 πριότη
499 1308 595 1390 βίηίλο
644 1308 707 1388 ἐχει
737 1309 879 1391 αἱρέσεις
906 1307 959 1392 μς’
991 1309 1024 1376 ἐν
1053 1311 1171 1395 τὸμοις

146 1401 247 1485 τρισί,
277 1396 295 1486 ἡ
321 1402 355 1466 δὲ
379 1403 512 1485 δευτέρα
533 1332 648 1487 βίβλος
676 1405 819 1489 αἱρέσεις
842 1406 886 1490 κγ’
919 1406 952 1473 ἐν
975 1407 1091 1490 τόμοις
1113 1409 1170 1474 δυ-

148 1501 211 1575 σίν,
246 1494 262 1581 ἡ
287 1499 322 1563 δὲ
351 1510 442 1583 τρίτη
471 1502 586 1583 βίβλος
616 1503 758 1584 αἱρέσεις
781 1502 823 1568 ια’
859 1503 892 1569 ἐν
920 1501 1035 1585 τόμοις
1063 1506 1195 1572 δυοίν.5

146 1595 271 1672 πάντες
293 1603 403 1660 τοίνυν
426 1597 457 1661 οί
480 1601 526 1681 τῷ
550 1598 717 1685 πονηριατι
740 1594 829 1683 ἡμῶν
846 1603 1092 1683 συμπονοῦντες
1114 1603 1169 1666 καὶ

148 1692 383 1774 σπουδάσματι
408 1693 610 1778 ἐντυγχάνειν
632 1700 933 1779 μακροθυμοῦντες,
965 1693 1170 1783 διερχόμενοί

147 1817 193 1868 τε,
218 1791 454 1878 παρακληθητε
482 1795 534 1855 καί
559 1786 727 1877 άξιιόθητε
760 1792 818 1880 τὴν
846 1788 1009 1879 ὠφέλειαν
1039 1794 1170 1878 ἐπικερ-

114 1890 258 1974 οδῆσαι,
294 1888 333 1952 τά
358 1890 390 1953 δέ
416 1883 498 1973 άηδῆ
521 1892 587 1953 τιῦν
611 1890 768 1972 αἱρέσεων
797 1888 866 1955 ἀπὸ
895 1895 953 1954 τοῦ
984 1891 1059 1969 νοός
1083 1888 1171 1957 άπο·

89 2052 92 2057 ,
146 1990 280 2068 τρέψαι.
328 1979 364 2048 οὗ
394 1985 454 2069 γάρ
485 1985 531 2062 είς
553 1987 677 2071 βλάβην
708 1982 986 2071 άπεκαλῦψαμεν,
1022 1983 1097 2054 άλλ)
1123 1986 1170 2066 είς
1184 2005 1211 2055 10

146 2077 311 2167 ὠφέλειαν
334 2082 389 2146 καί
411 2082 639 2170 παρατήρησιν
668 2087 726 2148 τοῦ
754 2084 798 2170 μὴ
823 2086 980 2168 ἐμπεσεῖν
1011 2086 1057 2163 είς
1087 2084 1171 2151 ἐπα·

144 2179 253 2265 γωγίην
285 2183 350 2244 τιῦν
384 2187 639 2265 προειρημένων.
690 2183 881 2260 διελθόντες
909 2184 944 2248 δὲ
973 2182 1029 2246 τὸν
1059 2181 1170 2246 πάντα

146 2273 310 2359 κάματον,
348 2270 367 2363 ἢ
395 2280 447 2341 καί
470 2284 561 2363 με’ρη,
587 2274 670 2361 ὑπὲρ
694 2274 785 2361 ἡμῶν
816 2277 959 2356 εὔξασθε
987 2280 1040 2343 καὶ
1070 2302 1170 2342 κατα·

146 2371 289 2453 ξιιόοατε
317 2375 372 2439 ἵνα
396 2370 413 2439 ὁ
437 2373 518 2452 θεὸς
547 2374 613 2460 δηίη
642 2381 741 2458 μέρος
770 2370 847 2458 ἡμῖν
876 2374 909 2440 ἐν
937 2377 976 2459 τῇ
1006 2369 1083 2459 άγίρ
1116 2375 1168 2439 καί

144 2470 230 2557 μόνη
254 2473 416 2558 καθολικῇ
445 2475 496 2536 καί
527 2466 731 2557 άποοτολικῇ
762 2471 914 2557 ἐκκλησίᾳ
942 2472 993 2535 καί
1025 2465 1168 2556 ἀληθινῇ
1181 2488 1208 2538 15

145 2571 200 2633 καί
225 2569 342 2655 ζωτικῇ
365 2577 417 2634 καὶ
442 2569 655 2654 οωτηριιόδει,
679 2571 732 2634 καί
756 2569 894 2654 ῥόσηται
917 2565 1002 2652 ἡμᾶς
1018 2561 1087 2631 άπὸ
1103 2567 1170 2633 ποί-

147 2689 209 2751 οης
237 2667 408 2748 αἱρέσεως·
442 2668 495 2731 καὶ
526 2667 558 2731 εί
578 2693 608 2731 τι
640 2661 684 2743 ιῦς
713 2664 892 2748 ἄνθρωποι
921 2663 965 2748 μὴ
996 2662 1171 2745 δυνάμενοι
1244 2721 1251 2733 .

93 2778 136 2829 103
148 2763 207 2830 ἐπὶ
230 2763 268 2828 τὸ
291 2770 395 2846 πέρας
410 2758 664 2844 ιἰποτεινόμενοι
679 2765 737 2848 τῆς
753 2757 985 2846 ἀκατάληπτον
1008 2760 1061 2827 καί
1078 2754 1170 2826 ἇνεκ-

148 2860 304 2947 διηγήιου
327 2860 497 2946 θεότητος,
531 2855 599 2925 ἀλλ’
625 2856 670 2938 ὡς
693 2856 991 2943 στενοχωρούμενοι
1014 2859 1061 2936 είς
1083 2851 1170 2923 άπο-

147 2961 277 3044 λογίαν,
309 2952 391 3040 ῦπέρ
415 2960 497 3023 θεοῦ
522 2957 748 3044 διηγήσασθαι
778 2951 1002 3038 ἀνθρωπίνως
1032 2950 1210 3040 ἦναγκα-τυ

148 3061 266 3137 σμένον
295 3053 398 3139 τόλμῃ
433 3052 625 3141 ἠνέχθημεν,
665 3056 970 3139 συγγνωμσνοῦντος
999 3055 1056 3117 τοῦ
1087 3053 1171 3117 θεοῦ

147 3156 201 3219 καί
226 3148 318 3235 ῦμεῖς
347 3147 441 3216 αὐτοὶ
471 3152 772 3236 συγγνωμονηοατε.
816 3153 868 3216 καὶ
900 3148 1003 3215 πάλιν
1032 3143 1172 3231 δπερεύ-

146 3256 251 3332 χεσθε
273 3250 328 3314 ἵνα
352 3244 369 3313 ό
391 3247 502 3332 κε’·ριος
526 3247 562 3333 ἣν
584 3243 782 3334 ᾐτησάμεθα
804 3247 922 3331 μερίδα
946 3241 1022 3334 ἡμῖν
1046 3243 1113 3330 δηόη
1137 3241 1171 3309 ἐν

147 3351 187 3434 τῇ
212 3342 288 3432 ἆγίᾳ
318 3340 418 3412 αὐτοῦ
449 3352 562 3412 πίστει
591 3348 643 3411 καί
673 3345 756 3430 μόνῃ
792 3340 1024 3429 άπηλλαγμίνῃ
1060 3339 1171 3426 πάσης

149 3445 386 3529 ἐναντιότητος,
411 3442 464 3508 καί
487 3446 551 3507 τῶν
576 3442 669 3508 ίδίων
693 3438 935 3526 ἁμαρτημάτων
957 3441 1092 3506 πολλῶν
1116 3434 1210 3503 όν·25

148 3570 216 3609 των
239 3541 441 3628 συγχώρησιν
465 3539 655 3626 ποιήσηται,
681 3539 713 3604 ἐν
730 3543 867 3625 Χριστῷ
882 3533 984 3625 ’ίησοῦ
1007 3539 1053 3622 τῷ
1070 3541 1170 3621 κυρίῳ

148 3635 259 3725 ἡμῶν,
299 3633 345 3704 δι’
371 3627 409 3703 οὗ
438 3638 492 3703 καὶ
518 3634 594 3721 μεθ’
621 3625 659 3700 οἷν
683 3635 763 3715 δόξα
790 3638 837 3722 τῷ
866 3639 968 3720 πατρὶ
1000 3632 1059 3700 σῦν
1088 3628 1171 3718 άγίῳ

150 3735 315 3818 πνεύματι
340 3736 386 3813 είς
409 3735 540 3812 αίιῦνας.
581 3730 675 3818 ἀμήν.

123 3862 139 3911 Β
237 3840 287 3899 21.
322 3836 386 3898 Καὶ
415 3832 436 3898 ἃ
463 3833 522 3915 μὲν
551 3834 628 3915 περὶ
658 3837 804 3907 πίστεως
837 3829 901 3911 ἐχει
930 3824 1011 3910 αῦτη
1042 3822 1058 3942 η
1088 3824 1171 3908 μόνη

149 3929 311 4014 καθολικίγ
335 3928 487 4015 ἐκκλησία
509 3930 562 3994 καὶ
587 3927 765 4011 περιστερὰ
784 3925 912 4004 ἄκακος,
934 3930 996 4007 μία
1019 3944 1103 3988 ουσα
1124 3922 1211 4004 τῷῖλ)

151 4023 247 4108 ἀνδρὶ
270 4021 385 4112 αὐτῆς,
415 4023 460 4103 ὡς
488 4028 588 4109 λέγει,
621 4032 682 4107 μία
711 4025 781 4091 ἐστί
806 4019 985 4106 περιστερά
1006 4042 1087 4102 μου,
1117 4020 1171 4083 καὶ

152 4120 277 4204 ὁμοίως
305 4127 381 4207 περὶ
413 4127 478 4188 τιῦν
512 4118 693 4207 ἀμυθήτων
729 4122 885 4187 νεανίδων
924 4107 968 4183 ὧν
997 4111 1055 4180 σῦκ
1083 4114 1172 4181 ἐστιν

151 4216 299 4305 ἀριθμὸς
327 4219 498 4303 συντόμως
526 4220 659 4306 ἐφημεν,
693 4225 772 4302 περί
801 4242 836 4283 τε
858 4213 986 4298 πατρὸς
1014 4213 1067 4278 καί
1098 4210 1172 4277 υίοῦ
