2867 5084
586 974 707 1028 mm.
726 977 918 1029 εσοαοιοτ
1197 967 1260 1029 371

217 1131 315 1209 ’τρία
335 1127 455 1204 τέλεια,
479 1133 540 1210 μία
562 1126 694 1212 θεότης,
726 1122 774 1205 εἷς
795 1129 887 1206 θεὸς,
917 1123 965 1207 εἷς
985 1127 1105 1213 κύριος,
1140 1125 1187 1207 ὡς
1206 1130 1263 1195 καὶ

230 1221 399 1301 πολλάκις
432 1223 466 1290 ίν
500 1225 628 1302 πάσαις
661 1225 827 1308 αἱρέσεσιν
860 1223 947 1291 οὕτω
980 1226 1038 1312 τὴν
1071 1226 1149 1310 περὶ
1177 1229 1262 1293 θεοῦ

230 1314 456 1405 άπεόιόκαμεκ
479 1322 682 1407 δοξολογίαν.
729 1317 846 1389 οὐκοῦν
870 1322 985 1409 ἐπειδὴ
1015 1319 1063 1401 εἷς
1085 1325 1156 1391 ε’στι
1181 1323 1263 1403 θεὸς

233 1415 293 1483 καὶ
315 1412 373 1484 οόκ
396 1419 444 1485 ἔνι
468 1414 650 1502 ὑπολαβεῖν
674 1420 785 1503 ἕτερον
807 1419 901 1503 παρὰ
922 1419 980 1485 τὸν
1004 1419 1092 1500 ὄντα,
1127 1429 1263 1506 θαυμα-

236 1517 325 1592 στιός
347 1518 401 1580 καὶ
423 1511 598 1602 ἀγέννητὸς
621 1515 710 1583 ἐστιν
734 1513 752 1583 6
776 1516 886 1603 πατὴρ
909 1520 962 1583 καὶ
985 1516 1150 1598 άκτιστσς,
1173 1518 1229 1584 καὶ
1244 1514 1287 1584 65

201 1636 223 1684 ι)
232 1610 414 1697 μονογενὴς
436 1613 507 1690 υἱὸς
529 1616 587 1678 τοῦ
608 1617 691 1680 θεοῦ
716 1614 751 1692 ἐξ
773 1607 873 1680 αὐτοῦ
895 1617 1068 1700 γεννηθείς
1092 1612 1150 1681 οὐκ
1185 1610 1263 1680 άνό-

233 1731 334 1792 μοιος
356 1704 445 1795 αὐτῷ
467 1710 551 1776 κατὰ
573 1709 685 1776 πάντα
707 1709 834 1793 τρόπον
852 1710 1011 1794 τυγχάνει,
1036 1707 1120 1778 άλλὰ
1142 1711 1262 1777 ταυτὸν

233 1809 284 1890 τῷ
306 1806 411 1890 πατρὶ
432 1811 487 1873 καί
511 1809 584 1885 ἰ’σος
613 1807 831 1874 καταστᾶσαν
861 1804 971 1889 άξίαν,
1002 1805 1062 1876 κάν
1090 1835 1126 1875 τε
1156 1805 1174 1873 6
1202 1809 1263 1891 μὲν

232 1909 437 1989 γεγέννηται,
474 1899 492 1968 6
521 1906 557 1970 δὲ
586 1899 759 1989 ἀγέννητὸς
788 1905 887 1972 ἐστιν.
941 1907 970 1973 εἰ
997 1909 1058 1991 μὲν
1085 1907 1147 1991 γὰρ
1176 1902 1262 1983 ὅλαις

231 2006 420 2087 γεγέννηκεν
443 2001 479 2080 ἐξ
500 1997 600 2067 αὑτοῦ
623 2002 681 2066 τὸν
705 2002 785 2079 υἱόν,
819 1997 981 2070 άδόνατον
1009 2005 1054 2090 μὴ
1078 2000 1163 2071 εἶναι
1186 2005 1260 2070 ἰ’σον
1273 2016 1300 2065 10

232 2101 283 2181 τῷ
306 2099 412 2182 πατρὶ
432 2101 486 2165 καὶ
510 2095 642 2182 ὅμοιον·
666 2103 735 2164 νεᾶν
750 2099 810 2183 γάρ
827 2099 865 2165 τό
880 2106 1000 2185 γεννῶν
1023 2099 1140 2184 ὅμοιον
1156 2101 1261 2185 ἑαυτῷ

231 2199 341 2282 γεννᾷ,
372 2200 426 2262 καὶ
456 2191 495 2262 οό
527 2195 630 2279 μόνον
654 2192 781 2278 ὅμοιον,
816 2192 884 2263 ἀλλ’
912 2200 984 2264 ἴσον
1013 2226 1051 2284 τη
1075 2197 1260 2281 ταυτότητι.

233 2289 421 2377 άνθραιιτος
448 2296 507 2377 μὲν
536 2295 597 2378 γὰρ
627 2291 811 2377 ἄνθρωπον
843 2299 940 2382 γεννᾷ
973 2298 1025 2361 καὶ
1058 2295 1139 2372 θεὸς
1166 2293 1259 2371 θεὸν,

233 2393 291 2457 καὶ
314 2386 332 2456 6
354 2393 414 2474 μὲν
437 2389 622 2474 άνίίρωιεος
639 2391 672 2456 ἐκ
688 2391 851 2474 σωμάτιον
867 2395 1069 2477 συμπλοκῆς,
1093 2387 1112 2455 6
1128 2393 1164 2457 δὲ
1179 2389 1262 2468 θεὸς

183 2482 477 2575 919άνεκδιηγητως
504 2488 605 2572 μόνος
632 2493 793 2575 μονογενῆ
821 2495 1003 2574 γεγέννηκε,
1034 2492 1088 2555 καὶ
1117 2483 1156 2554 οὗ
1178 2486 1262 2553 κατά
1273 2500 1300 2550 15

233 2613 311 2654 τινα
340 2588 453 2674 ῥῆσιν,
492 2582 568 2653 οόόὲ
607 2585 786 2673 ουστολην,
821 2582 898 2652 οὐδὲ
926 2586 1138 2670 ιιλατυσμόυ,
1176 2581 1270 2655 ἀλλὰ,

231 2686 366 2766 πνεῦμα
390 2677 435 2749 ιόν
458 2678 477 2748 6
499 2682 610 2768 πατὴρ
633 2684 668 2761 ἐξ
690 2679 791 2749 αὑτοῦ
808 2679 956 2768 άνάρχισς
971 2688 1023 2750 καί
1040 2679 1188 2767 άχρόνισς
1202 2680 1261 2747 τόν

231 2780 306 2847 υἱὸν
330 2781 507 2866 ἐγέννησεν,
531 2777 648 2863 όμοισν
672 2776 761 2866 abug?
783 2782 866 2847 κατὰ
888 2781 999 2848 πάντα
1021 2781 1076 2847 καὶ
1100 2783 1182 2860 ἴσον,
1217 2774 1262 2857 ιός

232 2879 322 2963 λέγει
343 2878 382 2943 τὸ
407 2874 501 2961 άγιον
517 2874 704 2962 εὐαγγέλιον
728 2875 781 2946 ὅτι
804 2879 956 2964 “ε’ζητουν
979 2873 1079 2945 αὐτόν
1104 2875 1261 2945 άιεοκτεῖ-

232 3001 291 3042 ναι
313 2976 347 3041 οἱ
366 2970 530 3053 Ἰουδαῖοι,
563 2972 615 3040 ὅτι
638 2970 677 3040 οό
699 2976 801 3058 μόνον
825 2979 898 3043 ἔλυε
920 2976 958 3042 τὸ
981 2977 1159 3061 σάββατον,
1190 2969 1301 3042 <imo

232 3069 289 3139 ὅτι
310 3075 366 3138 καὶ
387 3071 460 3138 υἱὸν
483 3076 567 3139 θεοῦ
597 3071 713 3138 ἑαυτὸν
745 3074 866 3158 ἔλεγεν,
903 3075 976 3141 ἴσον
1005 3074 1122 3139 ἑαυτὸν
1152 3075 1262 3137 ποιῶν

231 3173 281 3256 τῷ
296 3173 399 3255 θεῴ.”
430 3173 504 3248 πῶς
526 3170 587 3253 γάρ
611 3163 669 3251 οόχ
692 3166 809 3251 ὅμοιος
831 3174 877 3256 τῷ
900 3174 1004 3252 πατρί
1019 3170 1074 3235 καὶ
1091 3171 1164 3245 ἰ’σος
1179 3168 1263 3234 κατὰ

230 3266 348 3334 πάντα
364 3263 381 3332 ό
397 3266 431 3334 ἒν
448 3262 536 3352 αότῷ
556 3267 636 3348 ἔχων
648 3265 687 3331 τὸ
701 3268 757 3351 ζην
774 3270 826 3333 καὶ
843 3270 945 3352 λίγιυν
965 3263 1100 3346 ’ἰόσιιερ
1118 3261 1135 3330 6
1152 3263 1261 3348 πατὴρ

235 3363 357 3451 ἐγείρει
379 3363 456 3444 τοὺς
478 3363 619 3448 νεκροὺς,
647 3360 735 3429 σότιο
757 3365 812 3430 καί
835 3363 854 3429 6
878 3365 949 3442 υἱὸς
971 3363 1089 3448 ἐγείρει
1111 3362 1188 3441 τοὺς
1211 3387 1262 3429 νε-

235 3462 363 3546 κρούς,”
379 3465 432 3528 καὶ
456 3464 557 3546 λέγων
583 3457 621 3524 “ό
638 3461 791 3545 ἑωρακώς
814 3463 871 3544 ἐμὲ·
894 3460 1017 3545 ἑώρακε
1031 3460 1088 3527 τὸν
1104 3463 1303 3544 πατέρα”γ5

206 3554 275 3628 806
295 3558 437 3626 δύναται
458 3560 693 3644 διηλλαγμένος
710 3553 795 3625 εἶναι
811 3556 828 3623 6
846 3555 892 3625 δι’
912 3559 1029 3626 ἑαυτοῦ
1052 3557 1109 3625 τὸν
1132 3564 1261 3640 πατέρα

234 3662 406 3742 σημαίνων
436 3656 491 3722 καὶ
514 3653 531 3722 6
555 3658 656 3741 λέγειν
680 3652 733 3720 ὅτι
757 3651 795 3720 “ό
817 3655 986 3741 γινάσκων
1018 3657 1075 3741 ε’μὲ
1108 3656 1262 3741 γινώσκει

232 3751 458 3837 τόνπατέρα”
485 3757 539 3820 καὶ
565 3749 603 3818 “ό
626 3752 779 3836 ἑωρακὼς
802 3753 859 3835 ἐμὲ
881 3754 1004 3839 ἑώρακε
1030 3753 1088 3820 τὸν
1103 3755 1262 3834 ιτατὲρα,”

230 3846 281 3929 τός
304 3845 406 3916 αὐτοῦ
431 3846 488 3917 οὐκ
511 3849 612 3917 άλλου
637 3848 732 3928 ὄντος
755 3851 848 3936 παρὰ
863 3851 920 3918 τὸν
936 3857 1074 3935 πατέρα,
1098 3845 1144 3927 ιός
1166 3846 1221 3914 καὶ
1243 3843 1261 3910 6

230 3946 348 4031 navio
371 3950 426 4015 καὶ
449 3944 467 4013 6
490 3949 561 4027 υίὸς
583 3954 737 4035 σημαίνει
754 3948 968 4035 ’ποιήσαιμεν
985 3945 1169 4032 άνθρισιεον
1191 3938 1301 4013 κατόθ

232 4042 349 4112 είκόνα
372 4039 530 4130 ἡμετέραν
559 4048 612 4112 καὶ
644 4041 728 4111 καθ’
754 4041 943 4129 όμοίιυσιν.”
988 4046 1017 4111 εί
1038 4046 1098 4124 μὲν
1120 4041 1181 4128 γάρ
1204 4035 1263 4109 σόκ

231 4130 273 4228 ἦν
297 4136 316 4207 6
339 4140 412 4220 υίὸς
433 4139 550 4227 όμσιος
571 4147 618 4230 τῷ
641 4145 756 4228 πατρὶ,
790 4147 864 4221 πῶς
886 4141 1007 4208 λοιπόν
1037 4138 1055 4207 6
1078 4138 1262 4223 ἅνθρωπος

228 4232 308 4308 κατ’
335 4238 446 4308 εἰκόνα
468 4240 523 4309 καὶ
543 4236 626 4310 καθ’
651 4237 813 4326 ὁμοίωσιν
844 4241 988 4342 ἐγίνετος
1023 4233 1144 4324 οὐγὰρ
1168 4231 1261 4307 εἶπεν

1054 4342 1110 4396 24*
