2867 5084
578 980 697 1034 LXXVI.
716 984 910 1036 Amator.
1194 979 1258 1040 4¹7

232 1128 385 1212 δύναμιν,
407 1133 462 1196 καὶ
486 1135 570 1198 θεοῦ
591 1132 649 1220 τὴν
673 1141 805 1220 σοφίαν,
828 1136 887 1221 την
902 1131 1167 1220 ῦπερβαίνοοσαν
1190 1143 1258 1205 πῦ-

234 1248 298 1291 σαν
322 1227 469 1305 ἐξέτασιν
497 1232 550 1295 καλ
580 1230 691 1296 πάντα
720 1232 887 1315 λογισμόν,
920 1233 1066 1315 μάλιστα
1094 1240 1257 1320 φθαρτῶν

234 1318 440 1407 ἀνθρώπων,
465 1322 510 1404 ῶς
530 1330 584 1392 καλ
608 1322 706 1406 αὐτὸς
726 1324 854 1406 Ἀέτιος
876 1327 963 1395 ἀκων
987 1326 1205 1419 ῶμολόγησεν.

204 1440 223 1488 n
322 1420 382 1487 ιθ’.
427 1423 468 1488 Εἰ
497 1424 680 1509 στερήσεως
710 1426 781 1491 ἐστι
814 1426 992 1510 δηλωτικὸν
1021 1427 1078 1493 ἐπὶ
1106 1433 1189 1495 θεοῦ
1218 1430 1258 1495 τὸ

234 1511 420 1603 ἀγέννητον,
444 1522 546 1606 μηδὲν
570 1524 605 1587 δὲ
629 1523 678 1606 ε’ίη
701 1522 740 1586 τὸ
764 1517 946 1606 ἀγέννητον,
977 1534 1078 1602 ποίος
1100 1525 1196 1608 λόγος
1217 1522 1282 1592 &va

231 1609 435 1700 ἀφαιρήσειε
455 1621 513 1682 τοῦ
536 1618 580 1704 μὴ
605 1616 700 1697 ὄντος
721 1620 760 1685 τὸ
782 1622 899 1706 μηδέν,·
928 1621 957 1687 εἰ
980 1621 1016 1686 δὲ
1040 1616 1076 1686 ὃν
1092 1629 1255 1707 σημαίνει,

231 1719 286 1789 τίς
308 1708 347 1779 ἀν
368 1722 540 1797 χωρίσειεν
563 1714 657 1794 όντος
680 1720 763 1783 θεοῦ
787 1714 870 1801 ὅπερ
900 1718 988 1783 ἐστίν
1015 1714 1095 1784 αὐτὸ
1119 1719 1256 1800 έουτοῦς

318 1805 516 1900 Ἀνατροπή.
565 1822 591 1878 1.
628 1814 676 1879 Τὰ
699 1813 782 1880 κατὰ
803 1821 956 1900 στέρησιν
984 1815 1142 1900 λεγόμενα
1164 1818 1257 1899 παρὰ

230 1917 307 1984 τοῖς
329 1908 391 1987 ἔξω
415 1911 632 1988 διαλεκτικοῖς
654 1917 749 1995 φέρει
770 1907 848 1995 ἡμίν
867 1908 1006 1991 Ἀέτιος,
1030 1909 1075 1991 ῶς
1098 1913 1153 1978 ἐπὶ
1173 1916 1256 1979 θεοῦ

233 2003 393 2089 είδησεως
414 2009 468 2073 καὶ
499 2003 661 2092 ὠφελείας
689 2012 787 2072 τοῦτο
817 2010 1065 2093 διαλαμβάνων,
1094 2011 1256 2095 πρότερον
1268 2026 1296 2074 10

204 2095 399 2187 οάγνοήσας
421 2102 479 2170 ἐπὶ
502 2112 571 2169 τίσι
594 2105 687 2188 παρὰ
716 2117 788 2182 τοῖς
817 2107 878 2183 ἔξω
901 2107 940 2170 τὸ
964 2109 1151 2192 στερητικὸν
1173 2111 1257 2189 λαμ-

229 2199 379 2283 βάνεται.
414 2197 450 2266 οὗ
474 2201 535 2286 γὰρ
558 2202 651 2284 παρὰ
673 2206 778 2268 πᾶσιν
801 2203 995 2284 ἐνδέχεσθαι
1016 2204 1055 2267 τὸ
1078 2205 1161 2270 κατὰ
1183 2211 1256 2270 στέ-

231 2320 331 2382 ρησιν
359 2300 517 2381 λέγεσθαι
544 2301 722 2383 βούλονται
755 2301 787 2364 οἱ
815 2304 881 2364 τῶν
914 2302 1124 2366 διαλεκτικῶν
1153 2301 1255 2384 λόγοι,

231 2389 303 2460 ἀλλ)
330 2389 375 2472 ῶς
397 2395 453 2462 έπλ
478 2408 549 2475 τοῖς
571 2396 654 2462 κατὰ
676 2396 777 2481 φῦσιν
805 2422 838 2461 τι
865 2403 1081 2482 κεκτημένοις.
1126 2398 1257 2476 τούτοις

232 2489 295 2576 γάρ
320 2491 378 2557 ἐπὶ
399 2488 558 2559 τάναντία
581 2494 804 2576 ἐνδεχομέναις
826 2494 992 2560 ἵστασθαι
1013 2498 1079 2560 τῶν
1095 2495 1178 2561 κατὰ
1193 2495 1256 2581 φύ-
1268 2510 1295 2560 15

232 2612 288 2655 σιν
312 2584 426 2668 αὐτοῖς
447 2587 661 2673 ’ὑπαρχόντων
684 2590 723 2655 τὸ
745 2589 829 2655 κατὰ
851 2597 1003 2676 στέρησιν
1026 2592 1163 2676 λέγεται,
1198 2593 1257 2658 ἐπὶ

234 2687 271 2753 δὲ
292 2690 360 2752 τῶν
386 2687 430 2774 μὴ
467 2688 683 2770 ἐνδεχομένων
718 2685 835 2753 οὐκέτι.
881 2684 952 2753 οἷον
979 2688 1018 2753 τὸ
1045 2692 1171 2775 τυφλός
1198 2689 1256 2756 ἐπὶ

233 2787 292 2848 τοῦ
310 2786 416 2869 ,λίθου
440 2780 498 2851 οῦκ
522 2781 561 2850 ἀν
585 2787 677 2851 εἴποι
693 2807 759 2863 τις·
783 2781 877 2869 ὁγὰρ
893 2786 1050 2871 πεφυκὼς
1072 2784 1160 2868 ὁρᾶν,
1185 2783 1257 2854 εἶτα

235 2874 417 2965 ἀποβαλὼν
439 2881 478 2947 τό
502 2878 591 2965 ὁρᾶν,
624 2884 750 2969 τυφλὸς
778 2878 904 2949 ἀκούει·
941 2884 970 2949 εἰ
992 2891 1105 2968 μέντοι
1132 2910 1169 2969 γε
1195 2911 1257 2951 πε-

234 2977 352 3055 τεινὸν,
382 2973 403 3066 ἢ
426 2977 619 3062 ἄνθρωπος,
643 2975 663 3067 ἢ
685 2987 810 3065 κτῆνος,
835 2978 887 3045 ίίτι
909 2982 1059 3069 πεφυκὸς
1081 2980 1171 3066 δρᾶν,
1202 2979 1299 3048 ὅτιτί)

235 3073 423 3161 ἐστέρηται,
457 3077 582 3163 τυφλὸν
611 3082 808 3163 στερητικῶς
831 3079 974 3162 λέγεται,
1009 3077 1114 3156 οὕτως
1140 3079 1196 3145 καὶ
1217 3079 1256 3144 τό

235 3166 395 3259 ἀόργητον
425 3168 483 3239 οῦκ
505 3169 544 3240 ἀν
568 3175 721 3256 εἴποιμεν
749 3176 806 3238 τὸν
836 3175 944 3253 λίθον,
975 3170 1054 3260 ἢτὸ
1078 3174 1206 3253 ἄκακος,
1238 3171 1257 3260 ἢ

185 3271 272 3344 >th
296 3269 468 3357 ἄφθονος·
502 3266 539 3336 οῦ
562 3270 622 3356 γὰρ
646 3277 809 3356 πέφυκεν·
843 3271 900 3335 έπὶ
928 3278 1042 3352 μέντοι
1071 3267 1255 3355 ἀνθρώπου

235 3371 285 3434 καί
309 3368 447 3454 κτήνους
468 3372 526 3434 τοῦ
550 3369 738 3456 πεφυκότος
767 3364 975 3452 ὀργίζεσθαι,
1012 3365 1067 3435 ὅτε
1093 3369 1137 3455 μη
1167 3365 1256 3454 όργί·

236 3465 335 3546 ζοιτο,
361 3467 454 3533 είποι
478 3463 517 3532 ἀν
539 3493 591 3544 τις
613 3466 696 3532 κατὰ
718 3473 880 3550 στέρησιν,
911 3465 967 3531 ἐπὶ
992 3467 1028 3532 δέ
1049 3470 1115 3532 τῶν
1136 3466 1180 3553 μὴ
1204 3467 1296 3533 έν-ιδ

235 3563 417 3647 δεχομένων
440 3559 497 3630 οῦκ
519 3558 558 3629 ἀν
582 3564 639 3630 ἐ’τι.

319 3669 350 3728 2.
387 3658 483 3728 Οῦτω
505 3664 558 3727 καλ
582 3660 638 3727 ἐπὶ
662 3664 721 3726 τοῦ
744 3664 826 3727 θεοῦ
851 3663 1002 3746 ληπτέον,
1027 3657 1072 3740 ῶς
1091 3662 1176 3747 πρὸς
1197 3662 1255 3727 τὸν

214 3749 362 3824 {iduor
385 3743 644 3840 ἀποτεινομένου
673 3761 731 3822 τοῦ
755 3759 852 3842 λόγον
884 3760 937 3824 καλ
961 3758 1124 3840 ἐρωτικῶς
1147 3759 1256 3837 έξετά-

235 3853 364 3935 ζοντος,
398 3856 471 3945 λέγε
497 3852 591 3943 ἡμῖν,
627 3846 797 3932 ῶἈέτιε,
827 3849 921 3932 σίδας
950 3850 1143 3938 ἀσύγκριτον
1171 3853 1257 3936 πρὸς

185 3952 312 4031 ῑτοίις
334 3952 463 4032 πάντας
484 3952 561 4031 τοὺς
583 3953 627 4039 μὴ
652 3950 750 4029 ὄντας
772 3951 805 4017 ἐκ
827 3954 885 4037 τῆς
900 3947 1000 4036 αὐτῆς
1015 3947 1139 4030 οὐσίας,
1163 3945 1296 4037 finam

231 4047 335 4117 αὐτὸν
358 4049 417 4117 σὺν
444 4061 517 4129 τοῖς
545 4047 673 4116 ῦπασιν
705 4049 864 4166 ἀριθμεῖν
892 4048 1108 4135 τολμησειαςς
1143 4050 1197 4113 καλ
1226 4049 1256 4115 εί

229 4150 293 4227 μὲν
315 4146 350 4213 έν
372 4158 445 4227 τοῖς
466 4152 553 4215 πᾶσι
574 4152 692 4214 τοῦτον
715 4133 947 4231 αριθμησειας,
982 4156 1053 4223 τοῖς
1074 4145 1118 4230 μὴ
1142 4143 1177 4210 ἐκ
1198 4149 1257 4231 τῆς

228 4240 352 4324 σῦσίοις
373 4241 474 4312 αὐτοῦ
497 4236 601 4327 οῦσιν,
631 4241 698 4313 ἀλλ’
724 4245 761 4324 ἐξ
782 4239 840 4309 οὐκ
862 4240 967 4308 ὄντων
995 4237 1050 4308 ὑπ’
1076 4236 1177 4307 αὐτοῦ
1199 4243 1257 4311 διὰ

284 4345 431 4400 Epiphanius.
451 4347 488 4393 111.
1069 4346 1101 4397 λλ
