2867 5084
538 921 659 974 ινινιιιι.
678 925 878 975 mmmm
1154 912 1216 974 299

174 1071 317 1148 ςταντὸν
338 1075 446 1158 νονγθῇ
475 1072 546 1152 υἱὸς
567 1077 680 1157 πατρὶ,
705 1071 863 1157 ἀνόμοιον
891 1075 980 1158 λέγοι
1008 1068 1075 1141 κατ’
1101 1069 1216 1141 οὐσίαν

200 1165 259 1232 τὸν
282 1171 348 1236 οἷὸν
370 1173 417 1255 τῷ
439 1171 553 1253 πατρὶ,
578 1166 733 1254 ἀνάθεμα
749 1173 843 1238 ἔστω.
874 1174 927 1237 καὶ
951 1172 983 1239 εἲ
996 1196 1047 1249 τις
1063 1171 1096 1237 ἓν
1110 1171 1216 1256 χρόνῳ

206 1260 261 1328 τὸν
276 1274 398 1351 πατέρα
413 1274 541 1352 πατέρα
557 1279 627 1335 νοεῖ
640 1273 698 1334 τοῦ
712 1272 908 1354 μονογενοῦς
923 1269 1006 1348 οἱοῦ,
1019 1268 1124 1355 καὶμὴ
1133 1264 1216 1353 ὑπὲρ

211 1360 340 1469 χρόνους,
364 1368 419 1430 καὶ
438 1365 531 1483 παρὰ
546 1366 659 1444 πάσας
675 1361 894 1450 ἀνθρωπίνας
916 1365 1044 1444 ἐννοίας
1066 1365 1217 1432 πιστεύει

215 1455 264 1520 τὸν
281 1464 433 1547 μονογενῆ
456 1462 527 1528 υἱὸν
550 1462 584 1528 ἒν.
606 1466 665 1528 τοῦ
690 1461 818 1547 πατρὸς
847 1459 1037 1542 ἀπαθῶς(
1021 1462 1240 1582 οιγεστάναι,5

220 1577 257 1629 ως
273 1567 482 1643 παραβαίνων
505 1559 543 1625 τὸ
566 1556 789 1626 ἇποστολικὸν
813 1586 966 1646 κνγρογμα,
999 1560 1136 1644 χρόνοις
1157 1561 1216 1644 μὲν

224 1653 283 1736 περὶ
300 1655 425 1742 πατρὸς
447 1659 501 1723 καὶ
524 1658 597 1723 υἱοῦ
620 1658 877 1774 παρωσάμεγον,
912 1661 1041 1735 πιστῶς
1075 1652 1150 1722 δὲ
1133 1661 1218 1742 νγαῦις

226 1752 382 1821 παιοεῦσαν
411 1753 486 1818 τὸ
491 1754 534 1821 ἓν
563 1750 690 1842 ἆρχῇγ
672 1750 889 1872 ν’γγὸλὸγος,
923 1757 977 1821 καὶ
1008 1750 1025 1819 3
1056 1754 1218 1839 λόγοςν
1180 1780 1218 1839 νγν

227 1846 288 1926 πρὸς
307 1851 361 1916 τὸν
383 1851 477 1931 θεὸν,
500 1855 556 1919 καλ
577 1853 697 1930 θεὸς
680 1880 719 1936 νγν
743 1849 760 1917 3
783 1853 906 1937 λόγος,”
938 1848 1092 1934 ἀνάθεμα
1123 1851 1216 1918 ἔστω.

228 1946 264 2006 καὶ
285 1950 313 2014 εἴ
338 1974 390 2026 τις
417 1948 474 2014 τὸν
500 1957 630 2035 πατέρα
658 1947 881 2066 πρεσβῦτερον
908 1950 1013 2036 χρόνῳ
1043 1952 1131 2034 λέγοι
1159 1973 1218 2014 τον
1231 1968 1258 2019 10

210 2035 279 2115 ¹³33
268 2050 373 2111 εαυτοῦ
396 2051 592 2132 μονογενοῦς
614 2049 696 2127 οἱοῦ,
722 2047 879 2169 νεώτερον
901 2049 937 2113 δὲ
952 2045 1058 2133 χρόνω
1074 2046 1130 2111 τὸν
1147 2045 1218 2112 υἱὸν

229 2159 268 2202 wv
284 2143 417 2228 πατρὸς,
443 2139 630 2229 ἆνάθεμα”
614 2169 706 2211 εστω.
739 2149 792 2211 καὶ
816 2147 847 2212 εἴ
867 2170 919 2223 τις
941 2145 980 2210 τὸ
1003 2142 1140 2228 ἄχρονον
1161 2168 1218 2227 τνγς

228 2240 268 2301 τοῦ
287 2245 481 2327 μονογενοῦς
509 2247 657 2327 Χριστοῦ
692 2243 727 2310 ἐκ
759 2242 886 2326 πατρὸς
913 2238 1130 2318 ὑποστάσεως
1162 2240 1219 2306 ἐπὶ

229 2331 267 2416 π’γι
283 2334 452 2425 ἀγέννητον
480 2342 539 2405 τοῦ
562 2344 644 2406 θεοῦ
675 2335 790 2405 οὖσίαν
821 2336 995 2425 ἀναφέρει,
1026 2334 1071 2415 ιῦς
1099 2336 1219 2403 νὶοπά-

227 2440 414 2521 τοραλέγων,
445 2434 639 2520 ἆνάθεμα’
622 2462 715 2504 εσιω.
759 2443 811 2502 καὶ
842 2437 951 2513 εἴτις
981 2436 1113 2520 ἐξουσίᾳ
1135 2433 1217 2520 μόνῃ
1232 2457 1257 2505 15

226 2526 265 2639 ξὺν
281 2541 407 2619 πατέρα
430 2536 519 2620 λέγοι
540 2538 598 2600 τοῦ
621 2558 818 2618 μονογενοις
839 2533 922 2612 οἱοῦ,
946 2536 999 2599 καὶ
1022 2531 1065 2616 μὴ
1087 2532 1219 2644 ἔξοοσέᾳ

227 2617 286 2738 θροῦ
305 2632 359 2697 καὶ
383 2626 421 2697 οῦ
424 2639 481 2718 σέᾳ
503 2632 702 2716 πατρὸςτοῦ
725 2634 922 2716 μονογενοῦς
944 2631 1026 2707 οιοῦ,
1052 2625 1096 2706 ὡς
1117 2628 1220 2716 μόνιγν

227 2720 425 2808 τγνέξονσιαν
441 2729 626 2814 λαμβάνων,
651 2732 703 2794 καλ
727 2732 930 2796 κοινοποιοῦν
954 2723 1052 2794 αὐτὸν
1076 2726 1162 2811 πρὸς
1179 2725 1221 2792 τὰ

227 2775 303 2892 λλιπῦ
324 2826 507 2913 ποιήματα,
531 2829 585 2892 καὶ
608 2821 646 2891 οῦ
662 2829 763 2912 λέγων
780 2822 917 2914 ιἰλνγθιῦς
939 2826 973 2892 ἐκ
995 2823 1123 2907 πατρὸς
1145 2824 1221 2911 γνή-

229 2936 278 2987 οιον
297 2925 377 3003 υἱὸν,
403 2920 558 3006 ἀνάθεμα
581 2923 673 2989 ἔστω.
706 2926 759 2990 καὶ
784 2927 816 2991 εἴ
835 2950 886 3002 τις
904 2924 1037 3009 ἐξουσίᾳ
1051 2922 1107 2988 καὶ
1123 2917 1259 3007 οῦσέᾳῖο

228 3012 301 3099 λέγων
333 3021 391 3087 τὸν
420 3027 549 3106 πατέρα
578 3027 707 3142 πατέρα
729 3025 787 3086 τοῦ
811 3023 899 3099 οἱοῦ,
936 3016 1114 3102 ῦμοοῦσιον
1144 3014 1221 3108 333

200 3112 417 3185 331310030103
440 3122 530 3203 λέγοι
551 3118 609 3185 τὸν
631 3117 702 3184 σιὸν
725 3122 771 3202 τῷ
798 3121 916 3201 πατρὶ,
948 3115 1135 3233 ἀναθεγια’
1126 3117 1219 3182 ἐστιν.

287 3223 353 3283 Καί
380 3217 464 3283 εἰσιν
482 3217 513 3282 03
529 3211 785 3301 ῦπογράιμαντες
807 3217 994 3293 Βασίλειος,
1019 3209 1065 3278 L1
1062 3214 1219 3290 σταθιος,

227 3296 393 3397 λπερέχιος,
418 3313 578 3394 Λητόῑος,
599 3310 770 3396 Ἑορτικὸς,
799 3320 844 3377 Γ
826 3340 844 3377 ι
846 3312 994 3395 γινάσιος,
1018 3310 1219 3393 Μεμνόνιος,

229 3400 353 3496 Είτνχὴς,
377 3418 563 3497 Σεννγρῖνος,
585 3405 753 3492 Εῦτὺχιος,
774 3405 975 3494 Ἀλκιμίδης,
996 3403 1262 3490 Αλέξανδρος,25

228 3497 291 3572 οὕτω
315 3508 466 3576 πιστεύω
500 3504 545 3586 ὡς
580 3504 831 3593 ὑπογέγραπται
862 3509 914 3572 καὶ
946 3501 992 3573 δι’
1024 3503 1222 3594 ῦπογραιγῐγς

230 3590 362 3691 θμολογιῦ.

247 3801 451 3904 Ἔπλνγρώθη
476 3815 554 3880 τῶν
582 3807 663 3903 περὶ
691 3808 890 3882 Βασίλειον
917 3808 978 3881 καὶ
1008 3804 1197 3907 Γεωργιον

515 3920 535 3994 3
562 3920 908 4017 ὑπομνηματισμός.
1233 3916 1263 3967 ³⁰

211 4097 223 4146 Β
294 4094 338 4155 12.
365 4087 413 4154 Τὸ
428 4091 487 4177 τῆς
501 4085 617 4167 οὖσίας
633 4087 738 4175 ὄνομα
753 4092 881 4174 γομνιῦς
901 4089 960 4172 μὲν
977 4087 1010 4154 ἐν
1025 4089 1154 4173 παλαιᾷ
1170 4092 1223 4154 καλ

225 4187 299 4271 κοινῇ
321 4181 358 4253 οῦ
380 4197 489 4254 κεῖται
509 4190 635 4272 γραφῇ,
669 4183 686 4251 3
715 4191 791 4265 νοῦς
820 4189 854 4253 δὲ
882 4188 1052 4268 πανταχοῦ
1076 4191 1222 4272 φέρεται.
