<?xml version="1.0" encoding="UTF-8"?>
<!DOCTYPE html PUBLIC "-//W3C//DTD XHTML 1.0 Transitional//EN"
    "http://www.w3.org/TR/xhtml1/DTD/xhtml1-transitional.dtd">
<html xmlns="http://www.w3.org/1999/xhtml" xml:lang="en" lang="en">
 <head>
  <title>
</title>
<meta http-equiv="Content-Type" content="text/html;charset=utf-8" />
  <meta name='ocr-system' content='tesseract 3.04.00' />
  <meta name='ocr-capabilities' content='ocr_page ocr_carea ocr_par ocr_line ocrx_word'/>
</head>
<body>
  <div class='ocr_page' id='page_1' title='image "./opera01dindgoog_0548.png"; bbox 0 0 2867 5084; ppageno 0'>
   <div class='ocr_carea' id='block_1_1' title="bbox 265 932 1053 996">
    <p class='ocr_par' dir='ltr' id='par_1_1' title="bbox 265 932 1053 996">
     <span class='ocr_line' id='line_1_1' title="bbox 265 932 1053 996; baseline -0.003 -2"><span class='ocrx_word' id='word_1_1' title='bbox 265 932 328 996; x_wconf 78' lang='lat'><strong><em>490</em></strong></span> <span class='ocrx_word' id='word_1_2' title='bbox 491 944 805 996; x_wconf 67' lang='lat' dir='ltr'><strong><em>nummorum</em></strong></span> <span class='ocrx_word' id='word_1_3' title='bbox 823 944 1009 995; x_wconf 67' lang='grc' dir='ltr'><strong><em>ιιειειτιιαυ</em></strong></span> <span class='ocrx_word' id='word_1_4' title='bbox 1026 945 1053 992; x_wconf 82' lang='lat' dir='ltr'><strong><em>r.</em></strong></span> 
     </span>
    </p>
   </div>
   <div class='ocr_carea' id='block_1_2' title="bbox 126 1088 1346 4301">
    <p class='ocr_par' dir='ltr' id='par_1_2' title="bbox 126 1088 1306 2351">
     <span class='ocr_line' id='line_1_2' title="bbox 263 1088 1290 1210; baseline -0.005 -48"><span class='ocrx_word' id='word_1_5' title='bbox 263 1095 421 1182; x_wconf 74' lang='grc' dir='ltr'><strong><em>ένσαρκσν</em></strong></span> <span class='ocrx_word' id='word_1_6' title='bbox 442 1094 545 1181; x_wconf 88' lang='grc' dir='ltr'><strong><em>μόνην</em></strong></span> <span class='ocrx_word' id='word_1_7' title='bbox 567 1100 716 1180; x_wconf 81' lang='grc' dir='ltr'><strong><em>Χριστοῦ</em></strong></span> <span class='ocrx_word' id='word_1_8' title='bbox 745 1100 933 1180; x_wconf 75' lang='grc' dir='ltr'><strong><em>παρουσίαν</em></strong></span> <span class='ocrx_word' id='word_1_9' title='bbox 956 1088 1247 1177; x_wconf 70' lang='grc' dir='ltr'><strong><em>όνομόζουσιν,”</em></strong></span> <span class='ocrx_word' id='word_1_10' title='bbox 1223 1118 1290 1210; x_wconf 76' lang='grc' dir='ltr'><strong><em>αρα</em></strong></span> 
     </span>
     <span class='ocr_line' id='line_1_3' title="bbox 263 1189 1289 1280; baseline -0.002 -21"><span class='ocrx_word' id='word_1_11' title='bbox 263 1192 418 1259; x_wconf 87' lang='grc' dir='ltr'><strong><em>πόλιν</em></strong></span> <span class='ocrx_word' id='word_1_12' title='bbox 390 1217 436 1271; x_wconf 86' lang='grc' dir='ltr'><strong><em>εις</em></strong></span> <span class='ocrx_word' id='word_1_13' title='bbox 458 1191 571 1277; x_wconf 77' lang='grc' dir='ltr'><strong><em>ἑτέραν</em></strong></span> <span class='ocrx_word' id='word_1_14' title='bbox 602 1191 779 1280; x_wconf 67' lang='grc' dir='ltr'><strong><em>ζητησιν“</em></strong></span> <span class='ocrx_word' id='word_1_15' title='bbox 762 1196 848 1280; x_wconf 81' lang='grc' dir='ltr'><strong><em>ημᾶς</em></strong></span> <span class='ocrx_word' id='word_1_16' title='bbox 875 1189 965 1278; x_wconf 79' lang='grc' dir='ltr'><strong><em>ἰύγειν</em></strong></span> <span class='ocrx_word' id='word_1_17' title='bbox 994 1193 1188 1277; x_wconf 68' lang='grc' dir='ltr'><strong><em>πειρῶνται</em></strong></span> <span class='ocrx_word' id='word_1_18' title='bbox 1233 1190 1289 1257; x_wconf 88' lang='grc' dir='ltr'><strong><em>καὶ</em></strong></span> 
     </span>
     <span class='ocr_line' id='line_1_4' title="bbox 263 1279 1288 1377; baseline -0.003 -21"><span class='ocrx_word' id='word_1_19' title='bbox 263 1285 318 1356; x_wconf 87' lang='grc' dir='ltr'><strong><em>ότι</em></strong></span> <span class='ocrx_word' id='word_1_20' title='bbox 337 1291 397 1371; x_wconf 79' lang='grc' dir='ltr'><strong><em>μὲν</em></strong></span> <span class='ocrx_word' id='word_1_21' title='bbox 420 1279 477 1356; x_wconf 90' lang='grc' dir='ltr'><strong><em>ούν</em></strong></span> <span class='ocrx_word' id='word_1_22' title='bbox 498 1285 567 1357; x_wconf 83' lang='grc' dir='ltr'><strong><em>όπὸ</em></strong></span> <span class='ocrx_word' id='word_1_23' title='bbox 589 1295 647 1377; x_wconf 76' lang='grc' dir='ltr'><strong><em>τῆς</em></strong></span> <span class='ocrx_word' id='word_1_24' title='bbox 670 1291 827 1375; x_wconf 82' lang='grc' dir='ltr'><strong><em>ἰνσύρκου</em></strong></span> <span class='ocrx_word' id='word_1_25' title='bbox 860 1295 1048 1374; x_wconf 87' lang='grc' dir='ltr'><strong><em>παρουσίας</em></strong></span> <span class='ocrx_word' id='word_1_26' title='bbox 1075 1287 1158 1364; x_wconf 85' lang='grc' dir='ltr'><strong><em>θεὸς</em></strong></span> <span class='ocrx_word' id='word_1_27' title='bbox 1188 1288 1288 1373; x_wconf 88' lang='grc' dir='ltr'><strong><em>λόγος</em></strong></span> 
     </span>
     <span class='ocr_line' id='line_1_5' title="bbox 262 1385 1286 1475; baseline 0 -22"><span class='ocrx_word' id='word_1_28' title='bbox 262 1391 316 1453; x_wconf 83' lang='grc' dir='ltr'><strong><em>καί</em></strong></span> <span class='ocrx_word' id='word_1_29' title='bbox 339 1385 410 1465; x_wconf 82' lang='grc' dir='ltr'><strong><em>υἰύς</em></strong></span> <span class='ocrx_word' id='word_1_30' title='bbox 431 1391 490 1453; x_wconf 85' lang='grc' dir='ltr'><strong><em>τοῦ</em></strong></span> <span class='ocrx_word' id='word_1_31' title='bbox 512 1391 596 1456; x_wconf 89' lang='grc' dir='ltr'><strong><em>θεοῦ</em></strong></span> <span class='ocrx_word' id='word_1_32' title='bbox 619 1389 829 1475; x_wconf 78' lang='grc' dir='ltr'><strong><em>ἑρμηνεύεται</em></strong></span> <span class='ocrx_word' id='word_1_33' title='bbox 857 1386 1111 1474; x_wconf 72' lang='grc' dir='ltr'><strong><em>δῆλαναίκαὶ</em></strong></span> <span class='ocrx_word' id='word_1_34' title='bbox 1135 1389 1286 1471; x_wconf 76' lang='grc' dir='ltr'><strong><em>προῆγον</em></strong></span> 
     </span>
     <span class='ocr_line' id='line_1_6' title="bbox 227 1479 1285 1570; baseline 0 -19"><span class='ocrx_word' id='word_1_35' title='bbox 227 1490 339 1568; x_wconf 43' lang='grc' dir='ltr'><strong><em>ἰπερὶ</em></strong></span> <span class='ocrx_word' id='word_1_36' title='bbox 360 1481 460 1551; x_wconf 88' lang='grc' dir='ltr'><strong><em>αύτοῦ</em></strong></span> <span class='ocrx_word' id='word_1_37' title='bbox 475 1494 654 1570; x_wconf 82' lang='grc' dir='ltr'><strong><em>μαρτυρίαι</em></strong></span> <span class='ocrx_word' id='word_1_38' title='bbox 675 1486 732 1550; x_wconf 85' lang='grc' dir='ltr'><strong><em>τὸν</em></strong></span> <span class='ocrx_word' id='word_1_39' title='bbox 745 1483 894 1569; x_wconf 86' lang='grc' dir='ltr'><strong><em>Χριστὸν</em></strong></span> <span class='ocrx_word' id='word_1_40' title='bbox 910 1479 1009 1551; x_wconf 88' lang='grc' dir='ltr'><strong><em>αύτόν</em></strong></span> <span class='ocrx_word' id='word_1_41' title='bbox 1025 1485 1208 1550; x_wconf 81' lang='grc' dir='ltr'><strong><em>καλεῖσθαι</em></strong></span> <span class='ocrx_word' id='word_1_42' title='bbox 1231 1487 1285 1551; x_wconf 80' lang='grc' dir='ltr'><strong><em>καὶ</em></strong></span> 
     </span>
     <span class='ocr_line' id='line_1_7' title="bbox 126 1578 1285 1669; baseline -0.002 -20"><span class='ocrx_word' id='word_1_43' title='bbox 126 1578 133 1585; x_wconf 68' lang='grc'><strong>’</strong></span> <span class='ocrx_word' id='word_1_44' title='bbox 262 1581 403 1669; x_wconf 77' lang='grc' dir='ltr'><strong><em>πρὸτῆς</em></strong></span> <span class='ocrx_word' id='word_1_45' title='bbox 418 1582 574 1668; x_wconf 84' lang='grc' dir='ltr'><strong><em>ένσύρκυυ</em></strong></span> <span class='ocrx_word' id='word_1_46' title='bbox 591 1590 786 1667; x_wconf 84' lang='grc' dir='ltr'><strong><em>παρουσίας,</em></strong></span> <span class='ocrx_word' id='word_1_47' title='bbox 796 1583 830 1649; x_wconf 84' lang='grc' dir='ltr'><strong><em>έν</em></strong></span> <span class='ocrx_word' id='word_1_48' title='bbox 843 1585 882 1668; x_wconf 83' lang='grc' dir='ltr'><strong><em>τῇ</em></strong></span> <span class='ocrx_word' id='word_1_49' title='bbox 898 1587 1067 1667; x_wconf 76' lang='grc' dir='ltr'><strong><em>παρουσίᾳ</em></strong></span> <span class='ocrx_word' id='word_1_50' title='bbox 1081 1578 1285 1667; x_wconf 76' lang='grc' dir='ltr'><strong><em>πεπληρωκ-</em></strong></span> 
     </span>
     <span class='ocr_line' id='line_1_8' title="bbox 261 1673 1285 1766; baseline -0.004 -18"><span class='ocrx_word' id='word_1_51' title='bbox 261 1704 327 1758; x_wconf 82' lang='grc' dir='ltr'><strong><em>ται,</em></strong></span> <span class='ocrx_word' id='word_1_52' title='bbox 350 1680 432 1765; x_wconf 75' lang='grc' dir='ltr'><strong><em>μήτε</em></strong></span> <span class='ocrx_word' id='word_1_53' title='bbox 453 1684 510 1766; x_wconf 82' lang='grc' dir='ltr'><strong><em>τῆς</em></strong></span> <span class='ocrx_word' id='word_1_54' title='bbox 533 1681 693 1766; x_wconf 73' lang='grc' dir='ltr'><strong><em>θεότητος</em></strong></span> <span class='ocrx_word' id='word_1_55' title='bbox 709 1679 800 1758; x_wconf 80' lang='grc' dir='ltr'><strong><em>ἕκτος</em></strong></span> <span class='ocrx_word' id='word_1_56' title='bbox 811 1683 960 1764; x_wconf 85' lang='grc' dir='ltr'><strong><em>Χριστοῦ</em></strong></span> <span class='ocrx_word' id='word_1_57' title='bbox 980 1675 1192 1764; x_wconf 76' lang='grc' dir='ltr'><strong><em>ὑπαρχούσης</em></strong></span> <span class='ocrx_word' id='word_1_58' title='bbox 1209 1673 1285 1745; x_wconf 87' lang='grc' dir='ltr'><strong><em>όνό-</em></strong></span> 
     </span>
     <span class='ocr_line' id='line_1_9' title="bbox 261 1773 1285 1864; baseline -0.001 -20"><span class='ocrx_word' id='word_1_59' title='bbox 261 1802 366 1861; x_wconf 89' lang='grc' dir='ltr'><strong><em>ματος</em></strong></span> <span class='ocrx_word' id='word_1_60' title='bbox 379 1777 461 1863; x_wconf 83' lang='grc' dir='ltr'><strong><em>μήτε</em></strong></span> <span class='ocrx_word' id='word_1_61' title='bbox 475 1782 533 1864; x_wconf 79' lang='grc' dir='ltr'><strong><em>τῆς</em></strong></span> <span class='ocrx_word' id='word_1_62' title='bbox 548 1779 705 1863; x_wconf 85' lang='grc' dir='ltr'><strong><em>ένσύρκου</em></strong></span> <span class='ocrx_word' id='word_1_63' title='bbox 721 1785 909 1861; x_wconf 86' lang='grc' dir='ltr'><strong><em>παρουσίας</em></strong></span> <span class='ocrx_word' id='word_1_64' title='bbox 923 1779 977 1843; x_wconf 89' lang='grc' dir='ltr'><strong><em>καί</em></strong></span> <span class='ocrx_word' id='word_1_65' title='bbox 993 1773 1094 1842; x_wconf 88' lang='grc' dir='ltr'><strong><em>αύτοῦ</em></strong></span> <span class='ocrx_word' id='word_1_66' title='bbox 1110 1776 1285 1863; x_wconf 78' lang='grc' dir='ltr'><strong><em>ένανθρω·</em></strong></span> 
     </span>
     <span class='ocr_line' id='line_1_10' title="bbox 262 1868 1283 1962; baseline -0.002 -21"><span class='ocrx_word' id='word_1_67' title='bbox 262 1875 395 1960; x_wconf 75' lang='grc' dir='ltr'><strong><em>κτήσεως</em></strong></span> <span class='ocrx_word' id='word_1_68' title='bbox 428 1872 505 1941; x_wconf 75' lang='grc' dir='ltr'><strong><em>ἄνευ</em></strong></span> <span class='ocrx_word' id='word_1_69' title='bbox 537 1879 595 1960; x_wconf 80' lang='grc' dir='ltr'><strong><em>τῆς</em></strong></span> <span class='ocrx_word' id='word_1_70' title='bbox 627 1874 782 1962; x_wconf 86' lang='grc' dir='ltr'><strong><em>τοιαύτης</em></strong></span> <span class='ocrx_word' id='word_1_71' title='bbox 814 1870 995 1957; x_wconf 83' lang='grc' dir='ltr'><strong><em>ὀνομασίας</em></strong></span> <span class='ocrx_word' id='word_1_72' title='bbox 1028 1868 1283 1961; x_wconf 76' lang='grc' dir='ltr'><strong><em>ὀνομαζομένης,</em></strong></span> 
     </span>
     <span class='ocr_line' id='line_1_11' title="bbox 224 1967 1285 2060; baseline 0.002 -24"><span class='ocrx_word' id='word_1_73' title='bbox 224 1967 307 2049; x_wconf 57' lang='lat' dir='ltr'><strong><em>wag</em></strong></span> <span class='ocrx_word' id='word_1_74' title='bbox 328 1970 411 2038; x_wconf 85' lang='grc' dir='ltr'><strong><em>κατὰ</em></strong></span> <span class='ocrx_word' id='word_1_75' title='bbox 432 1970 471 2037; x_wconf 89' lang='grc' dir='ltr'><strong><em>τό</em></strong></span> <span class='ocrx_word' id='word_1_76' title='bbox 493 1973 661 2059; x_wconf 82' lang='grc' dir='ltr'><strong><em>εἰρημένον</em></strong></span> <span class='ocrx_word' id='word_1_77' title='bbox 685 1973 748 2059; x_wconf 71' lang='grc' dir='ltr'><strong><em>’μὴ</em></strong></span> <span class='ocrx_word' id='word_1_78' title='bbox 771 1975 870 2060; x_wconf 77' lang='grc' dir='ltr'><strong><em>εἴπης</em></strong></span> <span class='ocrx_word' id='word_1_79' title='bbox 892 1972 925 2039; x_wconf 84' lang='grc' dir='ltr'><strong><em>έν</em></strong></span> <span class='ocrx_word' id='word_1_80' title='bbox 947 1975 986 2058; x_wconf 82' lang='grc' dir='ltr'><strong><em>τῇ</em></strong></span> <span class='ocrx_word' id='word_1_81' title='bbox 1002 1972 1120 2058; x_wconf 81' lang='grc' dir='ltr'><strong><em>καρδίᾳ</em></strong></span> <span class='ocrx_word' id='word_1_82' title='bbox 1136 1995 1209 2050; x_wconf 91' lang='grc' dir='ltr'><strong><em>σου,</em></strong></span> <span class='ocrx_word' id='word_1_83' title='bbox 1233 1979 1285 2052; x_wconf 85' lang='grc' dir='ltr'><strong><em>τίς</em></strong></span> 
     </span>
     <span class='ocr_line' id='line_1_12' title="bbox 261 2063 1285 2155; baseline -0.001 -18"><span class='ocrx_word' id='word_1_84' title='bbox 261 2063 462 2155; x_wconf 73' lang='grc' dir='ltr'><strong><em>ἀναβήσεται</em></strong></span> <span class='ocrx_word' id='word_1_85' title='bbox 490 2070 537 2148; x_wconf 88' lang='grc' dir='ltr'><strong><em>εἰς</em></strong></span> <span class='ocrx_word' id='word_1_86' title='bbox 558 2069 614 2136; x_wconf 88' lang='grc' dir='ltr'><strong><em>τόν</em></strong></span> <span class='ocrx_word' id='word_1_87' title='bbox 639 2065 797 2155; x_wconf 81' lang='grc' dir='ltr'><strong><em>ούρανόν;</em></strong></span> <span class='ocrx_word' id='word_1_88' title='bbox 833 2076 984 2136; x_wconf 81' lang='grc' dir='ltr'><strong><em>τουτέστι</em></strong></span> <span class='ocrx_word' id='word_1_89' title='bbox 1008 2067 1157 2154; x_wconf 86' lang='grc' dir='ltr'><strong><em>Χριστόν</em></strong></span> <span class='ocrx_word' id='word_1_90' title='bbox 1180 2095 1285 2136; x_wconf 87' lang='grc' dir='ltr'><strong><em>κατα-</em></strong></span> 
     </span>
     <span class='ocr_line' id='line_1_13' title="bbox 259 2161 1285 2255; baseline 0.001 -21"><span class='ocrx_word' id='word_1_91' title='bbox 259 2177 379 2252; x_wconf 81' lang='grc' dir='ltr'><strong><em>γαγεῖν.</em></strong></span> <span class='ocrx_word' id='word_1_92' title='bbox 419 2161 441 2253; x_wconf 84' lang='grc' dir='ltr'><em>ἢ</em></span> <span class='ocrx_word' id='word_1_93' title='bbox 462 2173 513 2245; x_wconf 89' lang='grc' dir='ltr'><strong><em>τίς</em></strong></span> <span class='ocrx_word' id='word_1_94' title='bbox 533 2167 753 2255; x_wconf 75' lang='grc' dir='ltr'><strong><em>καταβήσεται</em></strong></span> <span class='ocrx_word' id='word_1_95' title='bbox 780 2169 827 2246; x_wconf 87' lang='grc' dir='ltr'><strong><em>εἰς</em></strong></span> <span class='ocrx_word' id='word_1_96' title='bbox 849 2167 906 2254; x_wconf 79' lang='grc' dir='ltr'><strong><em>τὴν</em></strong></span> <span class='ocrx_word' id='word_1_97' title='bbox 935 2165 1100 2252; x_wconf 70' lang='grc' dir='ltr'><strong><em>ἅβυσοονς</em></strong></span> <span class='ocrx_word' id='word_1_98' title='bbox 1127 2174 1285 2235; x_wconf 80' lang='grc' dir='ltr'><strong><em>τουτέστι</em></strong></span> 
     </span>
     <span class='ocr_line' id='line_1_14' title="bbox 260 2259 1306 2351; baseline -0.001 -18"><span class='ocrx_word' id='word_1_99' title='bbox 260 2265 408 2349; x_wconf 84' lang='grc' dir='ltr'><strong><em>Χριστὸν</em></strong></span> <span class='ocrx_word' id='word_1_100' title='bbox 442 2261 616 2351; x_wconf 77' lang='grc' dir='ltr'><strong><em>ἀναγαγεῖν</em></strong></span> <span class='ocrx_word' id='word_1_101' title='bbox 649 2265 682 2332; x_wconf 88' lang='grc' dir='ltr'><strong><em>έκ</em></strong></span> <span class='ocrx_word' id='word_1_102' title='bbox 716 2269 866 2349; x_wconf 82' lang='grc' dir='ltr'><strong><em>νεκρῶν.”</em></strong></span> <span class='ocrx_word' id='word_1_103' title='bbox 916 2268 969 2331; x_wconf 85' lang='grc' dir='ltr'><strong><em>καὶ</em></strong></span> <span class='ocrx_word' id='word_1_104' title='bbox 999 2266 1101 2331; x_wconf 88' lang='grc' dir='ltr'><strong><em>πόλιν</em></strong></span> <span class='ocrx_word' id='word_1_105' title='bbox 1131 2260 1150 2330; x_wconf 89' lang='grc' dir='ltr'><strong><em>ό</em></strong></span> <span class='ocrx_word' id='word_1_106' title='bbox 1180 2259 1306 2346; x_wconf 80' lang='grc' dir='ltr'><strong><em>αύτόςυ</em></strong></span> 
     </span>
    </p>

    <p class='ocr_par' dir='ltr' id='par_1_3' title="bbox 227 2358 1284 2449">
     <span class='ocr_line' id='line_1_15' title="bbox 227 2358 1284 2449; baseline 0.001 -19"><span class='ocrx_word' id='word_1_107' title='bbox 227 2370 230 2380; x_wconf 83' lang='grc'><em>“</em></span> <span class='ocrx_word' id='word_1_108' title='bbox 260 2364 346 2448; x_wconf 76' lang='grc' dir='ltr'><strong><em>λέγει</em></strong></span> <span class='ocrx_word' id='word_1_109' title='bbox 369 2362 445 2429; x_wconf 80' lang='grc' dir='ltr'><strong><em>“ἰνα</em></strong></span> <span class='ocrx_word' id='word_1_110' title='bbox 466 2364 652 2447; x_wconf 84' lang='grc' dir='ltr'><strong><em>γινώσκωσι</em></strong></span> <span class='ocrx_word' id='word_1_111' title='bbox 674 2365 710 2429; x_wconf 81' lang='grc' dir='ltr'><strong><em>σὲ</em></strong></span> <span class='ocrx_word' id='word_1_112' title='bbox 735 2363 791 2428; x_wconf 90' lang='grc' dir='ltr'><strong><em>τὸν</em></strong></span> <span class='ocrx_word' id='word_1_113' title='bbox 812 2362 914 2445; x_wconf 90' lang='grc' dir='ltr'><strong><em>μόνον</em></strong></span> <span class='ocrx_word' id='word_1_114' title='bbox 936 2358 1098 2449; x_wconf 78' lang='grc' dir='ltr'><strong><em>ἀληθινὸν</em></strong></span> <span class='ocrx_word' id='word_1_115' title='bbox 1118 2363 1204 2429; x_wconf 87' lang='grc' dir='ltr'><strong><em>θεὸν</em></strong></span> <span class='ocrx_word' id='word_1_116' title='bbox 1228 2367 1284 2431; x_wconf 83' lang='grc' dir='ltr'><strong><em>καί</em></strong></span> 
     </span>
    </p>

    <p class='ocr_par' dir='ltr' id='par_1_4' title="bbox 223 2454 1285 2936">
     <span class='ocr_line' id='line_1_16' title="bbox 223 2454 1284 2547; baseline 0.003 -22"><span class='ocrx_word' id='word_1_117' title='bbox 223 2458 298 2525; x_wconf 75' lang='grc' dir='ltr'><strong><em>ίυὸν</em></strong></span> <span class='ocrx_word' id='word_1_118' title='bbox 331 2454 531 2538; x_wconf 77' lang='grc' dir='ltr'><strong><em>ἀπέστειλας</em></strong></span> <span class='ocrx_word' id='word_1_119' title='bbox 560 2455 682 2547; x_wconf 79' lang='grc' dir='ltr'><strong><em>Ἰησοῦν</em></strong></span> <span class='ocrx_word' id='word_1_120' title='bbox 710 2459 887 2544; x_wconf 86' lang='grc' dir='ltr'><strong><em>Χριστόν.”</em></strong></span> <span class='ocrx_word' id='word_1_121' title='bbox 939 2459 978 2525; x_wconf 88' lang='grc' dir='ltr'><strong><em>τό</em></strong></span> <span class='ocrx_word' id='word_1_122' title='bbox 1013 2460 1049 2526; x_wconf 85' lang='grc' dir='ltr'><strong><em>δέ</em></strong></span> <span class='ocrx_word' id='word_1_123' title='bbox 1077 2456 1284 2541; x_wconf 79' lang='grc' dir='ltr'><strong><em>ἀπέστειλας</em></strong></span> 
     </span>
     <span class='ocr_line' id='line_1_17' title="bbox 260 2551 1284 2643; baseline 0.001 -18"><span class='ocrx_word' id='word_1_124' title='bbox 260 2555 391 2625; x_wconf 82' lang='grc' dir='ltr'><strong><em>όνωθεν</em></strong></span> <span class='ocrx_word' id='word_1_125' title='bbox 415 2558 486 2639; x_wconf 76' lang='grc' dir='ltr'><strong><em>ἕχον</em></strong></span> <span class='ocrx_word' id='word_1_126' title='bbox 507 2557 566 2643; x_wconf 82' lang='grc' dir='ltr'><strong><em>τὴν</em></strong></span> <span class='ocrx_word' id='word_1_127' title='bbox 588 2564 745 2642; x_wconf 87' lang='grc' dir='ltr'><strong><em>θεωρίαν,</em></strong></span> <span class='ocrx_word' id='word_1_128' title='bbox 773 2552 842 2623; x_wconf 75' lang='grc' dir='ltr'><strong><em>ἀλλ’</em></strong></span> <span class='ocrx_word' id='word_1_129' title='bbox 868 2554 925 2623; x_wconf 87' lang='grc' dir='ltr'><strong><em>ούκ</em></strong></span> <span class='ocrx_word' id='word_1_130' title='bbox 949 2557 1040 2636; x_wconf 87' lang='grc' dir='ltr'><strong><em>έκτός</em></strong></span> <span class='ocrx_word' id='word_1_131' title='bbox 1062 2551 1100 2623; x_wconf 88' lang='grc' dir='ltr'><strong><em>όν</em></strong></span> <span class='ocrx_word' id='word_1_132' title='bbox 1121 2561 1190 2624; x_wconf 80' lang='grc' dir='ltr'><strong><em>τιῦν</em></strong></span> <span class='ocrx_word' id='word_1_133' title='bbox 1213 2554 1284 2626; x_wconf 85' lang='grc' dir='ltr'><strong><em>ύπό</em></strong></span> 
     </span>
     <span class='ocr_line' id='line_1_18' title="bbox 258 2649 1285 2741; baseline 0.002 -19"><span class='ocrx_word' id='word_1_134' title='bbox 258 2661 389 2737; x_wconf 88' lang='grc' dir='ltr'><strong><em>Πέτρου</em></strong></span> <span class='ocrx_word' id='word_1_135' title='bbox 418 2655 594 2740; x_wconf 79' lang='grc' dir='ltr'><strong><em>εἰρημένων</em></strong></span> <span class='ocrx_word' id='word_1_136' title='bbox 618 2651 669 2721; x_wconf 80' lang='grc' dir='ltr'><strong><em>ὅτι</em></strong></span> <span class='ocrx_word' id='word_1_137' title='bbox 694 2649 840 2740; x_wconf 77' lang='grc' dir='ltr'><strong><em>“’ίησοῦν</em></strong></span> <span class='ocrx_word' id='word_1_138' title='bbox 862 2654 919 2720; x_wconf 89' lang='grc' dir='ltr'><strong><em>τὸν</em></strong></span> <span class='ocrx_word' id='word_1_139' title='bbox 943 2655 1151 2738; x_wconf 81' lang='grc' dir='ltr'><strong><em>Ναζωραῖον,</em></strong></span> <span class='ocrx_word' id='word_1_140' title='bbox 1175 2653 1285 2741; x_wconf 73' lang='grc' dir='ltr'><strong><em>ἄνδρα</em></strong></span> 
     </span>
     <span class='ocr_line' id='line_1_19' title="bbox 258 2745 1285 2839; baseline 0.002 -20"><span class='ocrx_word' id='word_1_141' title='bbox 258 2745 535 2835; x_wconf 67' lang='grc' dir='ltr'><strong><em>ἀποδεδειγμένον</em></strong></span> <span class='ocrx_word' id='word_1_142' title='bbox 557 2752 604 2830; x_wconf 86' lang='grc' dir='ltr'><strong><em>εἰς</em></strong></span> <span class='ocrx_word' id='word_1_143' title='bbox 625 2748 710 2836; x_wconf 87' lang='grc' dir='ltr'><strong><em>ύμᾶς</em></strong></span> <span class='ocrx_word' id='word_1_144' title='bbox 731 2759 846 2836; x_wconf 89' lang='grc' dir='ltr'><strong><em>τέρασι</em></strong></span> <span class='ocrx_word' id='word_1_145' title='bbox 867 2755 920 2819; x_wconf 84' lang='grc' dir='ltr'><strong><em>καί</em></strong></span> <span class='ocrx_word' id='word_1_146' title='bbox 944 2758 1103 2838; x_wconf 87' lang='grc' dir='ltr'><strong><em>σημείοις,</em></strong></span> <span class='ocrx_word' id='word_1_147' title='bbox 1132 2750 1171 2818; x_wconf 81' lang='grc' dir='ltr'><strong><em>ὃν</em></strong></span> <span class='ocrx_word' id='word_1_148' title='bbox 1194 2754 1285 2839; x_wconf 78' lang='grc' dir='ltr'><strong><em>έχρι·</em></strong></span> 
     </span>
     <span class='ocr_line' id='line_1_20' title="bbox 258 2843 1196 2936; baseline 0.001 -20"><span class='ocrx_word' id='word_1_149' title='bbox 258 2870 314 2916; x_wconf 85' lang='grc' dir='ltr'><strong><em>σεν</em></strong></span> <span class='ocrx_word' id='word_1_150' title='bbox 338 2843 356 2912; x_wconf 91' lang='grc' dir='ltr'><strong><em>ό</em></strong></span> <span class='ocrx_word' id='word_1_151' title='bbox 378 2849 459 2926; x_wconf 87' lang='grc' dir='ltr'><strong><em>θεὸς</em></strong></span> <span class='ocrx_word' id='word_1_152' title='bbox 482 2848 645 2932; x_wconf 88' lang='grc' dir='ltr'><strong><em>πνεύματι</em></strong></span> <span class='ocrx_word' id='word_1_153' title='bbox 668 2846 767 2936; x_wconf 82' lang='grc' dir='ltr'><strong><em>όγίῳ”</em></strong></span> <span class='ocrx_word' id='word_1_154' title='bbox 789 2854 844 2917; x_wconf 83' lang='grc' dir='ltr'><strong><em>καὶ</em></strong></span> <span class='ocrx_word' id='word_1_155' title='bbox 866 2849 908 2916; x_wconf 88' lang='grc' dir='ltr'><strong><em>τὰ</em></strong></span> <span class='ocrx_word' id='word_1_156' title='bbox 929 2848 1060 2928; x_wconf 87' lang='grc' dir='ltr'><strong><em>τούτοις</em></strong></span> <span class='ocrx_word' id='word_1_157' title='bbox 1083 2846 1196 2933; x_wconf 83' lang='grc' dir='ltr'><strong><em>ὅμοια.</em></strong></span> 
     </span>
    </p>

    <p class='ocr_par' dir='ltr' id='par_1_5' title="bbox 219 2940 1346 3423">
     <span class='ocr_line' id='line_1_21' title="bbox 219 2940 1283 3036; baseline 0.008 -27"><span class='ocrx_word' id='word_1_158' title='bbox 219 2956 250 3009; x_wconf 70' lang='grc' dir='ltr'><strong><em>θ)</em></strong></span> <span class='ocrx_word' id='word_1_159' title='bbox 343 2952 393 3012; x_wconf 82' lang='lat'><strong><em>32.</em></strong></span> <span class='ocrx_word' id='word_1_160' title='bbox 425 2940 509 3012; x_wconf 78' lang='grc' dir='ltr'><strong><em>Εἶτα</em></strong></span> <span class='ocrx_word' id='word_1_161' title='bbox 531 2948 567 3013; x_wconf 80' lang='grc' dir='ltr'><strong><em>δέ</em></strong></span> <span class='ocrx_word' id='word_1_162' title='bbox 588 2946 690 3013; x_wconf 87' lang='grc' dir='ltr'><strong><em>πάλιν</em></strong></span> <span class='ocrx_word' id='word_1_163' title='bbox 720 2947 752 3012; x_wconf 79' lang='grc' dir='ltr'><strong><em>οἱ</em></strong></span> <span class='ocrx_word' id='word_1_164' title='bbox 779 2947 974 3032; x_wconf 90' lang='grc' dir='ltr'><strong><em>γλυκύτατοι</em></strong></span> <span class='ocrx_word' id='word_1_165' title='bbox 1001 2943 1093 3034; x_wconf 80' lang='grc' dir='ltr'><strong><em>ἡμῶν</em></strong></span> <span class='ocrx_word' id='word_1_166' title='bbox 1123 2943 1283 3036; x_wconf 74' lang='grc' dir='ltr'><strong><em>ἀδελφοὶ,</em></strong></span> 
     </span>
     <span class='ocr_line' id='line_1_22' title="bbox 256 3041 1285 3132; baseline 0.007 -25"><span class='ocrx_word' id='word_1_167' title='bbox 256 3042 452 3128; x_wconf 74' lang='grc' dir='ltr'><strong><em>βουλόμενοι</em></strong></span> <span class='ocrx_word' id='word_1_168' title='bbox 474 3043 557 3112; x_wconf 84' lang='grc' dir='ltr'><strong><em>κατὰ</em></strong></span> <span class='ocrx_word' id='word_1_169' title='bbox 579 3044 689 3110; x_wconf 84' lang='grc' dir='ltr'><strong><em>πάντα</em></strong></span> <span class='ocrx_word' id='word_1_170' title='bbox 705 3046 912 3130; x_wconf 84' lang='grc' dir='ltr'><strong><em>φιλυνείκους</em></strong></span> <span class='ocrx_word' id='word_1_171' title='bbox 929 3041 1004 3130; x_wconf 79' lang='grc' dir='ltr'><strong><em>ἡμῖν</em></strong></span> <span class='ocrx_word' id='word_1_172' title='bbox 1020 3045 1189 3132; x_wconf 80' lang='grc' dir='ltr'><strong><em>εἰσφέρειν</em></strong></span> <span class='ocrx_word' id='word_1_173' title='bbox 1205 3049 1285 3115; x_wconf 89' lang='grc' dir='ltr'><strong><em>δια-</em></strong></span> 
     </span>
     <span class='ocr_line' id='line_1_23' title="bbox 258 3136 1346 3229; baseline 0.007 -22"><span class='ocrx_word' id='word_1_174' title='bbox 258 3147 349 3220; x_wconf 88' lang='grc' dir='ltr'><strong><em>νοίας</em></strong></span> <span class='ocrx_word' id='word_1_175' title='bbox 375 3145 429 3209; x_wconf 84' lang='grc' dir='ltr'><strong><em>καί</em></strong></span> <span class='ocrx_word' id='word_1_176' title='bbox 451 3141 510 3229; x_wconf 79' lang='grc' dir='ltr'><strong><em>τὴν</em></strong></span> <span class='ocrx_word' id='word_1_177' title='bbox 532 3136 633 3208; x_wconf 88' lang='grc' dir='ltr'><strong><em>αύτοῦ</em></strong></span> <span class='ocrx_word' id='word_1_178' title='bbox 656 3141 803 3227; x_wconf 86' lang='grc' dir='ltr'><strong><em>θεότητα</em></strong></span> <span class='ocrx_word' id='word_1_179' title='bbox 836 3149 1053 3209; x_wconf 79' lang='grc' dir='ltr'><strong><em>πεπονθυῖαν</em></strong></span> <span class='ocrx_word' id='word_1_180' title='bbox 1083 3137 1142 3209; x_wconf 89' lang='grc' dir='ltr'><strong><em>ούκ</em></strong></span> <span class='ocrx_word' id='word_1_181' title='bbox 1178 3138 1346 3215; x_wconf 63' lang='lat' dir='ltr'><strong>&amp;tol-1⁰2⁸</strong></span> 
     </span>
     <span class='ocr_line' id='line_1_24' title="bbox 255 3238 1284 3330; baseline 0.005 -26"><span class='ocrx_word' id='word_1_182' title='bbox 255 3239 366 3324; x_wconf 78' lang='grc' dir='ltr'><strong><em>μητως</em></strong></span> <span class='ocrx_word' id='word_1_183' title='bbox 387 3240 600 3327; x_wconf 87' lang='grc' dir='ltr'><strong><em>κηρύττουσιν</em></strong></span> <span class='ocrx_word' id='word_1_184' title='bbox 623 3238 656 3306; x_wconf 79' lang='grc' dir='ltr'><strong><em>ἐκ</em></strong></span> <span class='ocrx_word' id='word_1_185' title='bbox 678 3241 737 3305; x_wconf 86' lang='grc' dir='ltr'><strong><em>τοῦ</em></strong></span> <span class='ocrx_word' id='word_1_186' title='bbox 763 3240 863 3326; x_wconf 83' lang='grc' dir='ltr'><strong><em>ῥητοῦ</em></strong></span> <span class='ocrx_word' id='word_1_187' title='bbox 878 3243 938 3307; x_wconf 86' lang='grc' dir='ltr'><strong><em>τοῦ</em></strong></span> <span class='ocrx_word' id='word_1_188' title='bbox 954 3240 1123 3326; x_wconf 81' lang='grc' dir='ltr'><strong><em>εἰρημένου</em></strong></span> <span class='ocrx_word' id='word_1_189' title='bbox 1149 3241 1202 3309; x_wconf 71' lang='lat' dir='ltr'><strong><em>“cl</em></strong></span> <span class='ocrx_word' id='word_1_190' title='bbox 1216 3243 1284 3330; x_wconf 85' lang='grc' dir='ltr'><strong><em>γὰρ</em></strong></span> 
     </span>
     <span class='ocr_line' id='line_1_25' title="bbox 257 3332 1283 3423; baseline 0.007 -22"><span class='ocrx_word' id='word_1_191' title='bbox 257 3336 410 3420; x_wconf 70' lang='grc' dir='ltr'><strong><em>ἔγνωσαν,</em></strong></span> <span class='ocrx_word' id='word_1_192' title='bbox 440 3332 497 3404; x_wconf 87' lang='grc' dir='ltr'><strong><em>οῦκ</em></strong></span> <span class='ocrx_word' id='word_1_193' title='bbox 527 3332 566 3403; x_wconf 82' lang='grc' dir='ltr'><strong><em>όν</em></strong></span> <span class='ocrx_word' id='word_1_194' title='bbox 593 3335 651 3403; x_wconf 90' lang='grc' dir='ltr'><strong><em>τὸν</em></strong></span> <span class='ocrx_word' id='word_1_195' title='bbox 679 3333 790 3419; x_wconf 91' lang='grc' dir='ltr'><strong><em>κύριον</em></strong></span> <span class='ocrx_word' id='word_1_196' title='bbox 818 3340 876 3422; x_wconf 80' lang='grc' dir='ltr'><strong><em>τῆς</em></strong></span> <span class='ocrx_word' id='word_1_197' title='bbox 905 3337 1003 3423; x_wconf 85' lang='grc' dir='ltr'><strong><em>δόξης</em></strong></span> <span class='ocrx_word' id='word_1_198' title='bbox 1031 3337 1283 3422; x_wconf 87' lang='grc' dir='ltr'><strong><em>έσταύρωσαν.”</em></strong></span> 
     </span>
    </p>

    <p class='ocr_par' dir='ltr' id='par_1_6' title="bbox 217 3430 1285 3911">
     <span class='ocr_line' id='line_1_26' title="bbox 217 3430 1284 3519; baseline 0.007 -21"><span class='ocrx_word' id='word_1_199' title='bbox 217 3434 342 3510; x_wconf 61' lang='grc' dir='ltr'><strong><em>πτινὲς</em></strong></span> <span class='ocrx_word' id='word_1_200' title='bbox 364 3433 400 3499; x_wconf 85' lang='grc' dir='ltr'><strong><em>δὲ</em></strong></span> <span class='ocrx_word' id='word_1_201' title='bbox 421 3436 487 3500; x_wconf 84' lang='grc' dir='ltr'><strong><em>τῶν</em></strong></span> <span class='ocrx_word' id='word_1_202' title='bbox 510 3430 611 3500; x_wconf 79' lang='grc' dir='ltr'><strong><em>αὐτοῦ</em></strong></span> <span class='ocrx_word' id='word_1_203' title='bbox 633 3435 764 3500; x_wconf 89' lang='grc' dir='ltr'><strong><em>παίδων</em></strong></span> <span class='ocrx_word' id='word_1_204' title='bbox 786 3435 830 3519; x_wconf 81' lang='grc' dir='ltr'><strong><em>μὴ</em></strong></span> <span class='ocrx_word' id='word_1_205' title='bbox 854 3437 1005 3512; x_wconf 86' lang='grc' dir='ltr'><strong><em>νοοῦντες</em></strong></span> <span class='ocrx_word' id='word_1_206' title='bbox 1023 3438 1131 3514; x_wconf 86' lang='grc' dir='ltr'><strong><em>τοῦτο,</em></strong></span> <span class='ocrx_word' id='word_1_207' title='bbox 1158 3434 1207 3516; x_wconf 81' lang='grc' dir='ltr'><strong><em>(ῦς</em></strong></span> <span class='ocrx_word' id='word_1_208' title='bbox 1229 3432 1284 3506; x_wconf 81' lang='grc' dir='ltr'><strong><em>αἰ-</em></strong></span> 
     </span>
     <span class='ocr_line' id='line_1_27' title="bbox 254 3530 1285 3616; baseline 0.01 -22"><span class='ocrx_word' id='word_1_209' title='bbox 254 3554 325 3610; x_wconf 89' lang='grc' dir='ltr'><strong><em>μαι,</em></strong></span> <span class='ocrx_word' id='word_1_210' title='bbox 346 3530 517 3612; x_wconf 79' lang='grc' dir='ltr'><strong><em>μετὰτῶν</em></strong></span> <span class='ocrx_word' id='word_1_211' title='bbox 540 3530 648 3598; x_wconf 86' lang='grc' dir='ltr'><strong><em>ύίλλων</em></strong></span> <span class='ocrx_word' id='word_1_212' title='bbox 670 3530 937 3616; x_wconf 79' lang='grc' dir='ltr'><strong><em>προβαλλόμενοι</em></strong></span> <span class='ocrx_word' id='word_1_213' title='bbox 958 3531 1136 3616; x_wconf 72' lang='grc' dir='ltr'><strong><em>βούλονται</em></strong></span> <span class='ocrx_word' id='word_1_214' title='bbox 1158 3533 1285 3603; x_wconf 79' lang='grc' dir='ltr'><strong><em>ἐπισσ-</em></strong></span> 
     </span>
     <span class='ocr_line' id='line_1_28' title="bbox 254 3623 1282 3715; baseline 0.007 -22"><span class='ocrx_word' id='word_1_215' title='bbox 254 3627 424 3712; x_wconf 84' lang='grc' dir='ltr'><strong><em>φίζεσθαι.</em></strong></span> <span class='ocrx_word' id='word_1_216' title='bbox 462 3627 624 3711; x_wconf 80' lang='grc' dir='ltr'><strong><em>θαυμάζω</em></strong></span> <span class='ocrx_word' id='word_1_217' title='bbox 652 3626 713 3712; x_wconf 85' lang='grc' dir='ltr'><strong><em>γόρ</em></strong></span> <span class='ocrx_word' id='word_1_218' title='bbox 743 3628 772 3696; x_wconf 89' lang='grc' dir='ltr'><strong><em>εἰ</em></strong></span> <span class='ocrx_word' id='word_1_219' title='bbox 801 3623 900 3706; x_wconf 79' lang='grc' dir='ltr'><strong><em>αὐτὸς</em></strong></span> <span class='ocrx_word' id='word_1_220' title='bbox 927 3625 1033 3708; x_wconf 85' lang='grc' dir='ltr'><strong><em>ούτως</em></strong></span> <span class='ocrx_word' id='word_1_221' title='bbox 1065 3628 1199 3715; x_wconf 82' lang='grc' dir='ltr'><strong><em>φάσκει.</em></strong></span> <span class='ocrx_word' id='word_1_222' title='bbox 1240 3629 1282 3700; x_wconf 90' lang='grc' dir='ltr'><strong><em>ού</em></strong></span> 
     </span>
     <span class='ocr_line' id='line_1_29' title="bbox 253 3722 1282 3845; baseline 0.006 -54"><span class='ocrx_word' id='word_1_223' title='bbox 253 3723 450 3808; x_wconf 78' lang='grc' dir='ltr'><strong><em>θαυμαστόν</em></strong></span> <span class='ocrx_word' id='word_1_224' title='bbox 471 3724 532 3810; x_wconf 87' lang='grc' dir='ltr'><strong><em>γὰρ</em></strong></span> <span class='ocrx_word' id='word_1_225' title='bbox 556 3724 612 3791; x_wconf 82' lang='grc' dir='ltr'><strong><em>ἰὰν</em></strong></span> <span class='ocrx_word' id='word_1_226' title='bbox 635 3726 713 3813; x_wconf 82' lang='grc' dir='ltr'><strong><em>εἰπη</em></strong></span> <span class='ocrx_word' id='word_1_227' title='bbox 737 3722 853 3812; x_wconf 84' lang='grc' dir='ltr'><strong><em>ἡθεία</em></strong></span> <span class='ocrx_word' id='word_1_228' title='bbox 867 3725 983 3845; x_wconf 79' lang='grc' dir='ltr'><strong><em>γραφη</em></strong></span> <span class='ocrx_word' id='word_1_229' title='bbox 1006 3725 1064 3792; x_wconf 87' lang='grc' dir='ltr'><strong><em>τὸν</em></strong></span> <span class='ocrx_word' id='word_1_230' title='bbox 1080 3727 1197 3811; x_wconf 88' lang='grc' dir='ltr'><strong><em>κύριον</em></strong></span> <span class='ocrx_word' id='word_1_231' title='bbox 1219 3734 1282 3816; x_wconf 81' lang='grc' dir='ltr'><strong><em>τῆς</em></strong></span> 
     </span>
     <span class='ocr_line' id='line_1_30' title="bbox 255 3821 1283 3943; baseline 0.01 -56"><span class='ocrx_word' id='word_1_232' title='bbox 255 3821 351 3906; x_wconf 85' lang='grc' dir='ltr'><strong><em>δόξης</em></strong></span> <span class='ocrx_word' id='word_1_233' title='bbox 373 3821 617 3906; x_wconf 78' lang='grc' dir='ltr'><strong><em>ἐσταυρῶσθαι.</em></strong></span> <span class='ocrx_word' id='word_1_234' title='bbox 662 3826 715 3888; x_wconf 83' lang='grc' dir='ltr'><strong><em>καί</em></strong></span> <span class='ocrx_word' id='word_1_235' title='bbox 737 3823 799 3909; x_wconf 83' lang='grc' dir='ltr'><strong><em>γὰρ</em></strong></span> <span class='ocrx_word' id='word_1_236' title='bbox 822 3826 875 3890; x_wconf 87' lang='grc' dir='ltr'><strong><em>καί</em></strong></span> <span class='ocrx_word' id='word_1_237' title='bbox 898 3824 1009 3907; x_wconf 91' lang='grc' dir='ltr'><strong><em>κύριον</em></strong></span> <span class='ocrx_word' id='word_1_238' title='bbox 1032 3823 1130 3943; x_wconf 81' lang='grc' dir='ltr'><strong><em>δόξης</em></strong></span> <span class='ocrx_word' id='word_1_239' title='bbox 1152 3821 1283 3911; x_wconf 86' lang='grc' dir='ltr'><strong><em>ὁμολο-</em></strong></span> 
     </span>
    </p>

    <p class='ocr_par' dir='ltr' id='par_1_7' title="bbox 214 3915 1310 4301">
     <span class='ocr_line' id='line_1_31' title="bbox 214 3915 1283 4014; baseline 0.006 -28"><span class='ocrx_word' id='word_1_240' title='bbox 214 3923 371 4004; x_wconf 72' lang='grc' dir='ltr'><strong><em>ευγοῦμεν</em></strong></span> <span class='ocrx_word' id='word_1_241' title='bbox 392 3921 446 3985; x_wconf 83' lang='grc' dir='ltr'><strong><em>καί</em></strong></span> <span class='ocrx_word' id='word_1_242' title='bbox 470 3915 570 4007; x_wconf 78' lang='grc' dir='ltr'><strong><em>αὐτὴν</em></strong></span> <span class='ocrx_word' id='word_1_243' title='bbox 591 3920 649 4007; x_wconf 82' lang='grc' dir='ltr'><strong><em>την</em></strong></span> <span class='ocrx_word' id='word_1_244' title='bbox 670 3920 826 4004; x_wconf 81' lang='grc' dir='ltr'><strong><em>ένσαρκυν</em></strong></span> <span class='ocrx_word' id='word_1_245' title='bbox 841 3927 1044 4004; x_wconf 87' lang='grc' dir='ltr'><strong><em>παρουσίαν·</em></strong></span> <span class='ocrx_word' id='word_1_246' title='bbox 1067 3918 1106 3987; x_wconf 87' lang='grc' dir='ltr'><strong><em>ού</em></strong></span> <span class='ocrx_word' id='word_1_247' title='bbox 1121 3921 1187 4009; x_wconf 81' lang='grc' dir='ltr'><strong><em>γὰρ</em></strong></span> <span class='ocrx_word' id='word_1_248' title='bbox 1204 3926 1283 4014; x_wconf 77' lang='grc' dir='ltr'><strong><em>διη-</em></strong></span> 
     </span>
     <span class='ocr_line' id='line_1_32' title="bbox 253 4011 1281 4112; baseline 0.01 -32"><span class='ocrx_word' id='word_1_249' title='bbox 253 4040 349 4101; x_wconf 88' lang='grc' dir='ltr'><strong><em>ρηται</em></strong></span> <span class='ocrx_word' id='word_1_250' title='bbox 378 4011 447 4083; x_wconf 82' lang='grc' dir='ltr'><strong><em>ἀπὸ</em></strong></span> <span class='ocrx_word' id='word_1_251' title='bbox 479 4041 537 4103; x_wconf 87' lang='grc' dir='ltr'><strong><em>της</em></strong></span> <span class='ocrx_word' id='word_1_252' title='bbox 567 4012 772 4102; x_wconf 66' lang='grc' dir='ltr'><strong><em>θεότητος“</em></strong></span> <span class='ocrx_word' id='word_1_253' title='bbox 754 4043 773 4103; x_wconf 93' lang='grc' dir='ltr'><strong><em>η</em></strong></span> <span class='ocrx_word' id='word_1_254' title='bbox 808 4018 965 4103; x_wconf 81' lang='grc' dir='ltr'><strong><em>ένοαρκος</em></strong></span> <span class='ocrx_word' id='word_1_255' title='bbox 993 4027 1182 4103; x_wconf 87' lang='grc' dir='ltr'><strong><em>παρουσία,</em></strong></span> <span class='ocrx_word' id='word_1_256' title='bbox 1218 4028 1281 4112; x_wconf 78' lang='grc' dir='ltr'><strong><em>τῆς</em></strong></span> 
     </span>
     <span class='ocr_line' id='line_1_33' title="bbox 253 4108 1282 4201; baseline 0.014 -25"><span class='ocrx_word' id='word_1_257' title='bbox 253 4110 389 4198; x_wconf 80' lang='grc' dir='ltr'><strong><em>ένόοτης</em></strong></span> <span class='ocrx_word' id='word_1_258' title='bbox 411 4110 608 4192; x_wconf 81' lang='grc' dir='ltr'><strong><em>ὑποθέσεως</em></strong></span> <span class='ocrx_word' id='word_1_259' title='bbox 624 4108 765 4198; x_wconf 81' lang='grc' dir='ltr'><strong><em>εὐλόγως</em></strong></span> <span class='ocrx_word' id='word_1_260' title='bbox 782 4121 968 4201; x_wconf 86' lang='grc' dir='ltr'><strong><em>νοουμένης,</em></strong></span> <span class='ocrx_word' id='word_1_261' title='bbox 991 4122 1046 4183; x_wconf 81' lang='grc' dir='ltr'><strong><em>καί</em></strong></span> <span class='ocrx_word' id='word_1_262' title='bbox 1061 4116 1170 4185; x_wconf 81' lang='grc' dir='ltr'><strong><em>ἰπὶ</em></strong></span> <span class='ocrx_word' id='word_1_263' title='bbox 1134 4141 1177 4185; x_wconf 90' lang='grc' dir='ltr'><strong><em>το</em></strong></span> <span class='ocrx_word' id='word_1_264' title='bbox 1193 4116 1282 4190; x_wconf 86' lang='grc' dir='ltr'><strong><em>αύτό</em></strong></span> 
     </span>
     <span class='ocr_line' id='line_1_34' title="bbox 250 4208 1310 4301; baseline 0.018 -31"><span class='ocrx_word' id='word_1_265' title='bbox 250 4230 308 4290; x_wconf 88' lang='grc' dir='ltr'><strong><em>της</em></strong></span> <span class='ocrx_word' id='word_1_266' title='bbox 330 4208 440 4294; x_wconf 86' lang='grc' dir='ltr'><strong><em>πόσης</em></strong></span> <span class='ocrx_word' id='word_1_267' title='bbox 462 4217 689 4297; x_wconf 84' lang='grc' dir='ltr'><strong><em>πραγματείας</em></strong></span> <span class='ocrx_word' id='word_1_268' title='bbox 717 4210 765 4288; x_wconf 81' lang='grc' dir='ltr'><strong><em>εἰς</em></strong></span> <span class='ocrx_word' id='word_1_269' title='bbox 791 4219 870 4295; x_wconf 89' lang='grc' dir='ltr'><strong><em>μίαν</em></strong></span> <span class='ocrx_word' id='word_1_270' title='bbox 893 4212 1084 4298; x_wconf 88' lang='grc' dir='ltr'><strong><em>οἰκονομίαν</em></strong></span> <span class='ocrx_word' id='word_1_271' title='bbox 1114 4217 1169 4283; x_wconf 77' lang='grc' dir='ltr'><strong><em>καί</em></strong></span> <span class='ocrx_word' id='word_1_272' title='bbox 1193 4225 1310 4301; x_wconf 83' lang='grc' dir='ltr'><strong><em>μίανο</em></strong></span> 
     </span>
    </p>
   </div>
   <div class='ocr_carea' id='block_1_3' title="bbox 464 4448 680 4632">
    <p class='ocr_par' dir='ltr' id='par_1_8' title="bbox 464 4448 680 4632">
     <span class='ocr_line' id='line_1_35' title="bbox 464 4448 680 4632; baseline 0.005 -1"><span class='ocrx_word' id='word_1_273' title='bbox 464 4448 680 4632; x_wconf 67' lang='grc' dir='ltr'>Λ</span> 
     </span>
    </p>
   </div>
   <div class='ocr_carea' id='block_1_4' title="bbox 0 0 1438 5084">
    <p class='ocr_par' dir='ltr' id='par_1_9' title="bbox 0 0 1438 5084">
     <span class='ocr_line' id='line_1_36' title="bbox 0 0 1438 5084; baseline 0 6"><span class='ocrx_word' id='word_1_274' title='bbox 0 0 1438 5084; x_wconf 95' lang='lat' dir='ltr'><strong><em> </em></strong></span> 
     </span>
    </p>
   </div>
  </div>
 </body>
</html>
