2867 5084
937 558 950 573 U

585 1004 680 1058 ικνι.
698 1006 911 1077 mmmm„
1213 995 1255 1059 97

234 1164 348 1242 θησαν
370 1154 429 1240 τήν
452 1154 618 1234 διάνοιαν,
650 1153 695 1235 ὡς
716 1160 770 1222 καὶ
794 1157 827 1224 ἐν
850 1154 939 1245 ἄλλην
962 1158 1057 1246 τόπῳ
1081 1162 1168 1248 λέγει
1191 1149 1257 1227 “on

201 1248 254 1319 ⁰5
283 1252 368 1332 θεὸς
395 1248 414 1339 ή
445 1255 570 1333 κοιλία,
599 1257 652 1320 καὶ
682 1249 699 1340 ή
731 1255 813 1334 δόξα
839 1255 873 1321 ἐν
898 1260 938 1344 τῇ
961 1257 1095 1346 αἰσχύνῃ
1120 1254 1256 1326 αότῶν”.

234 1350 290 1418 καὶ
315 1346 334 1415 5
355 1350 467 1435 κύριος
489 1351 522 1418 ίν
544 1354 591 1437 τῷ
615 1346 790 1439 εὐαγγελίῳ
804 1348 862 1418 “οά
879 1353 1027 1423 δύνασθε
1042 1357 1117 1424 δυσὶ
1132 1363 1257 1441 κυρίοις

234 1447 423 1515 δουλεύειν”
447 1455 557 1535 φησίν.
590 1444 660 1516 εἶτα
680 1450 766 1533 μετὰ
787 1451 906 1531 πολλὰ,
931 1440 989 1519 ίνά
1008 1454 1096 1542 δείξῃ
1112 1462 1199 1534 τίνες
1211 1454 1258 1522 εί-

234 1549 290 1613 σίν
315 1546 348 1612 οἱ
370 1545 429 1613 δύο
451 1546 573 1631 κύριοι,
605 1549 706 1634 φησίν
730 1545 789 1614 “ού
813 1549 961 1616 δύνασθε
982 1555 1055 1637 θεῷ
1089 1551 1280 1620 δουλεύεινο

231 1647 290 1711 καὶ
313 1646 481 1729 μσμωνᾷ”.
512 1642 578 1729 άρα
600 1634 657 1710 οὖν
681 1641 698 1710 5
721 1645 803 1724 θεὸς
825 1645 907 1725 θεὸς
928 1650 982 1714 καί
998 1655 1159 1732 μαμιονᾶς
1175 1650 1257 1730 θεὸς

230 1744 293 1807 τοῦ
316 1741 451 1824 κόσμου.
482 1742 539 1809 διὰ
559 1742 620 1827 γάρ
642 1746 701 1809 τοῦ
723 1748 865 1827 μαμωνᾶ
887 1748 941 1812 καὶ
962 1748 1021 1831 τής
1042 1749 1169 1826 κοιλίας
1189 1750 1256 1814 τῶν

230 1838 293 1906 δύο
321 1838 447 1905 τούτων
475 1836 493 1925 ή
516 1841 655 1925 πλείστη
680 1840 781 1927 φύσις
802 1846 868 1908 τῶν
890 1839 1083 1928 ἀνθρώπων
1106 1844 1254 1932 τυφλώτ-

229 1964 285 2004 τει
309 1937 532 2023 δελεαζομένη,
556 1932 614 2019 οὐχ
638 1933 703 2004 ὑπὸ
725 1942 809 2006 θεοῦ
832 1942 980 2025 λαβοῦσα
997 1943 1056 2029 τήν
1071 1942 1254 2031 πρόφασιν,

232 2030 323 2102 ἀλλὰ
344 2034 401 2101 διὰ
422 2037 479 2119 τής
501 2034 589 2113 ἰδίας
610 2045 859 2124 κακομηχανίας,
883 2034 928 2116 ὡς
951 2040 1087 2119 ἕκαστος
1102 2036 1257 2126 όρεχόμε-
1267 2053 1296 2105 10

183 2155 294 2213 ιοονος
321 2131 380 2199 ἐπὶ
407 2135 446 2218 τῇ
475 2126 617 2219 άπιστίᾳ
650 2134 767 2200 ἑαυτὸν
799 2137 1031 2220 παραδίδωσιν
1065 2133 1256 2223 ὑποχείριον

228 2230 380 2299 πάντων.
426 2225 508 2297 ὅθεν
535 2233 588 2297 καί
619 2227 637 2295 5
666 2226 857 2311 ἀπόστολος
884 2235 971 2317 λέγει
997 2235 1091 2317 “ῥίζα
1121 2235 1256 2302 πάντων

230 2332 302 2395 τῶν
330 2331 436 2395 κακῶν
464 2326 554 2395 ἐστιν
576 2323 595 2412 ή
620 2330 850 2414 φιλαρχορία”.
895 2336 949 2396 καί
972 2330 1028 2397 διὰ
1051 2334 1149 2397 τοῦτο
1172 2331 1256 2397 ε’πα-

231 2430 338 2513 ρᾶται
364 2429 443 2511 κακῇ
472 2425 643 2512 προλήψει
670 2432 852 2504 θεοποιίας
880 2429 982 2513 λέγων
1013 2428 1074 2495 ’τὰ
1095 2427 1256 2512 βρώματα

234 2525 278 2608 τῇ
303 2524 410 2610 κοιλίᾳ
431 2526 485 2589 καὶ
509 2518 526 2607 ή
550 2524 660 2589 κοιλία
680 2534 753 2601 τοῖς
774 2522 963 2608 βρώμασιν,
998 2520 1016 2590 5
1039 2526 1074 2592 δὲ
1097 2526 1179 2605 θεὸς
1200 2530 1256 2595 καὶ
1268 2539 1296 2591 ¹5

234 2619 360 2707 ταύτην
385 2623 440 2687 καὶ
473 2625 576 2688 ταῦτα
609 2621 835 2707 καταργήσει,”
869 2620 1082 2707 ίπαριύμενος
1113 2624 1256 2710 γαστρὸς

232 2719 446 2802 ἐπιθυμίαις.
479 2714 496 2783 5
519 2717 601 2797 θεὸς
616 2726 726 2786 τοίνυν
742 2723 801 2785 τοῦ
817 2720 937 2799 αίιῦνος
951 2721 1069 2787 τούτου
1085 2721 1256 2809 ἐτύφλωσε

230 2816 275 2884 τὰ
297 2815 446 2903 νοήματα
467 2819 533 2883 τῶν
556 2812 717 2897 άπίστων,
742 2814 786 2897 ιύς
808 2820 862 2885 καὶ
885 2819 919 2886 δν
941 2822 988 2904 τῷ
1011 2813 1186 2907 εύαγχελίην
1202 2817 1255 2887 εύ-

229 2921 383 3000 ρίσκεται
405 2909 423 2979 5
445 2913 653 3000 γραμματεύς
675 2918 809 3000 πρῶτος
830 2919 884 2983 καὶ
907 2916 1057 3001 δεύτερος
1080 2920 1181 3003 λέγων
1202 2924 1255 2984 “vl

229 3012 382 3099 ποιήσας
403 3011 488 3099 ζωήν
511 3012 646 3078 αἰώνιον
668 3013 921 3099 κληρονομήσας
955 3009 973 3078 5
1002 3016 1038 3080 δὲ
1067 3016 1146 3102 ἔφη·
1175 3022 1295 3099 τίμαιο

201 3110 290 3177 οτὸν
313 3115 445 3195 πατέρα
466 3112 520 3176 καὶ
543 3110 601 3195 τήν
622 3116 747 3195 μητέρα
768 3110 851 3177 κατὰ
872 3110 911 3176 τὸ
932 3116 1182 3196 χεχραμμένον”.
1215 3107 1255 3177 ού
1291 3182 1302 3203 Ι,

230 3208 295 3293 γὰρ
318 3197 357 3293 ἦν
381 3201 540 3291 άλλότρια
561 3207 603 3273 τὰ
624 3210 683 3273 τοῦ
706 3209 818 3291 νόμου.
850 3204 1008 3286 ὡσαύτως
1031 3204 1048 3273 5
1071 3208 1182 3290 κύριος
1206 3208 1258 3273 δι·

229 3306 349 3373 δάοκει
372 3305 457 3393 ζωῆς
483 3307 700 3390 κληρονομίαν
735 3301 820 3373 εἶναι
851 3306 909 3394 τήν
932 3305 1174 3392 παρσφυλακήν
1196 3307 1256 3370 τοῦ

229 3402 347 3488 νόμου.
394 3396 465 3469 εἶτά
494 3425 578 3490 φησι
601 3407 726 3469 “ταῦτα
747 3403 858 3470 πάντα
880 3404 1025 3491 ἐποίησα
1047 3403 1082 3469 ίκ
1104 3401 1257 3488 νεότητός

228 3504 326 3586 μου”.
370 3502 424 3566 καὶ
454 3495 596 3579 άκούσας
626 3501 740 3588 ἐχάρη,
770 3502 826 3568 ἵνα
848 3503 935 3588 δείξῃ
959 3502 1019 3579 τὰς
1041 3499 1177 3577 ἐντολὰς
1198 3501 1256 3564 τοῦ
1264 3510 1295 3565 2⁶

229 3599 338 3682 νόμου
367 3592 426 3664 οὐκ
448 3591 623 3683 ἀλλοτρίας
644 3603 703 3687 τῆς
725 3594 825 3666 αύτοῦ
848 3599 1011 3686 θεότητος
1032 3593 1255 3680 ὑπαρχούσας.

230 3696 292 3763 διὰ
312 3692 374 3781 γάρ
397 3698 455 3759 τοῦ
479 3696 585 3764 εἰπεῖν
609 3692 663 3762 ὅτι
684 3696 781 3783 ἐχάρη
805 3696 1049 3784 συγκατάθεσιν
1073 3691 1256 3778 ἐποιήσατο

228 3794 383 3871 παλαιᾶς
406 3792 569 3880 διαθήκης
586 3793 676 3879 πρὸς
698 3801 773 3862 νέαν
796 3796 969 3882 διαθήκην.
1001 3789 1087 3859 ἀλλά
1110 3811 1195 3878 φησι
1205 3796 1258 3857 “τί

230 3892 284 3961 ἔτι
315 3884 479 3975 ύστεριῦ”,·
506 3897 563 3958 καί
585 3915 669 3979 φησι
690 3893 776 3978 πρὸς
798 3888 898 3959 αὐτὸν
922 3891 973 3959 “εί
995 3890 1112 3966 θέλεις
1134 3888 1257 3967 τέλειος

229 3993 403 4077 γενέσθαι,
426 3986 584 4075 πώλησον
603 3990 645 4056 τὰ
660 3984 850 4074 ὑπάρχοντά
866 4013 931 4068 σοι,
955 3989 1012 4054 καλ
1028 3984 1087 4063 δὸς
1100 3996 1294 4068 πταιχοῖς,1

200 4090 287 4157 cmi
309 4085 392 4170 λάβε
413 4083 471 4152 τὸν
493 4085 635 4171 σταυρόν
650 4111 721 4166 σου,
745 4091 799 4153 καλ
814 4081 999 4154 άκολοάθει
1012 4106 1082 4167 μοι,
1105 4080 1161 4149 καὶ
1175 4082 1256 4163 ἕξεις

231 4183 408 4275 θησαυρὸν
420 4182 455 4251 ἐν
467 4175 629 4267 ούρανοῖς.
653 4181 672 4251 5
689 4186 727 4253 δὲ
743 4180 880 4269 ἀπῆλθε
893 4179 1113 4265 λυπούμενος.
1143 4168 1182 4268 ήν
1194 4181 1254 4268 γὰρ

229 4279 565 4369 πλούσιοςσφόδρα”.
596 4277 668 4351 εἶτα
682 4277 701 4350 5
715 4280 829 4368 κύριος
845 4280 908 4367 ἔφη
922 4272 1170 4365 ’κάκοπιάτιρόν
1184 4276 1256 4346 ἐστι

280 4385 429 4442 Epiphanius.
449 4381 487 4426 ΙΙΙ.
