2867 5084
201 837 266 901 918
284 857 305 875 '
607 848 699 900 tuuux
717 848 828 900 usuutt.

238 1006 298 1054 chae
319 1001 394 1053 lida.
420 1000 527 1063 Apostoli
546 1014 595 1064 quo
614 1000 698 1050 ordine
716 1001 837 1051 luerouta
848 1000 945 1050 Christo
962 1002 1044 1052 vocati
1061 1000 1145 1052 dd'la.
1171 1005 1226 1066 ipo

239 1072 356 1122 stolorum
375 1068 461 1118 electio
481 1076 504 1116 et
524 1070 673 1119 enumeratio
692 1070 724 1118 50
733 1084 753 1118 c.
765 1069 787 1117 d.

204 1139 402 1205 Apostolicorum
416 1137 523 1184 haeresis
542 1137 598 1185 itui.
617 1145 671 1199 post
681 1137 890 1186 Christianismum
909 1136 990 1187 abab.
1027 1137 1103 1187 iidem
1123 1139 1224 1187 dicuntur

239 1205 372 1270 lpotactici
390 1206 405 1253 i.
413 1219 434 1252 c.
454 1205 636 1253 renunciatores
655 1216 678 1253 ct
696 1219 740 1253 cur
759 1203 838 1254 soon.
867 1205 987 1268 lquibus
1001 1207 1049 1254 orti
1070 1204 1151 1255 aoso.
1183 1211 1223 1254 hu·

239 1276 311 1323 dreae
334 1287 361 1322 ac
380 1272 485 1321 Thomsc
509 1272 569 1320 actis
587 1273 718 1323 adhaerent
737 1273 816 1322 soon.
861 1273 961 1335 Nuptias
987 1274 1129 1337 improbant
1152 1274 1220 1323 atui.

239 1343 283 1392 llhi
304 1342 412 1389 habitent
429 1340 477 1388 507
488 1340 510 1388 b.

205 1411 288 1472 Aquae
307 1408 447 1457 benedictae
466 1422 493 1456 ac
512 1422 584 1457 cruce
603 1408 709 1468 signatae
727 1406 761 1454 vis
784 1405 858 1457 tata.

204 1478 301 1526 Arbitrii
320 1477 417 1525 libertas
435 1476 523 1537 cuique
543 1482 580 1523 est
598 1488 714 1523 concessa
733 1474 813 1524 otoo.

205 1547 280 1594 Areae
300 1543 446 1592 Neomiticac
465 1543 528 1605 apud
548 1543 682 1605 Gordyaeos
701 1541 818 1603 reliquiae
835 1549 970 1590 asservatae
991 1541 1054 1592 ase.

205 1612 403 1661 lrclronticorum
424 1612 529 1658 haeresis
548 1610 586 1658 llll
605 1618 659 1671 post
673 1609 849 1659 Christianismi
868 1616 947 1658 ortum
966 1610 1048 1659 autu.
1086 1611 1132 1661 Ubi
1150 1624 1219 1673 prose-

238 1682 327 1730 minuta
345 1679 417 1727 luerit
434 1677 511 1727 seta.
556 1678 585 1726 Et
601 1680 631 1727 ab
649 1677 749 1726 Eutaeto
768 1678 815 1725 sinc
839 1678 920 1739 potius
938 1678 1025 1727 ltacto
1044 1678 1150 1741 quodam
1175 1691 1218 1725 ana·

238 1751 337 1797 choreis
355 1754 483 1807 propagata
501 1745 581 1794 29lb.
616 1745 754 1795 Archontici
780 1745 924 1807 apocryphis
942 1745 1013 1794 libris
1033 1755 1135 1794 utuntur
1153 1745 1218 1795 satu.

239 1816 326 1864 Eorum
345 1814 456 1874 dogmata
474 1813 555 1863 aaut.
595 1814 704 1876 corporis
724 1821 808 1874 negant
827 1813 1044 1872 resurrectionem,
1068 1816 1163 1863 animae
1179 1828 1219 1862 cre·

239 1883 299 1930 dunt
317 1881 397 1930 292d.
425 1880 513 1929 Eorum
532 1881 611 1929 labala
630 1883 660 1930 dc
678 1895 808 1942 congressu
823 1880 977 1930 diabolicum
989 1881 1035 1930 Era
1053 1881 1138 1931 295b
1166 1882 1218 1938 Quos

240 1948 370 2011 Prophetas
394 1949 537 2010 profitentur
561 1946 641 1997 illd.
689 1949 802 1998 haeresis
825 1948 1029 1998 hrclrouticorum
1055 1962 1085 1999 ex
1109 1949 1217 2011 multiplici

240 2018 351 2077 anguium
371 2015 470 2063 colluvie
490 2017 593 2063 conflata
612 2016 692 2065 asab.

204 2085 285 2133 Ariani
304 2091 327 2131 et
346 2084 487 2131 hmanorum
507 2084 613 2132 haeresis
634 2085 701 2133 xutlt
719 2085 767 2132 site
787 2082 853 2133 bittit
872 2084 952 2132 'll'lb
984 2085 1054 2134 Unde
1074 2084 1187 2134 oriundus
1201 2091 1218 2130 et

239 2151 361 2216 quomodo
379 2163 393 2198 a
411 2150 458 2198 lado
477 2151 621 2200 aberraverit
638 2153 669 2200 ib.
681 2167 702 2200 c.
739 2153 788 2200 Sub
807 2166 855 2215 quo
869 2152 977 2200 floruerit
997 2153 1147 2215 imperatore
1165 2151 1218 2200 ibd.

239 2220 297 2270 Eius
315 2233 394 2267 mores
410 2227 433 2266 ct
452 2220 547 2267 habitus
567 2219 644 2269 titia.
681 2220 804 2278 Detegitur
821 2234 834 2268 a
854 2219 948 2268 llcletio
965 2219 1101 2269 Thebaidis
1114 2221 1217 2283 Episcopo

240 2290 305 2337 ih.b.
333 2287 557 2336 Escommuuicotur
575 2302 629 2335 cum
648 2288 699 2336 suis
718 2288 878 2336 sectatoribus
896 2287 958 2335 ib.d.
990 2288 1138 2338 Alexandria
1155 2289 1218 2337 disce·

240 2356 297 2404 dere
315 2356 410 2404 iubetur
429 2356 460 2404 ib.
496 2356 583 2403 ldultos
601 2355 625 2403 in
643 2355 751 2404 fraudem
770 2355 862 2404 inducit
879 2355 958 2404 tata.
988 2357 1059 2416 Fugit
1078 2358 1103 2405 in
1122 2355 1218 2405 Palaesti-

239 2437 293 2472 nam
312 2424 344 2472 ih.
380 2421 514 2471 Alexander
532 2422 666 2486 Episcopus
684 2423 800 2486 epistolas
818 2424 951 2486 encyclicas
970 2424 1002 2472 ad
1014 2424 1150 2487 Episcopus
1167 2422 1218 2472 inisti

240 2492 304 2539 ibb.
342 2491 405 2547 Quot
424 2505 525 2539 nurnero
543 2490 632 2540 luerint
650 2491 681 2540 ib.
708 2492 757 2540 Arii
775 2491 881 2539 lautores
899 2505 1005 2554 quorum
1026 2493 1139 2554 princeps
1157 2491 1218 2540 Euse-

240 2559 293 2607 bius
312 2558 466 2607 Nicomediae
485 2559 618 2621 Episcopus
637 2559 668 2607 ib.
683 2559 706 2607 d.
738 2560 786 2608 Arii
806 2558 910 2619 Epistola
929 2574 976 2621 quo
997 2574 1069 2608 suum
1089 2562 1172 2619 dopna
1188 2573 1217 2605 cz-

239 2627 310 2688 plicat
329 2626 407 2674 lilla.
443 2627 493 2675 Alia
512 2627 614 2688 epistola
633 2627 742 2675 eiusdem
760 2627 790 2676 ad
808 2625 966 2675 Alexandrum
986 2627 1067 2676 asae.
1102 2629 1150 2677 Sed
1168 2627 1216 2675 Cou-

239 2696 359 2743 stantiuus
372 2695 516 2757 encyclicam
527 2694 658 2756 Epistulam
677 2696 775 2757 scripsit
792 2701 874 2743 contra
892 2695 974 2743 Arium
995 2694 1080 2744 idib.
1108 2697 1215 2744 unimus

239 2761 316 2810 tosa.
343 2762 448 2809 Nicaena
466 2762 576 2824 synodus
595 2771 678 2810 contra
687 2763 788 2811 arianos
805 2763 837 2810 ib.
847 2776 868 2810 c.
903 2761 1000 2818 Quibus
1017 2764 1153 2825 scripturae
1170 2762 1215 2810 locis

238 2842 344 2876 errorem
363 2843 433 2877 saturn
452 2832 604 2878 conlirmarct
622 2830 672 2879 tao
684 2844 704 2878 c.
741 2831 882 2878 Asianorum
900 2830 1011 2878 haeresis
1031 2845 1075 2878 cur
1094 2845 1107 2879 a
1127 2832 1174 2879 ileo
1190 2839 1215 2876 to

237 2895 310 2943 lerata
330 2895 408 2943 'ld-la.
450 2895 537 2944 Eorum
562 2898 668 2946 lautores
690 2897 811 2960 principes
830 2898 861 2945 ib.
901 2898 1047 2946 orianorum
1066 2898 1133 2947 lrans
1152 2897 1214 2945 ihhc.

238 2961 325 3011 Eorum
344 2964 519 3011 firmamentum
539 2965 602 3012 iba.
635 2965 722 3013 Eorum
741 2965 888 3027 blasphemis
907 2964 937 3013 de
955 2964 1007 3014 illio
1027 2966 1071 3014 Dei
1091 2966 1153 3015 tud.
1182 2965 1214 3012 [t-

237 3031 316 3093 ptiosa
342 3030 419 3079 oratio
444 3029 528 3078 tatic.
570 3031 627 3079 Eius
651 3033 762 3081 relutatio
787 3032 867 3081 taut.
908 3033 1055 3083 suanorum
1079 3034 1214 3083 obiectiours

237 3099 346 3148 atauo
382 3099 489 3147 hulmum
509 3099 636 3147 humanam
656 3099 781 3148 detrahunt
802 3101 897 3149 Christo
916 3100 995 3149 lton.
1042 3102 1123 3150 Ariani
1143 3101 1215 3150 (latio

237 3166 297 3215 licos
316 3174 340 3215 et
357 3168 434 3215 serbis
453 3174 475 3215 et
494 3168 566 3215 armis
579 3176 757 3229 persequuntur
776 3167 856 3217 885d.
886 3169 935 3216 urit
955 3183 1022 3217 mors
1042 3170 1145 3232 prodigii
1162 3167 1214 3217 sini·

236 3234 265 3282 lis
284 3243 308 3282 et
325 3250 338 3282 a
357 3237 407 3283 lloo
426 3236 449 3283 in
470 3235 584 3283 ultionem
603 3237 709 3283 immissa
729 3235 778 3284 '122
787 3236 809 3284 b.
851 3237 993 3284 brianonum
1013 3239 1094 3286 variae
1113 3238 1215 3285 obiectio

237 3316 280 3349 nes
299 3303 374 3363 prima
393 3310 429 3350 est
448 3303 477 3350 de
496 3303 547 3350 solo
566 3309 589 3350 et
607 3317 661 3351 tero
680 3304 730 3350 lleo
749 3303 830 3352 istd.
860 3304 895 3351 llo
913 3302 962 3351 ulio
981 3312 1066 3354 creato
1087 3304 1167 3354 thb.
1191 3302 1215 3350 Es

236 3368 333 3417 loannis
354 3370 374 3417 l.
389 3370 467 3432 capite
485 3369 565 3419 hh‘lb.
601 3369 629 3418 Et
647 3371 699 3418 eins
717 3371 805 3420 solutio
825 3370 873 3420 toa
883 3386 905 3420 a.
934 3371 966 3420 Ex
984 3372 1083 3421 actibus
1101 3371 1215 3435 Apostolo

236 3449 289 3483 rum
313 3436 393 3484 ibid.
436 3438 467 3485 Ex
498 3438 607 3486 Matthaei
638 3437 770 3502 Evangelio:
788 3438 866 3487 tosa.
913 3437 945 3487 En
976 3437 1074 3488 loannis
1104 3439 1215 3500 Evangelio

237 3503 398 3550 demittente
423 3505 513 3553 maiore
538 3506 620 3554 missio
639 3507 752 3555 ttaoc.
794 3506 851 3554 Eius
870 3507 998 3567 responsio
1018 3507 1132 3556 thuan.
1168 3509 1215 3555 ltcm

236 3570 394 3619 demittente
418 3572 528 3620 dissimili
551 3587 564 3621 a
590 3576 664 3621 ruisso
689 3574 786 3623 ib.c.d.
828 3573 860 3622 Er
885 3574 981 3623 loannis
1002 3574 1044 3624 20.
1063 3578 1151 3637 capite,
1177 3585 1214 3636 quo

236 3638 346 3687 Christus
365 3638 422 3687 dicit
440 3640 514 3688 ileum
542 3655 621 3689 metim
641 3642 718 3690 llic,
759 3641 899 3690 brianonum
924 3647 990 3690 secta
1017 3643 1041 3690 iu
1068 3651 1120 3692 tres
1142 3642 1215 3691 tactio·

236 3721 279 3755 nes
297 3706 370 3755 diuisa
388 3706 468 3757 otoo.
506 3708 536 3756 Er
561 3710 590 3756 iis
609 3709 650 3771 qui
668 3708 756 3757 luerint
781 3710 868 3758 occulti
888 3711 1006 3768 lingentes
1025 3724 1128 3759 ecesse
1147 3711 1214 3759 ortho

236 3775 311 3823 doxos
335 3775 414 3824 S'lla.
459 3775 526 3832 Quae
550 3775 622 3823 luerit
648 3790 732 3824 eorum
750 3777 811 3824 lldes
830 3777 870 3839 qui
892 3777 1020 3826 Seleuciae
1047 3777 1146 3827 luerunt
1169 3790 1215 3826 coo

235 3843 322 3903 gregati
342 3843 403 3892 ib.c.
445 3843 524 3891 Ariani
544 3843 669 3905 epistolam
692 3845 722 3892 sd
739 3845 862 3893 llebraeos
880 3845 1024 3893 reiicieboot
1042 3845 1123 3896 suus
1159 3846 1215 3895 hria-

235 3924 321 3959 norum
339 3911 444 3959 obiectio
463 3925 489 3959 cx
509 3910 517 3958 l
537 3911 645 3959 Corinth.
664 3912 704 3959 uhi
724 3911 753 3961 de
780 3919 930 3962 mortuorum
947 3914 1132 3963 resurrectione
1149 3915 1214 3974 agitur

235 3977 315 4027 teau.
352 3980 408 4028 Eius
426 3979 514 4027 solutio
534 3979 612 4029 tatto.
632 3986 655 4027 et
673 3979 902 4034 aususausus.
945 3981 1037 4030 lterum
1056 3981 1102 4030 alia
1121 3980 1213 4030 obiectio

235 4059 261 4093 en
281 4046 376 4095 loannis
394 4049 478 4110 quinto
498 4049 582 4109 capite,
602 4053 626 4096 et
644 4047 696 4096 cius
714 4047 826 4097 refutatio
845 4047 894 4097 803
902 4062 924 4099 c.
933 4049 956 4097 d.
988 4050 1072 4098 Ariani
1091 4049 1214 4099 lle-braicos

235 4112 329 4175 liuprae
348 4115 430 4177 ignari,
455 4116 524 4164 cuius
541 4129 624 4164 vocum
642 4116 676 4164 ais
694 4115 851 4177 expendenda
869 4115 950 4165 luidb.
988 4117 1072 4166 unani
1091 4119 1214 4167 relutautur
