2867 5084
547 980 669 1034 mm.
687 985 882 1036 Αυοωοιοτ.
1166 977 1230 1043 373

201 1129 467 1216 ἐστρατεύσαντο
491 1128 575 1217 ὑπὲρ
598 1134 727 1213 πάντας
748 1134 825 1214 τοὺς
846 1134 914 1221 πρὸ
932 1130 1040 1203 αὐτῶν
1054 1140 1231 1225 γεγονότας

198 1230 423 1315 βλασφήμους
446 1230 493 1308 εἰς
515 1231 597 1298 θεὸν
626 1235 678 1299 καί
708 1232 766 1319 την
798 1227 899 1299 αὐτοῦ
928 1241 1053 1301 πίστιν.
1092 1242 1146 1305 καὶ
1175 1234 1231 1305 ὅτε

198 1331 265 1411 μὲν
288 1321 325 1392 οό
350 1327 487 1394 δύναται
510 1324 668 1411 άνόμοως
697 1325 783 1397 εἶναι
805 1325 822 1394 5
846 1330 916 1409 υἱὸς
937 1336 984 1418 τῷ
1007 1338 1120 1419 πατρὶ,
1155 1329 1224 1402 ἀλλ’

202 1420 284 1493 σόδὲ
307 1423 412 1510 τούτῳ
437 1425 685 1510 ἐπερειδόμεναι
707 1430 811 1492 ταῦτα
834 1428 966 1513 ἔφημεν.
1012 1430 1082 1496 ἔστι
1104 1431 1165 1515 γὰρ
1188 1426 1226 1498 οὗ

199 1523 307 1606 μόνον
331 1519 455 1604 ὅμοιος,
480 1519 564 1589 ἀλλὰ
585 1529 638 1590 καὶ
662 1525 745 1603 ἴσος,
773 1525 893 1590 ταυτὸν
915 1529 954 1611 τῇ
978 1527 1124 1614 θεότητι,
1142 1545 1252 1615 γαν-5

199 1619 262 1686 τόν
284 1623 324 1706 τῇ
347 1616 512 1706 όϊδιότητι
533 1624 587 1686 καὶ
611 1623 756 1703 δυνάμει.
801 1625 854 1687 καὶ
884 1617 922 1688 οό
951 1624 1085 1708 λέγομεν
1108 1649 1226 1691 τουτο·

203 1717 335 1794 οὐσιον,
370 1717 424 1783 ἵνα
452 1719 496 1803 μὴ
520 1715 539 1805 ἡ
562 1721 649 1799 λέξις
670 1717 764 1803 παρά
786 1742 855 1785 τισι
878 1723 1032 1808 λεγομένη
1055 1725 1226 1809 Σαβελλίιμ

203 1809 409 1901 ἇπεικασόξη.
445 1817 564 1881 ταυτὸν
589 1818 623 1882 δέ
646 1819 781 1901 λέγομεν
803 1821 842 1903 τῇ
865 1817 1003 1903 θεότητι
1030 1819 1085 1885 καὶ
1108 1823 1156 1906 τῇ.
1171 1814 1227 1885 υό-

185 1919 263 1999 :an
285 1915 338 1977 καὶ
362 1917 401 1999 τῇ
425 1913 561 1996 δυνάμει
583 1914 666 1979 κατὰ
688 1913 798 1980 πάντα
822 1916 895 1981 ἴσον
918 1919 964 2001 τῷ
984 1919 1086 2001 πατρὶ
1109 1918 1226 2003 καὶτῷ

202 2006 287 2096 ἁγίῳ
316 2006 416 2075 αὐτοῦ
445 2010 618 2093 πνεύματι.
664 2007 842 2093 όμοοόσιον
865 2014 901 2079 δὲ
923 2015 1049 2099 φαμὲν,
1087 2009 1132 2091 τός
1161 2015 1226 2096 ἔχει
1237 2029 1266 2079 10

201 2102 221 2194 ἡ
251 2102 331 2192 ἁγία
363 2116 493 2186 πίστις,
532 2110 588 2174 ἵνα
617 2103 687 2175 άπὸ
715 2112 774 2173 τοῦ
807 2104 891 2192 όμοό
920 2113 1038 2196 σαφῶς
1068 2115 1224 2198 σημανθῇ

199 2202 244 2270 τὰ
266 2206 392 2283 τέλεια,
428 2201 480 2271 ὅτι
504 2201 521 2269 5
546 2207 615 2282 υἱός
639 2206 672 2272 ἐκ
694 2205 837 2290 πατρὸς,
872 2209 996 2285 τέλειος
1025 2206 1059 2273 έκ
1086 2209 1223 2287 τελείου,

199 2303 329 2373 τέλειον
352 2303 462 2369 δὲκαὶ
486 2302 524 2368 τό
547 2299 641 2387 ἅγιον
664 2307 804 2386 πνεῦμα.

289 2405 319 2466 8.
348 2393 435 2465 'And
457 2403 537 2482 μιᾶς
559 2400 614 2465 καὶ
643 2403 796 2483 δευτέρας
823 2402 876 2466 καὶ
905 2407 1016 2483 τρίτης
1043 2408 1225 2484 μαρτυρίας

199 2485 297 2565 οὗτοι
326 2496 599 2584 φωραθήσονται.
653 2498 681 2564 εἰ
709 2496 770 2582 γὰρ
806 2493 892 2575 ὅλως
922 2492 1131 2582 ὁμολογεῖται
1161 2493 1264 2564 ὑπἸο

199 2589 302 2663 aino&
332 2601 575 2681 γεγεννημένος,
612 2592 899 2681 όμολογηθησεται
932 2589 1017 2661 εἶναι
1044 2595 1225 2678 ἐπάναγκες

200 2687 321 2778 όμοιος
342 2694 388 2777 τῷ
411 2691 623 2776 γεγεννηκότι.
656 2694 755 2778 δῆλον
778 2694 814 2757 δέ
837 2687 890 2757 ότι
913 2691 946 2757 ἐν
962 2692 1048 2778 λόγῳ
1063 2694 1123 2775 μὲν
1139 2693 1226 2777 λέγει

199 2788 239 2856 τὸ
261 2796 413 2874 γέννημα,
444 2796 564 2871 κτίσμα
587 2792 623 2855 δὲ
646 2792 764 2875 σαφῶς
787 2789 851 2870 ἔχει
873 2813 909 2855 τε
931 2794 983 2856 καὶ
1014 2796 1224 2858 πεπίστευκε.

201 2887 285 2954 κατὰ
306 2886 401 2971 χάριν
424 2888 460 2953 δὲ
482 2889 660 2953 καλεῖσθαι
683 2883 783 2952 αὐτὸν
806 2885 887 2964 υἱὸν,
922 2882 967 2964 ὡς
989 2885 1182 2969 ἐδοκίμασεν
1206 2883 1224 2953 5

185 2981 396 3069 νδριγνώμων
423 2988 490 3049 τῶν
519 2984 725 3067 ἐπουρανίων
754 2986 806 3050 καὶ
836 2983 993 3071 μεριστης
1020 2987 1086 3050 τῶν
1114 2980 1266 3051 &dm-20

201 3088 304 3167 ρέτων
328 3084 380 3147 καὶ
404 3087 588 3166 γεωμέτρης
609 3085 667 3168 τῆς
688 3077 847 3167 ἡμετέρας
878 3081 925 3157 είς
946 3080 1094 3162 Χριστὸν
1118 3104 1225 3165 σωτη·

200 3185 285 3265 ριάς.
325 3179 503 3244 διαπίπτει
526 3179 560 3243 δὲ
585 3174 602 3242 5
625 3179 760 3245 πάντων
782 3177 908 3243 τούτων
931 3176 1036 3258 λόγος,
1068 3180 1133 3240 τῶν
1155 3203 1225 3242 κτι-

201 3275 337 3362 σμάτων
361 3270 460 3341 αὐτόν
483 3275 787 3362 παρεισφερόυτων,
812 3270 857 3351 ὥς
872 3276 925 3338 καὶ
942 3268 960 3337 5
975 3272 1093 3338 τούτου
1109 3283 1225 3339 πεσεῖ·

200 3399 265 3441 ται.
307 3375 389 3452 λέξω
418 3372 479 3457 γὰρ
510 3374 595 3456 πρὸς
623 3368 723 3439 αότόν
746 3368 955 3448 δικαιότατα,
994 3371 1065 3454 λέγε
1091 3393 1166 3453 μοι,
1197 3360 1223 3437 τό

204 3461 310 3549 οὗτος,
340 3477 374 3536 τί
396 3465 436 3536 όν
459 3471 567 3555 λέγοις
589 3470 666 3554 περὶ
694 3473 753 3536 τοῦ
777 3469 849 3534 υίυό
877 3470 936 3533 τοῦ
965 3471 1068 3549 θεοῦ-ς
1104 3475 1265 3550 κτίσμαίὸ

203 3565 302 3637 αότόν
325 3568 480 3654 φάσκεις,
510 3562 710 3653 ἢγέννημας
749 3566 778 3633 εἰ
805 3567 865 3648 μὲν
892 3564 953 3650 γὰρ
982 3572 1101 3648 κτίσμα
1124 3561 1223 3632 αότὸν

202 3667 305 3752 λέγεις
328 3660 423 3745 εἶναι,
454 3671 569 3751 μηκέτι
591 3667 750 3741 πιίίανῶς
778 3662 995 3747 παράκρυπτε
1023 3661 1081 3749 την
1110 3664 1223 3747 λόμην,

185 3756 341 3846 ιίόνόματι
364 3768 506 3847 γέννημα
534 3758 633 3827 αὐτὸν
662 3762 770 3826 καλῶν
798 3763 858 3825 τοῦ
888 3758 1026 3844 πατρός.
1066 3762 1134 3824 πᾶν
1162 3758 1223 3842 γὰρ

202 3859 237 3929 τό
259 3857 394 3927 κτιστὸν
418 3855 455 3925 οὐ
478 3858 639 3945 γεννητὸν,
676 3861 730 3922 καὶ
762 3856 790 3922 εἰ
817 3855 979 3943 γεννητόν,
1015 3851 1053 3922 οὗ
1081 3857 1222 3921 κτιστόν.

203 3956 300 4027 ἔασον
329 3963 439 4022 τοίνυν
469 3956 508 4023 τὸ
535 3957 618 4041 μηδὲ
640 3954 726 4040 λόγῳ
756 3955 860 4039 λέγειν
888 3953 1049 4038 γεννητόν.
1096 3946 1134 4017 υό
1163 3950 1266 4036 γὰρῢθ

202 4059 327 4141 πρέπει
355 4076 412 4119 σοι
445 4048 531 4130 όλως
559 4046 618 4118 κάν
650 4052 697 4119 ἑνί
727 4051 813 4137 λόγῳ
837 4056 950 4135 φέρειν
977 4054 1036 4136 τῆς
1063 4043 1225 4133 άληδείας

202 4150 242 4219 τὰ
263 4149 396 4238 ῥήματα
426 4149 483 4217 έπλ
509 4151 660 4232 χειλέων.
699 4143 783 4215 ἀλλὰ
811 4149 882 4231 λέγε
909 4170 970 4213 σου
1003 4144 1042 4211 τὸ
1071 4149 1139 4211 πᾶν
1167 4148 1225 4233 τῆς
1326 4176 1336 4191 =

201 4247 390 4336 ἐπιβουλῆς,
413 4247 470 4314 ἵνα
490 4245 653 4332 μόίίωμεν
675 4251 727 4325 τίς
749 4240 778 4314 ελ
800 4245 855 4313 καὶ
878 4240 983 4325 σότως
997 4238 1224 4331 ἀποφύγωμεν
