2867 5084
542 958 631 1010 ruam
651 958 762 1010 nanus.
837 947 840 953 '
1100 941 1162 1004 tlt·

175 1119 270 1173 pentem
290 1110 372 1158 colunt
391 1109 471 1158 libb.
514 1110 601 1159 Fabula
620 1125 702 1161 aarum
723 1111 753 1159 de
772 1109 875 1157 lmminis
900 1108 1021 1156 creatione
1047 1116 1068 1155 et
1088 1106 1164 1156 lalds·

174 1179 246 1226 lrautli
265 1177 345 1227 lllb.
357 1193 378 1226 c.
407 1178 437 1225 Er
457 1178 576 1226 intestinis
596 1179 699 1227 bominis
718 1179 837 1240 serpentis
856 1177 1035 1225 similitudinem
1049 1175 1164 1236 colligunt

174 1246 241 1294 ib.d.
277 1246 418 1308 Serpentem
438 1259 499 1307 pane
517 1245 591 1307 alunt,
617 1255 639 1294 et
664 1247 687 1296 iu
712 1247 772 1295 cista
790 1245 929 1294 custodiunt
948 1244 1027 1292 libb.
1064 1244 1163 1305 Opbita·

174 1328 227 1362 ruas
240 1312 353 1362 refutatio
372 1312 451 1362 llld.
475 1313 525 1362 Nec
543 1328 585 1362 eas
603 1328 704 1377 serpens
716 1313 803 1376 Moysis
821 1321 919 1361 excusat
937 1310 986 1360 tta
997 1327 1017 1360 c.
1043 1310 1071 1359 Et
1088 1325 1162 1360 eura

176 1381 257 1443 llogse
275 1388 370 1429 erectus
388 1380 453 1430 ibd.
845 1425 849 1431 .

138 1450 222 1500 oraria
241 1448 416 1497 baereticorum
436 1447 523 1497 blaarla
542 1455 567 1496 et
584 1449 640 1497 luca
659 1449 770 1498 muliebri
788 1447 917 1506 simillima,
936 1446 965 1493 ab
985 1460 1061 1507 earpue
1080 1459 1164 1493 caren-

175 1516 232 1565 tlmn
252 1515 330 1565 ablu.

140 1585 252 1645 angens
272 1583 379 1633 haeresis
396 1597 487 1631 ueneno
506 1584 605 1631 rubetae
624 1590 762 1647 comparata
781 1583 862 1632 tuta.
899 1582 963 1630 ldem
983 1580 1067 1629 similis
1080 1595 1163 1642 arrosa

175 1652 264 1700 dicitur
282 1652 347 1701 ib.d.
384 1650 459 1708 Quam
479 1652 510 1698 sit
529 1650 691 1713 deplorandus
710 1650 790 1699 buta.
836 1651 945 1711 Origeais
964 1649 1165 1701 errar‘relutatm·
1221 1671 1223 1675 ·

175 1720 207 1769 ab
226 1718 358 1783 Epipltanio
376 1717 435 1768 bat.
470 1720 509 1767 bb
524 1731 552 1767 ea
571 1733 611 1768 ser
630 1718 703 1767 millis
723 1719 836 1768 librorum
855 1718 990 1780 conscripta
1009 1717 1074 1766 ib.d.
1111 1719 1164 1768 Ori-

175 1801 250 1849 genes
268 1794 351 1836 censat
369 1794 475 1835 creatum
494 1786 568 1836 illium
588 1786 659 1836 ibid
708 1780 825 1850 γενητὸν
848 1794 871 1834 et
887 1778 1022 1849 γεννητόν
1039 1786 1165 1836 contundit

178 1854 261 1904 satu
298 1856 332 1903 lle
349 1856 527 1903 resurrectione
546 1864 693 1903 mortuarum
714 1856 804 1903 incerta
823 1862 846 1903 et
864 1854 973 1914 ambigua
991 1853 1088 1902 disserit
1106 1854 1165 1904 533.

177 1922 236 1972 534.
265 1921 321 1971 liius
340 1921 449 1985 Epitome
469 1937 495 1970 er
515 1922 634 1970 lletbodia
654 1923 685 1970 ib.
699 1922 721 1972 t.
741 1931 764 1971 et
784 1921 840 1970 535.
869 1936 912 1983 per
930 1929 1020 1969 tutum:
1041 1922 1064 1968 in
1074 1936 1164 1972 resur-

176 1989 285 2040 rectione
304 2004 405 2053 corpora
424 1998 548 2052 resurgent
566 1990 709 2052 perfectiore
728 1990 808 2049 mado,
828 1999 851 2038 et
866 2004 914 2052 qua
930 1989 1055 2038 rationeid
1067 1991 1164 2052 intelligl

176 2059 254 2121 possit
279 2057 357 2108 bdla.
368 2058 390 2107 b.
433 2057 593 2106 similitudine
619 2059 683 2118 grani
709 2058 822 2108 frumenti
847 2057 1024 2106 demonstratur
1049 2056 1098 2106 539
1109 2074 1131 2107 a.
1141 2061 1163 2108 b.

178 2126 376 2187 origenianorum
394 2125 499 2174 abiectio
518 2125 567 2174 553
579 2127 600 2173 b.
643 2126 754 2185 (trigenis
779 2127 897 2174 sententia
921 2125 1077 2174 similitudine
1095 2126 1164 2187 pellis

176 2194 357 2243 accommodata
375 2194 471 2255 corpori
490 2194 568 2242 buta.
580 2195 601 2242 b.
634 2193 744 2254 Origenis
763 2208 830 2242 error
847 2194 909 2241 alias
927 2208 981 2242 cum
1001 2206 1073 2240 carne
1091 2194 1165 2242 desti·

177 2263 211 2311 tui
229 2262 276 2310 rult
295 2261 405 2311 homines
431 2261 454 2310 in
479 2262 671 2322 resurrections,
700 2269 723 2309 et
748 2261 838 2309 similes
862 2260 913 2309 lare
930 2259 1026 2320 Angelis
1049 2260 1100 2310 556
1110 2275 1131 2310 a.
1141 2263 1164 2312 b.

178 2329 289 2391 Origenis
308 2330 415 2378 baeresis
433 2328 499 2378 ttbtv
519 2330 566 2378 sive
584 2330 668 2378 ordine
688 2328 753 2377 llllll
773 2329 852 2378 alle.
878 2328 934 2377 Eius
953 2333 1064 2390 parentes
1082 2338 1106 2378 et
1124 2344 1165 2392 pa·

177 2401 339 2460 tristataque
358 2397 456 2446 historia
475 2397 506 2445 ib.
543 2398 568 2446 ln
589 2398 676 2446 Christi
705 2397 752 2445 llde
776 2398 909 2445 constantia
934 2396 1015 2445 525³.
1052 2394 1165 2446 Eiusdem

177 2466 259 2528 lapsus
278 2465 342 2516 ibb.
379 2465 463 2513 llavult
481 2466 617 2514 sacrificare
636 2465 707 2513 idolis
726 2480 797 2527 otram
817 2474 925 2527 stuprum
944 2463 993 2529 pati
1012 2461 1044 2511 ib.
1054 2463 1076 2511 b.
1108 2465 1166 2516 ttius

178 2533 325 2596 paenitentia
344 2533 376 2581 ib.
388 2548 408 2580 c.
434 2532 468 2581 ab
478 2534 604 2582 Ambrosio
623 2534 711 2581 missus
731 2534 901 2582 commentaria
919 2532 1009 2582 scribit·
1021 2531 1044 2579 in
1063 2534 1167 2597 scripta-

178 2614 229 2650 rum
248 2600 315 2650 ib.d.
350 2600 408 2649 Eius
426 2599 604 2649 lucubrationes
629 2616 656 2648 ac
675 2601 753 2648 studia
771 2604 902 2650 accerrima
927 2616 970 2665 per
987 2599 1028 2649 28.
1047 2615 1123 2650 annos
1141 2603 1165 2652 in

177 2669 238 2732 Tyro
258 2667 339 2718 stab.
376 2667 498 2717 Editiuncs
516 2683 599 2717 sacrae
618 2669 751 2730 scripturae
769 2669 799 2716 ab
818 2683 847 2718 ea
865 2671 974 2732 proditas
992 2668 1023 2716 ib.
1057 2671 1167 2730 tlrigenis

179 2736 298 2785 editiones
317 2742 340 2783 et
358 2736 475 2784 volumina
495 2751 556 2799 quiae
576 2736 679 2798 llerapla
699 2737 908 2786 bituminatae.
945 2737 981 2787 Ob
1000 2736 1097 2785 nimiam
1113 2738 1167 2787 lits-

178 2818 258 2853 rarum
277 2804 370 2866 capiam
391 2803 473 2860 incidit
491 2805 514 2852 in
534 2806 661 2863 baeresim,
682 2804 745 2852 unde
765 2805 914 2865 arigenisrae
933 2807 997 2855 ib.d.
1024 2802 1168 2869 bliiaprio·

179 2871 246 2920 ribus
265 2871 305 2934 qui
325 2871 382 2919 dicti
401 2879 457 2920 sunt
475 2871 537 2921 luedi
558 2870 635 2920 atta.
672 2873 783 2933 Seipsum
803 2874 920 2935 castravit,
944 2875 974 2923 ad
992 2871 1118 2923 illecebras
1135 2875 1168 2924 ri·

179 2939 272 2998 tendas,
291 2947 314 2987 et
332 2939 507 2989 medicamento
526 2941 664 2989 memoriam
685 2940 791 2989 cxcitavlt
810 2943 841 2990 ib.

145 3007 283 3068 origeniani
302 3014 369 3056 erunt
387 3007 496 3070 plerique
522 3007 633 3055 monachi
657 3006 706 3056 stt
718 3008 741 3055 b.
781 3009 816 3056 ab
837 3010 888 3058 illis
906 3011 976 3059 brius
995 3019 1019 3059 et
1036 3011 1116 3059 triani
1134 3010 1167 3061 ib.

180 3073 279 3124 [mores
298 3074 407 3136 Origenis
427 3076 490 3123 ib.c.
531 3075 677 3124 Testimonia
705 3076 838 3137 scripturae
861 3078 890 3125 ab
916 3093 945 3126 eo
970 3080 1060 3141 prolata
1085 3066 1134 3126 628
1144 3078 1167 3129 b.

180 3142 248 3193 Unde
265 3157 354 3205 corpus
372 3136 457 3206 δέμας
474 3152 497 3191 ct
516 3136 609 3207 ψυχήν
626 3144 731 3191 animam
749 3144 869 3193 atlraecis
887 3146 974 3193 dictam
987 3152 1055 3206 putet
1073 3146 1105 3195 tb.
1130 3146 1168 3194 la-

181 3209 246 3259 baita
261 3225 339 3273 ‚prope
358 3211 454 3273 scripsit
472 3211 551 3260 atta.
578 3211 635 3259 llius
653 3212 698 3258 uita
716 3219 821 3274 austera,
841 3219 863 3260 et
882 3219 1016 3260 ascetarum
1034 3212 1168 3262 consimilis

182 3278 214 3326 ib.
228 3278 251 3327 b.
289 3278 351 3327 Fons
369 3279 421 3327 eius
441 3293 548 3327 errorum
568 3279 599 3327 ib.
611 3280 633 3327 d.

149 3345 346 3407 origenianarum
365 3347 472 3394 baeresis
490 3349 531 3410 qui
550 3353 573 3395 et
591 3346 655 3395 laedi
676 3348 843 3408 nominantur,
874 3353 959 3409 estque
983 3354 1038 3410 post
1061 3356 1169 3398 exortum
1211 3343 1214 3350 '

183 3413 358 3463 Christianismi
377 3413 446 3463 llblll
466 3422 489 3462 et
508 3414 592 3463 ordine
612 3414 680 3463 bxttt
700 3413 815 3463 staec.
858 3415 926 3463 Unde
949 3416 985 3464 sic
1003 3416 1117 3465 nominati
1136 3416 1168 3466 ib.

183 3480 269 3530 Eorum
289 3480 398 3543 dogmata
417 3483 448 3532 ilr.
474 3483 560 3544 Turpis
579 3490 602 3531 et
620 3482 691 3531 laeda
709 3481 784 3530 libido
803 3484 1043 3545 atqueabomiaunda
1061 3483 1169 3534 blituc.

183 3548 305 3610 Flagitium
334 3565 417 3599 eorum
446 3550 604 3599 execrandum
636 3552 658 3598 in
686 3550 853 3612 prolundendo
881 3559 904 3600 et
928 3552 1051 3614 perdendo
1077 3553 1170 3602 semine

183 3616 299 3667 dms.

150 3685 297 3734 Osseaorum
317 3685 424 3734 haeresis
442 3699 504 3748 quae
523 3693 560 3733 est
579 3685 605 3733 lll
625 3685 767 3737 ludaeorum
788 3685 819 3734 39
830 3700 851 3733 c.
882 3685 950 3735 llnde
968 3686 1082 3747 originem
1101 3687 1169 3738 traxit

182 3752 244 3802 tua.
276 3753 343 3802 Unde
362 3752 386 3801 id
403 3767 491 3802 namen
510 3753 640 3801 deductum
660 3754 709 3801 ib·
728 3754 764 3801 ta
777 3754 898 3802 Orientem
917 3762 1003 3814 negant
1021 3753 1170 3805 adorandum

183 3834 246 3880 esse,
264 3821 307 3870 sed
326 3835 408 3871 rersos
427 3821 615 3884 Hierosolymam
635 3820 664 3869 ad
684 3822 803 3870 llccasom
822 3822 883 3870 lla.
920 3823 1042 3871 Sacrillcia
1060 3823 1172 3873 reiiciunt

183 3888 248 3937 ib.b.
285 3888 358 3937 lidem
378 3889 456 3950 ignem
475 3889 671 3938 damnantibb.
708 3898 799 3952 tiquam
819 3889 1001 3950 probantibc.
1034 3890 1169 3941 Eorundem

181 3957 275 4005 sumnia
293 3956 323 4005 de
342 3957 437 4006 Cbristo
456 3957 521 4005 ibo.
558 3956 646 4007 Eorum
671 3958 749 4005 uratia
769 3957 833 4005 ibd.
875 3956 1042 4019 lnterpretatia
1066 3960 1170 4021 singula-

183 4038 236 4072 rum
254 4038 337 4072 uocum
355 4024 388 4073 ta
399 4025 421 4072 b.

150 4092 205 4141 Oris
223 4092 316 4141 victima
334 4092 487 4152 ludaeorum,
504 4105 571 4141 ovem
590 4092 613 4140 in
632 4107 704 4141 cruce
724 4099 848 4140 mactatam
868 4091 1008 4152 designabat
1026 4092 1086 4143 tur.

147 4149 250 4212 Οὐσίας
268 4174 355 4210 namen
374 4175 418 4210 ear
436 4160 460 4210 ia
479 4159 562 4209 divinis
580 4160 612 4209 sit
630 4160 788 4222 excogitatum
806 4158 888 4209 859b.

201 4303 346 4357 Epiphanius.
366 4305 404 4350 ΙΙΙ.
973 4309 1019 4359 iil)
