2867 5084
1192 493 1198 506 0

488 959 818 1015 ωιλνι.ἰνοιιοισι.·
1106 957 1166 1020 401

137 1111 456 1196 προσλαμβάνοντα,
481 1107 526 1188 ώς
549 1111 585 1190 ἐξ
606 1111 738 1179 ἐκείνων
757 1118 955 1194 συνεστῶτα,
979 1117 1018 1182 τὸ
1040 1120 1167 1186 τελείου

138 1206 259 1291 ὄνομα,
284 1208 454 1294 διαφόρως
476 1217 687 1292 προσίεσθαι
709 1216 864 1297 πέφυκεν.

144 1386 151 1395 ¹
226 1301 424 1392 Ἀνατροπή.
462 1305 505 1371 El
519 1308 562 1394 μή
587 1303 790 1391 ὡμολογεῖτο
806 1303 983 1394 ἀσώματος
999 1305 1045 1377 ών
1060 1308 1078 1377 ό
1094 1339 1165 1397 γεν-

105 1402 259 1488 ενήτωρ,
283 1403 394 1469 πάντα
417 1403 510 1486 παρὰ
525 1407 577 1470 σσλ
595 1406 923 1490 δραματουργείσθω.
958 1408 1165 1493 δραματουρ-

135 1500 243 1586 γήσας
266 1501 302 1566 δὲ
324 1495 382 1566 οῦκ
404 1499 505 1567 ἀλλον
526 1501 602 1567 τινὰ
619 1501 764 1584 πτόρεις,
789 1507 929 1570 σεαυτοῦ
952 1506 989 1570 δὲ
1011 1504 1068 1571 τὸν
1088 1511 1189 1573 νοῦνο

138 1599 263 1676 θολοῒς
292 1592 361 1663 ἀπό
390 1602 447 1681 τῆς
476 1593 639 1685 ἀληθινής
668 1595 854 1684 ὁμολογίας.
910 1601 946 1680 ίξ
973 1596 1074 1668 αὐτοῦ
1102 1603 1163 1688 γὰρ

138 1694 223 1773 θεὸς
251 1697 376 1773 τέλειος
411 1691 456 1761 ών
485 1697 611 1762 τέλειον
642 1696 712 1762 υίὸν
741 1697 923 1783 ἐγέννησεν,
962 1693 1019 1781 οῦχ
1053 1699 1164 1783 ἕτερον

135 1792 234 1875 παρὰ
255 1791 313 1879 τήν
337 1792 447 1879 φύσιν.
489 1788 527 1858 οῦ
549 1792 610 1877 γὰρ
634 1789 788 1881 ἀπρεπής
811 1796 881 1862 ἐστι
904 1795 991 1879 πρὸς
1012 1797 1069 1862 τὸν
1091 1822 1164 1883 γεν·

136 1887 270 1975 νήτορα,
295 1885 372 1957 οὐδὲ
395 1892 520 1970 ἔξωθεν
543 1891 757 1973 ἐπιδεόμενος
775 1893 1008 1979 προσλήψεως.
1040 1889 1078 1960 οῦ
1100 1896 1162 1980 γάρ

133 1993 171 2053 τί
194 1987 266 2053 ἔστι
292 1990 404 2072 μεῖζον
431 1987 515 2070 μετὰ
542 1988 599 2075 τήν
628 1993 686 2054 τοῦ
711 1993 794 2056 θεοῦ
824 1986 956 2068 οόσίαν,
992 1988 1086 2070 ὅπως
1113 2018 1161 2078 τῳ
1174 2006 1201 2055 1⁰

134 2083 319 2171 ἐνδεομένην
340 2089 542 2170 μεταδοῦναι
557 2090 614 2172 τῆς
630 2087 855 2172 προσλήψεως
872 2087 957 2170 πρὸς
972 2088 1162 2174 τελειότητα

134 2183 306 2269 δυνηθείη.
339 2179 440 2268 ὁγὰρ
464 2177 508 2248 τόν
532 2177 582 2249 ἀεὶ
607 2180 784 2266 ἀσώματος
807 2184 864 2249 τὸν
887 2182 967 2249 όντα
983 2181 1161 2266 ἀσώματον

134 2274 214 2362 παρ’
241 2274 330 2367 αὐτῷ
353 2284 399 2367 τῷ
424 2277 496 2346 όντι
518 2275 571 2346 ἀεὶ
592 2285 800 2367 γεννητικώς,
835 2282 960 2347 τέλειον
989 2277 1007 2345 ό
1035 2283 1161 2361 τέλειος

134 2370 190 2442 ἀεὶ
213 2373 317 2456 ὅντως
337 2385 512 2465 γεγέννηκε,
538 2384 668 2458 πνεῦμα
691 2373 737 2444 ών
754 2377 835 2455 θεὸς
856 2377 912 2442 καὶ
934 2381 1065 2462 πνεῦμα
1080 2375 1160 2445 ὄντα

106 2474 195 2540 ιιτὸν
218 2473 443 2541 ίνυπὸστατσν
473 2474 569 2558 λόγον
598 2474 802 2560 γεγεννηκώς.
843 2474 881 2540 τὸ
905 2470 982 2539 ὅλον
1004 2475 1065 2560 γὰρ
1088 2472 1198 2562 ήλί-ιε

133 2577 216 2637 θεον
240 2573 289 2658 εἴη
312 2572 406 2654 παρὰ
428 2574 480 2638 σοὶ
504 2566 693 2659 τῴἈετίῳ,
717 2576 765 2658 τῷ
789 2571 1001 2656 ε’μβατεόοντι
1023 2577 1077 2640 καλ
1100 2574 1160 2653 τὰς

131 2667 216 2735 κατά
241 2669 321 2735 θεὸν
345 2669 443 2753 δόξας
466 2670 638 2753 ἔρευνιῦντι
669 2670 702 2735 ἐκ
733 2672 977 2754 συλλογισμῶν,
1014 2674 1068 2737 καὶ
1098 2675 1159 2738 σοῦ

132 2767 406 2854 φιλολογιστικής
428 2768 564 2845 ἐννοίας,
590 2764 642 2833 ὅτι
664 2771 711 2854 τῷ
728 2768 908 2854 ποιήσαντι
928 2767 970 2833 τὰ
991 2768 1103 2834 πάντα
1123 2770 1160 2848 ἐξ

131 2859 191 2930 οῦκ
220 2861 326 2932 όντων
359 2869 414 2932 καλ
450 2867 626 2951 δυνηθέντι
654 2866 787 2944 τελείως
816 2864 858 2932 τό
885 2865 997 2931 πάντα
1024 2862 1091 2932 ῦπό
1123 2869 1157 2933 ἓν

131 2961 353 3047 ἐργάσασθαι,
377 2965 478 3050 μηδὲν
499 2969 611 3045 χρείαν
635 2964 742 3046 ἔχοντι
766 2964 1017 3049 προσληπτικής
1040 2962 1197 3038 ε’πιδό-νη

131 3083 232 3139 σεως,
266 3064 385 3144 θεσμῷ
415 3062 451 3126 δὲ
479 3063 582 3126 ταῦτα
609 3061 793 3145 πεδήσαντι
822 3056 1016 3144 ἀδρυντικήν
1040 3055 1156 3125 σῦσίαν

131 3157 384 3244 προσληπτικής
407 3156 568 3243 θεότητος
583 3156 799 3239 ἑπιδεόμενσν
816 3156 1028 3240 ἐπιφημίζεις
1047 3155 1154 3239 λόγον,
1179 3179 1185 3187 ’

85 3257 184 3321 Qua}
209 3248 287 3320 οῦδὲ
310 3255 434 3334 ἐξισοῖς
455 3265 527 3333 τοῖς
550 3250 604 3320 ὑπ’
630 3249 732 3320 αῦτσῦ
748 3259 978 3334 κεκτισμένοις.
1014 3246 1071 3317 ἀπ’
1097 3247 1157 3336 ἀρ·
1208 3335 1211 3341 Ι

130 3356 186 3439 χής
208 3351 271 3437 γὰρ
294 3356 428 3431 τελείως
444 3347 527 3418 αὐτὰ
543 3351 689 3437 ποιήσας
714 3347 939 3436 προσλήψεως
956 3348 1155 3432 ἕπτδεόμενα

130 3451 169 3516 τά
204 3449 241 3529 ἐξ
272 3444 381 3517 αῦτιῦν
419 3451 467 3516 ἔτι
500 3449 729 3533 βλαστάνοντα
763 3443 863 3528 ὥρισε
897 3445 986 3530 νόμῳ
1020 3454 1194 3532 σοφίαςες

130 3542 228 3614 ότινά
252 3547 323 3614 ἐστι
344 3551 448 3614 ταῦτα
470 3547 505 3613 ἐν
528 3542 579 3624 οἷς
601 3546 672 3612 ἐστι
704 3544 747 3610 τὰ
770 3545 912 3628 καθεξῆς
936 3544 1094 3627 γενόμενά
1118 3571 1154 3611 τε

130 3650 182 3712 καὶ
196 3644 363 3730 γινόμενα,
389 3643 433 3723 ώς
449 3640 520 3710 οἷον
538 3643 654 3716 εἰπεῖν,
679 3639 829 3725 οὐρανὸν,
852 3644 920 3727 γῆν,
945 3637 1044 3724 ῦδωρ,
1061 3636 1152 3724 ἀέρα,

128 3736 232 3829 ήλιον,
258 3742 404 3829 σελήνην,
428 3739 544 3827 ἀστρα,
570 3743 623 3806 καὶ
646 3740 688 3805 τὰ
711 3739 745 3806 ἔκ
766 3742 831 3805 τών
855 3734 984 3804 ῦδάτων
1006 3763 1154 3823 γεγεννη-

130 3846 220 3920 μένα,
245 3840 307 3918 ἕως
328 3843 380 3906 καλ
406 3834 506 3905 αάτοῦ
523 3842 581 3904 τοῦ
598 3832 793 3920 ἀνθρώπου.
824 3830 882 3901 οῦκ
898 3830 1037 3919 οῦρανόν
1053 3830 1152 3920 ἀτελή

131 3933 308 4022 ἐποίησεν,
325 3932 361 4002 οῦ
392 3940 450 4025 γῆν
473 3931 700 4020 ἀτελεοτάτην,
741 3929 824 4000 ἀλλά
850 3934 978 4000 τελείαν
1005 3933 1065 4014 μὲν
1093 3930 1193 4017 τήνδε

129 4037 200 4120 γήν,
229 4035 357 4100 τέλειον
380 4035 416 4100 δὲ
438 4032 496 4099 τὸν
519 4028 674 4118 οῦρανὸν,
710 4027 852 4115 ἀόρατον
882 4030 917 4095 δὲ
944 4029 999 4093 καλ
1029 4023 1151 4094 ἀκατα-

131 4129 307 4198 υκεῦαστον
329 4130 414 4210 τότε,
439 4126 479 4196 δι’
497 4129 536 4216 ἣν
552 4130 666 4213 ἐ’μελλε
682 4139 794 4194 ποιεῖν
810 4125 1037 4211 διακόσμησιν.
1064 4121 1151 4210 ῦδωρ

129 4227 162 4294 δλ
184 4224 256 4310 ἅμα
277 4228 332 4293 καὶ
355 4231 428 4313 φώς
449 4227 489 4292 τὸ
511 4227 776 4311 πρωτόκτιστον,
812 4223 869 4290 διὰ
897 4225 955 4289 τοῦ
987 4216 1150 4308 ἀληθινοῦ

176 4327 323 4380 Epiphanius.
344 4328 381 4371 ΙΙΙ.
965 4326 998 4377 26
