2867 5084
203 301 207 304 ⁴
258 301 273 308 -0
315 303 321 305 .
369 303 373 307 ,
602 300 605 309 ,

277 380 313 381 777
1199 370 1269 387 ’vv

236 941 300 1004 566
464 948 671 999 εσιψισιοτ
687 947 783 997 xm
800 946 988 997 ιιντευαν
1003 946 1032 996 r.

234 1102 321 1189 πρὸς
341 1100 399 1168 τὸν
422 1099 488 1167 δσω
517 1098 699 1185 προδότην,
735 1094 899 1166 άσάλευτα
928 1099 964 1165 δδ
992 1097 1035 1165 τὰ
1062 1099 1125 1185 τῆς
1153 1100 1263 1185 ψυχῆς

234 1207 324 1286 τείχη
346 1201 401 1265 καὶ
424 1191 557 1282 ἀρραγῆ.

320 1300 479 1381 Διογένης
508 1290 691 1372 όκυνικὸς,
726 1287 795 1359 άπὸ
818 1291 973 1379 Σινώπης
999 1293 1059 1378 τῆς
1087 1290 1177 1358 κοινά
1204 1290 1260 1357 τὸν

233 1393 366 1459 Πόντον
388 1391 529 1471 πόλεως,
560 1390 602 1456 τὰ
630 1389 742 1456 πάντα
759 1383 970 1455 Ἀντισθένει
998 1391 1110 1476 συνῆν.
1157 1389 1259 1476 ἔφησε

207 1489 272 1556 διὸ
295 1484 425 1576 ἀγαθόν
448 1488 560 1555 οἰστὸν
583 1491 684 1554 παντὶ
700 1490 797 1573 σοφῷ
814 1481 908 1564 εἶναι,
932 1486 974 1552 τά
994 1483 1026 1551 δ’
1045 1484 1134 1552 άλλα
1149 1485 1260 1553 πάντα

235 1581 331 1653 οὐδὲν
352 1580 372 1673 ἢ
395 1586 560 1672 φλυαρίας
580 1581 749 1669 ὑπάρχειν.

318 1682 450 1767 Κράτης
467 1676 535 1747 άπὸ
555 1684 673 1768 Θηβῶν
694 1685 761 1747 τῶν
777 1683 980 1757 Βοιωτικῶν,
1004 1683 1057 1745 καὶ
1080 1675 1185 1759 αὐτὸς
1204 1706 1258 1746 νιν·

233 1779 332 1857 νικός,
357 1779 463 1862 ἐ’λεγεν
486 1777 678 1861 ἐλευθερίας
702 1772 867 1865 εἶναιτὴν
890 1773 1128 1862 άκτημοσόνην.

315 1872 528 1959 Ἀρκεσίλαος
551 1875 674 1961 ἔφασκε
696 1878 743 1961 τῴ
759 1878 831 1962 θεῷ
847 1873 981 1961 ἐφικτὸν
997 1869 1203 1957 εἶναιμόνον
1218 1874 1278 1942 τόν

194 1967 369 2059 ιθάληθίς,
393 1967 566 2058 άνθρώπῳ
591 1974 627 2038 δὲ
649 1970 697 2037 οὔ.

320 2068 512 2155 Καρνεάδης
533 2067 575 2134 τά
598 2064 681 2134 αὐτὰ
704 2073 750 2154 τῷ
770 2064 974 2155 Ἀρκεσιλάῳ
998 2067 1165 2147 ἐδόξασεν.

316 2162 547 2253 Ἀριστοτέλης
571 2162 588 2231 ό
611 2167 814 2250 Νικομάχου,
837 2166 920 2233 κατὰ
943 2172 1002 2251 μέν
1024 2191 1121 2245 τινας
1143 2171 1258 2234 Μακε-

235 2263 301 2330 δών
324 2259 394 2329 άπὸ
416 2268 611 2349 Σταγείρων,
642 2258 686 2341 ὥς
710 2265 746 2329 δὲ
769 2264 861 2343 ἔνιοι,
899 2262 991 2351 Θρᾲξ
1017 2253 1037 2327 δ
1040 2289 1056 2328 ν
1084 2263 1126 2329 τὸ
1154 2271 1254 2350 γένος.

235 2362 323 2452 ξ’λεγε
346 2363 381 2427 δὲ
405 2359 463 2426 δόο
486 2355 586 2445 άρχόις
609 2355 708 2440 εἶναι,
739 2361 821 2428 θεὸν
843 2363 897 2426 καὶ
921 2357 1015 2446 δλην,
1049 2363 1105 2426 καὶ
1133 2360 1255 2444 τὰμὲν

197 2453 387 2543 ιῡῦπεράνιο
410 2462 467 2544 τῆς
491 2457 626 2544 σελήνης
647 2465 747 2535 θείας
767 2465 928 2542 προνοίας
952 2455 1133 2542 τυγχάνειν,
1156 2459 1200 2527 τά
1221 2461 1256 2526 δὲ

235 2557 386 2622 κάτωθεν
414 2558 471 2642 τῆς
501 2555 636 2640 σελήνης
669 2550 862 2642 άπρονόητα
889 2549 1048 2639 ὑπάρχειν
1080 2560 1137 2623 καὶ
1167 2559 1254 2644 φορᾷ

165 2658 190 2707 0
234 2678 301 2719 τινι
333 2649 441 2737 άλόγῳ
472 2658 638 2739 φέρεσθαι
671 2648 715 2731 ιός
750 2653 866 2736 ἔτυχεν.
919 2647 1004 2719 εἶναι
1027 2654 1064 2718 δὲ
1087 2654 1174 2738 λέγει
1197 2653 1254 2720 δόο

234 2749 385 2831 κόσμους,
402 2747 458 2814 τὸν
475 2747 543 2814 όίνυι
558 2749 613 2814 καί
627 2749 685 2815 τὸν
699 2750 798 2829 κάτω,
814 2754 867 2816 καὶ
883 2750 940 2817 τὸν
955 2754 1015 2834 μὲν
1030 2749 1100 2816 άνιο
1118 2750 1299 2838 άφθαρ-χρ

233 2867 300 2923 τον,
324 2844 381 2910 τὸν
404 2847 440 2911 δὲ
462 2844 549 2911 κάτω
573 2846 737 2932 φθαρτόν.
776 2851 830 2914 καί
855 2848 913 2934 την
931 2848 1036 2934 ψυχὴν
1053 2848 1253 2932 ἐνδελέχειαν

195 2940 388 3026 ισσώματος
408 2944 503 3028 λέγει.

322 3040 538 3128 Θεόφραστος
550 3034 692 3123 Ἐρέσιος
713 3040 755 3107 τὰ
772 3035 855 3107 οὖτά
866 3036 1092 3125 Ἀριστοτέλει
1108 3042 1252 3124 ἐδόξατε

317 3139 472 3223 Στράτων
506 3131 551 3203 τόν
585 3137 618 3202 ἐκ
650 3135 847 3221 Λαμψάκου
883 3139 941 3226 τὴν
975 3139 1105 3226 θερμὴν
1141 3138 1254 3208 οόσίαι

233 3235 339 3319 ἔλεγεν
356 3236 464 3301 αἰτίαν
480 3234 615 3300 πάντων
631 3229 799 3319 ὖπάρχειν.
832 3234 957 3321 άπειρα
980 3238 1016 3302 δὲ
1038 3238 1151 3322 ἔλεγεν
1174 3234 1255 3306 εἶναι

233 3330 377 3417 τὰμέρη
399 3336 458 3397 τοῦ
485 3331 620 3416 κόσμου,
650 3334 703 3397 καὶ
733 3335 801 3398 πάν
831 3334 912 3414 ζῶον
942 3334 1050 3419 ἔλεγεν
1079 3331 1119 3401 οό
1152 3338 1256 3404 δεκτι-

195 3427 290 3499 Ἀκὸν
312 3423 405 3494 εἶναι.

317 3524 536 3612 Πραξιφάνης
554 3521 676 3602 Ῥόδιος
707 3524 751 3592 τά
773 3523 857 3593 αι’·τά
877 3529 923 3613 τῷ
949 3529 1162 3617 Θεοφράστῳ
1186 3531 1259 3599 ίδό-

233 3622 321 3700 ξαοε.

317 3718 503 3803 Κριτόλαος
524 3714 543 3783 ό
568 3720 757 3806 Φασηλίτης
784 3720 826 3786 τά
855 3716 939 3787 αὐτὰ
960 3724 1007 3806 τῷ
1025 3715 1281 3807 Ἀριστοτέλειι

233 3814 378 3894 ἐδόξασε.

193 3932 225 3983 ³0
316 3912 432 3996 Ζηνων
461 3907 478 3976 ό
508 3912 641 3989 Κιτιεὺς
669 3911 687 3978 ό
716 3912 862 3991 Στωϊκὸς
890 3914 952 4001 ἔφη
983 3915 1027 4002 μὴ
1059 3917 1133 3984 δεῖν
1163 3928 1262 4001 θεοῖς

233 4007 419 4091 οἰκοδομεῖν
448 4008 528 4092 ἱερά,
563 4003 631 4075 ἀλλ’
657 4011 740 4093 ’ἐχειν
762 4009 801 4075 τὸ
822 4017 920 4077 θεῖον
948 4011 983 4079 ἐν
1011 4011 1106 4101 μόνῳ
1129 4022 1181 4105 τῷ
1206 4022 1262 4106 νῷ,

231 4106 356 4187 μᾶλλον
380 4106 415 4171 δὲ
437 4104 519 4173 θεὸν
547 4102 706 4192 ἡγεῖσθαι
727 4108 784 4173 τὸν
812 4111 905 4174 νοῦν·
940 4108 1012 4176 ἔστι
1038 4111 1102 4199 γὰρ
1126 4109 1265 4185 άθάνσ-

231 4223 296 4277 τος.
333 4201 410 4280 τοὺς
433 4203 468 4268 δὲ
497 4205 717 4284 τελευτῶντας
747 4205 844 4286 ζώοις
871 4206 1101 4293 παραβάλλειν
1128 4216 1264 4302 χρῆναι,

102 4420 280 4616 ’ἱ
