2867 5084
225 901 286 963 528
456 910 658 962 εστοίνιον
675 911 770 961 xm
788 908 975 961 Αινιτνιτοιι
990 909 1017 959 r.

172 1093 178 1102 ’
224 1071 306 1143 θίας
334 1058 507 1148 ἀνεδείχθη
541 1060 595 1127 καὶ
625 1062 671 1138 είς
701 1058 794 1149 ημῶν
828 1057 928 1140 ἀκοάς
957 1053 1140 1145 ἀνηνέχθη·
1175 1053 1244 1146 ητις

226 1162 293 1228 ἐστὶ
317 1159 372 1227 καὶ
394 1156 474 1247 αύτη
497 1162 625 1244 γελοῖος
653 1160 708 1225 καί
733 1160 849 1245 χλεύης
877 1160 1028 1242 ἔμπλεως
1057 1155 1155 1240 παρά
1177 1166 1244 1233 τοῖς

226 1268 373 1336 σονετοῒς
396 1253 615 1374 εύρισκομένη.
657 1252 828 1342 ἀρξόμεθα
856 1259 932 1340 περὶ
965 1249 1065 1342 αύτης
1088 1256 1244 1341 φωρᾶσαι

226 1359 278 1422 καί
302 1355 344 1421 τά
364 1380 424 1421 κατ
457 1351 556 1443 αύτην
580 1355 815 1440 διηγήσασθαι.
856 1349 1011 1441 εόηθείας
1032 1350 1096 1436 γάρ
1119 1353 1244 1433 μᾶλλον

204 1456 423 1543 εκριθησεται
454 1451 538 1551 ἤπερ
574 1457 735 1530 συνέσεως
772 1447 870 1570 αητη,
908 1448 1022 1527 καθὼς
1058 1449 1115 1516 καὶ
1150 1446 1245 1514 ἄλλοι

228 1549 342 1635 όμσιαι
364 1549 509 1637 ταύτηη
494 1553 585 1615 ύσοιν.
631 1545 675 1627 ὡς
702 1548 763 1634 γάρ
795 1547 863 1616 άνισ
886 1547 973 1614 πολὺ
996 1546 1054 1613 διὰ
1082 1549 1143 1635 της
1166 1546 1245 1628 πρὸς

229 1656 366 1733 Μαρίαν
389 1645 513 1731 ύβρεως
536 1648 567 1712 σί
592 1646 744 1727 δόξαντες
771 1650 875 1712 ταῦτα
903 1641 1061 1711 ὑπονοεῖν
1083 1644 1244 1727 βλαβεράς

228 1743 388 1821 ὑπονοίας
418 1750 594 1827 σπείρουσι
626 1737 799 1828 λογισμοῖς
829 1738 1036 1826 ἀνθρώπων,
1073 1738 1163 1808 οὕτω
1195 1742 1242 1806 καί

229 1833 321 1909 οὗτοι
344 1841 398 1906 ἐπὶ
422 1840 460 1905 τὸ
484 1843 593 1926 ἕτερον
614 1848 713 1959 μέρος
735 1842 900 1919 κλίναντες
932 1840 965 1906 ἒν
988 1833 1147 1925 ἀκρότητι
1168 1838 1288 1923 βλά-ἰσί

193 1949 288 2026 ηηβης
309 1938 433 2004 καταλα
434 1936 661 2021 μβιίνονται,(
651 1937 744 2017 όπως
765 1933 893 2005 κάκεῖνο
915 1938 954 2002 τὸ
977 1936 1071 2021 παρά
1089 1960 1163 2003 τισι
1184 1939 1243 2002 τῶν

231 2040 355 2118 ἔξωθεν
378 2036 567 2123 φιλοσόφον
590 2031 751 2124 ᾀδόμενον
783 2040 836 2102 καί
866 2035 899 2102 εν
928 2031 1041 2112 αύτοῒς
1056 2032 1244 2156 πληριοθη·

231 2160 324 2204 σεται
347 2134 380 2201 ἐν
402 2137 448 2219 τῶ
472 2136 585 2249 λέγειν,
609 2135 643 2200 αἱ
660 2129 834 2218 ἀκρότητες
858 2133 1013 2219 ι’σότητες.
1046 2133 1102 2215 ἴση
1118 2134 1182 2217 γάρ
1198 2123 1241 2197 ἐπ’

231 2230 435 2321 ἀμφοτέραις
463 2258 523 2297 ται
517 2257 597 2310 ταις
618 2243 693 2311 ταῖς
715 2225 920 2316 αἱρέσεσινι
904 2258 922 2318 η
947 2229 1069 2315 βλάβη,
1102 2233 1171 2295 τῶν
1193 2231 1243 2312 μὲν

230 2329 518 2410 κατεστελιζόντισν
547 2329 604 2415 την
633 2325 729 2414 άγίαν
758 2334 946 2412 παρθένον,
979 2330 1045 2393 τῶν
1080 2329 1117 2394 δὲ
1150 2328 1252 2405 πάλινΙ

195 2427 314 2514 ιηόπὲρ
337 2427 375 2492 τὸ
400 2429 473 2493 δέον
499 2428 710 2507 δοξαζόντων.
756 2416 848 2492 οὗτοι
876 2425 936 2511 γὰρ
965 2425 998 2491 σί
1026 2428 1127 2491 τοῦτο
1159 2423 1245 2490 διδό-

232 2551 363 2602 σκοντες
384 2532 470 2602 τίνες
494 2524 576 2591 εἰσὶν
604 2520 672 2591 ἀλλ’
697 2519 718 2610 η
739 2535 905 2609 γυναῖκες,·
937 2526 1099 2608 γυναικῶν
1130 2522 1192 2608 γάρ
1212 2521 1244 2585 τὸ

231 2632 322 2709 γένος
345 2617 532 2700 εύόλιοθοι,
557 2621 722 2708 σφαλερὸν
746 2623 782 2687 δε
804 2647 858 2688 και
879 2619 1037 2687 ταπεινὸν
1060 2624 1110 2707 τῷ
1130 2618 1245 2707 φρονη·

231 2747 320 2803 ματι.
362 2721 415 2784 καί
438 2713 518 2783 αύτδ
540 2718 600 2813 γάρ
624 2719 700 2798 ε’δσξ
701 2745 733 2785 εν
763 2716 832 2785 ἀπὸ
859 2721 1018 2803 γυναικῶν
1048 2712 1067 2782 ό
1097 2716 1246 2803 διάβολος

233 2817 375 2898 ἐξεμεῖν,
408 2813 452 2892 ὡς
479 2819 531 2879 καί
562 2813 630 2881 ἀνω
659 2816 752 2901 παρά
775 2817 950 2902 Κυϊντίλλη
977 2818 1030 2881 καὶ
1054 2820 1119 2880 Ma
1122 2816 1265 2899 ξιμίλληί

119 2936 126 2945 ·
195 2937 286 2987 ηηκιιι
277 2914 484 2997 Πρισκίλλη
508 2913 728 2996 περιγέλαστα
750 2940 792 2979 τα
781 2913 1002 2998 διδάγματα,
1026 2908 1114 2978 ούτιο
1132 2912 1247 2979 καλόν

233 3014 353 3076 ταῦθα.
402 3011 488 3087 τινὲς
510 3009 570 3123 γάρ
600 3021 749 3094 γυναῖκες
776 3011 925 3095 κοσρικόν
953 3035 1027 3076 τινα
1055 3014 1245 3092 κοσμοῦσαι,

232 3106 307 3231 ητοι
330 3110 449 3194 δίφρον
471 3107 682 3191 τετράγωνον,
707 3104 908 3174 άπλιύσασαι
930 3102 980 3174 ἐπ’
997 3101 1098 3172 αύτὸν
1116 3102 1246 3226 ὀθόνην,

234 3207 267 3273 ἓν
290 3203 393 3292 ημέρη
415 3208 480 3271 τινὶ
503 3209 629 3292 φανερᾷ
651 3210 709 3271 τοῦ
734 3208 835 3284 ε’τοος,
868 3201 941 3272 ἰν
924 3211 1061 3289 ημίραις
1083 3209 1174 3271 τισιν
1196 3203 1248 3287 ἀρ

234 3329 290 3369 τον
320 3309 524 3387 προτιθέασι
552 3303 607 3368 καὶ
637 3297 860 3390 ἀναφέρουσιν
889 3304 935 3382 εἰς
963 3299 1070 3385 όνομα
1092 3306 1152 3388 της
1176 3309 1250 3368 Μα-

196 3408 316 3483 νηρίας,
341 3400 376 3465 αἱ
399 3404 506 3466 πᾶσαι
530 3401 565 3465 δὲ
588 3397 656 3465 ἀπὸ
672 3403 731 3465 τού
747 3398 848 3484 ἀρτου
863 3400 1184 3484 μεταλαμβάνουσιν,
1210 3394 1251 3476 ὥς

236 3498 269 3564 ἐν
298 3492 377 3583 αύτη
407 3501 446 3583 τῇ
477 3498 523 3576 εἰς
550 3497 608 3583 την
627 3493 787 3582 Ἀραβίαν
817 3498 976 3584 ἐπιστολῇ
1006 3497 1194 3585 γράφοντες
1221 3495 1251 3563 ἐκ

234 3601 353 3679 μέρους
381 3597 457 3679 περὶ
486 3596 603 3660 τούτου
633 3596 855 3682 διελέχθημεν.
908 3598 963 3661 νῦν
997 3596 1033 3660 δὲ
1066 3598 1189 3682 σαφῶς
1215 3593 1252 3659 τά

237 3696 312 3775 περὶ
348 3686 446 3776 αύτῆς
480 3694 627 3773 λέξομεν,
660 3697 713 3759 καί
742 3696 802 3771 τάς
829 3687 896 3758 κατ’
927 3686 1028 3778 αύτης
1062 3686 1254 3778 ἀνατροπὰς

235 3789 318 3857 θεὸν
356 3789 568 3876 αἰτησάμενοι
604 3790 687 3856 κατά
722 3789 761 3856 τό
795 3790 932 3856 δυνατόν
965 3791 1276 3877 παραθησόμεθσ,ί

197 3884 330 3965 ὃθόπως
351 3889 409 4005 της
431 3887 650 3954 εἷδωλοποιοῦ
672 3887 791 3974 ταύτης
814 3886 971 3971 αἱρέσεως
985 3885 1046 3966 τὰς
1060 3888 1157 3974 ῥίζας
1172 3889 1256 3957 ἐκτε·

235 3985 352 4067 μόντες
375 3981 443 4051 ἀπὸ
472 3987 570 4051 τινῶν
598 4012 656 4072 την
685 3985 840 4071 τοιαύτην
869 3983 993 4050 λύσσαν
1015 3989 1204 4055 καταλῦσαι
1226 3985 1256 4054 lv

238 4086 308 4168 θεῶ
333 4083 479 4168 δονηθιῦχ
482 4108 537 4148 ιεν.

322 4187 349 4244 2.
381 4177 459 4264 ’Ἀγε
486 4187 610 4260 τοίνυν,
646 4183 729 4248 θεοῦ
760 4181 890 4260 δοῦλοι,
925 4123 1080 4266 ἀνδρικὸν
1105 4183 1259 4271 φρόνημα

102 4402 197 4650 ἱ
