2867 5084
85 199 1296 462 ”w

490 968 608 1021 τκκνι.
626 971 817 1021 ιιιοαοιοι.
1098 958 1161 1020 409

135 1126 207 1189 τῶν
228 1116 483 1204 ἀποβεβηκότων
511 1120 569 1205 τὴν
598 1122 736 1200 ἔννοιαν,
757 1119 834 1188 κάν
861 1146 897 1188 τε
918 1121 1002 1187 κατὰ
1025 1122 1164 1204 δύναμιν

136 1221 196 1287 καὶ
220 1215 303 1301 ὑπὲρ
326 1216 464 1300 δύναμιν
492 1217 579 1300 πρὸς
607 1215 805 1302 ὑμνολογίαν
834 1219 1085 1286 έπεκτείνιννται
1116 1221 1163 1305 τῷ

139 1313 300 1400 ἀμείνονι.
339 1316 409 1382 ἔστι
432 1314 494 1399 γάρ
517 1311 554 1380 ού
579 1316 664 1402 λόγῳ
681 1312 833 1398 ἀμείνων,
858 1309 942 1381 ἀλλὰ
958 1316 1094 1399 δυνάμει
1108 1314 1165 1382 καὶ

141 1410 283 1497 όνόματι
305 1415 358 1478 καὶ
383 1412 479 1498 λόγῳ,
512 1407 581 1478 ἀλλ)
607 1408 644 1478 ού
669 1416 788 1480 διοίσει
812 1413 850 1478 τό
874 1407 1067 1496 ἀσύγκριτον
1094 1410 1164 1479 ἀπό

139 1515 201 1578 τοῦ
226 1506 421 1594 ἀσυγκρίτοο
450 1506 468 1596 ἡ
498 1515 557 1576 τοῦ
581 1506 753 1594 ἀμείνονος
781 1511 875 1593 παρὰ
903 1515 969 1575 τῶν
997 1507 1189 1596 ύποβεβη-5

140 1609 248 1677 κάτων
272 1608 454 1692 ὑοξολσγία.
500 1604 571 1674 οἶδε
598 1608 658 1693 γάρ
682 1609 715 1674 έν
745 1613 846 1691 πατρί
877 1609 915 1673 τό
945 1605 1079 1690 ἀμεινον
1110 1607 1167 1673 διὰ
1237 1677 1239 1681 ,

141 1709 202 1773 τοῦ
226 1701 407 1791 λάγεννήτον
440 1709 494 1771 καὶ
522 1706 560 1770 τὸ
584 1705 718 1787 ἀμεινον
748 1706 783 1785 έξ
804 1701 905 1771 αὑτοῦ
927 1711 1165 1792 γεγεννημένον.

87 1805 264 1887 mmm
287 1799 465 1885 όμοούσιον
489 1798 643 1887 ὁμολογεῖ
666 1799 683 1888 ἡ
708 1802 743 1869 ἐκ
758 1807 841 1869 θεοῦ
866 1798 1063 1886 ἀνθρώποις
1079 1797 1166 1890 όρθύη

141 1908 357 1986 κεχαρισμένη
382 1900 501 1978 ἔννοια,
524 1902 579 1965 ἵνα
594 1901 637 1985 μὴ
654 1899 692 1964 τό
709 1895 944 1982 ἀνομοιούσιον
959 1900 1168 1985 ι’πινοησασα

142 2001 219 2067 οἱοῦ
242 1998 327 2082 πρὸς
349 2004 478 2080 πατέρα
512 1999 673 2079 διαίρεσιν
707 1997 889 2084 ποιήσηται
914 2002 972 2084 τῆς
994 1993 1168 2081 ἀμείνονος
1180 2018 1208 2068 ιο

143 2102 198 2165 καὶ
223 2092 427 2182 ἀκραιφνοῦς
448 2094 668 2180 τελειότητος,
704 2091 750 2158 δι’
777 2085 816 2160 οὑ
846 2091 916 2162 οἶδε
938 2101 1168 2181 γεγεννημένον

143 2196 178 2264 έν
209 2190 354 2281 ἀληθείᾳ
381 2189 449 2258 ὑπὸ
479 2196 537 2257 τοῦ
565 2192 793 2277 γεγεννηκότος
823 2188 1025 2277 ἀσυγκρίτινς
1057 2192 1170 2272 πάσας

143 2294 275 2370 ἐννοίας
296 2287 556 2375 ὑπερβαίνοντος
579 2289 635 2355 ῦιά
656 2289 695 2355 τὸ
720 2287 864 2371 άμεινον.

234 2388 276 2454 δ’.
314 2389 356 2454 Εἰ
377 2389 421 2473 μὴ
445 2388 525 2454 εἴκει
546 2383 565 2474 ἡ
590 2382 765 2472 ἀγέννητος
795 2387 896 2473 φύσις
917 2392 1052 2471 γενέσει,
1075 2380 1168 2452 τοῦτ’

145 2493 238 2557 ἔστιν
262 2486 280 2551 ὃ
304 2488 447 2571 λέγεται·
479 2485 508 2552 εἰ
531 2487 565 2552 δὲ
589 2486 669 2552 εἴκει
692 2491 832 2570 γενέσει,
866 2483 908 2551 τά
936 2488 993 2570 τῆς
1015 2491 1172 2569 γενέσεως
1183 2507 1210 2557 15

115 2586 247 2671 Βπάθη
269 2590 328 2671 τῆς
349 2580 567 2661 ὑποστάσεως
589 2587 648 2648 τοῦ
671 2586 755 2649 θεοῦ
779 2583 829 2660 εἴη
853 2578 987 2664 ἀμείνω.

231 2678 432 2767 ’Λνατροπη
474 2691 498 2747 1.
523 2681 628 2767 Πάθη
645 2677 731 2759 ὅλως
748 2680 781 2746 έν
798 2684 870 2766 θεῷ
887 2681 1079 2765 διηγεῖσθαι
1096 2672 1173 2744 ἀσε-

144 2788 319 2867 βέστατον.
362 2780 442 2846 ε’ίσω
464 2777 524 2863 γὰρ
548 2783 674 2844 παθιῦν
703 2773 777 2844 οῦδ)
804 2774 890 2856 ὅλως
918 2783 1105 2858 περιέχεται
1134 2774 1172 2840 τό

145 2888 258 2947 θεῖον.
301 2871 460 2943 ἀνωτάτω
490 2878 525 2941 ὑὲ
548 2874 642 2954 ὄντος
664 2880 731 2941 τιῦν
753 2873 915 2941 τοιούτων
943 2880 1009 2939 τιῦν
1039 2874 1072 2939 έν
1094 2869 1173 2958 ἡμῖν

146 2978 197 3057 είς
218 2974 411 3060 μεριστικάς
433 2974 561 3052 ἐννοίας
583 2969 848 3040 ὑποπιπτόντων
871 2973 954 3039 κατὰ
972 2971 1083 3037 πάντα
1098 2970 1215 3053 τρὸ-ῃ

143 3099 216 3143 πον
240 3069 259 3139 ό
278 3067 408 3140 ’Λετίοο
429 3067 567 3155 λόγος’
550 3097 682 3155 ανατρα
687 3096 827 3157 τησεται.
861 3070 970 3136 πάντα
992 3068 1053 3152 γάρ
1075 3067 1117 3132 τά
1140 3067 1172 3132 έν

138 3171 229 3262 ἡμῖν
258 3172 457 3257 παθητικῶς
486 3177 710 3254 συμβαίνοντα
740 3170 773 3235 ἕν
804 3171 875 3250 θεην
906 3160 1053 3241 άπαθιῦς
1082 3168 1175 3227 σννέ-

85 3289 115 3340 Ε
144 3295 303 3357 στηκεν.
300 3265 384 3334 Ι(έν
366 3278 445 3355 ημῖν
467 3266 528 3352 γάρ
550 3266 634 3332 κατά
656 3292 687 3331 τι
710 3271 809 3348 μέρος
831 3264 870 3328 τό
893 3264 1006 3327 θέλειν
1023 3259 1093 3326 ἐστὶ
1109 3285 1176 3324 πα-

135 3376 231 3448 θος,
263 3363 301 3432 ού
323 3365 362 3432 τό
391 3368 504 3432 θέλειν
533 3361 678 3448 εύσεβείν
708 3365 805 3447 λέγω,
840 3356 925 3426 ἀλλὰ
946 3356 984 3423 τό
1006 3360 1120 3424 θέλειν
1143 3382 1177 3422 τι

134 3465 323 3552 πράττειν,
348 3460 432 3548 ῦπερ
456 3463 545 3530 ἐστὶν
567 3459 652 3546 ὑπὲρ
676 3460 787 3548 φύσιν,
812 3457 868 3524 διά
889 3456 929 3523 τὸ
947 3483 996 3573 μη
980 3455 1216 3523 δύνασθαιτῦ

132 3564 321 3634 ἐπιτελεῖν
342 3562 382 3627 τό
403 3564 550 3647 καθῆκον
573 3563 631 3624 τοῦ
654 3558 895 3643 θελήματοςο
877 3549 996 3620 οἷον(
973 3578 1017 3632 ως
1040 3549 1139 3620 έπί
1121 3580 1179 3619 αν-

126 3661 288 3781 θρώπιμ
311 3659 476 3744 λέγειντί)
500 3683 639 3743 πτηναι,
674 3656 713 3721 τὸ
743 3656 789 3734 είς
812 3650 893 3738 ἀέρα
922 3657 1105 3739 φέρεσθαι,
1139 3651 1178 3716 τὸ

124 3762 213 3840 τὰς
228 3760 357 3847 φλέβας
370 3780 431 3823 τοο
416 3760 553 3840 βυθοῦ
571 3778 784 3873 κατανοησαι,
807 3775 846 3816 τσ
833 3751 985 3817 εἰδέναι
1002 3755 1179 3830 πυθμένας

124 3863 222 3946 γῆς.
246 3858 301 3923 καὶ
324 3855 366 3920 τά
387 3854 518 3932 τούτοις
541 3850 649 3937 ὅμοια.
684 3849 763 3918 ὅσον
787 3851 823 3916 δέ
846 3846 993 3916 έστινέν
1016 3846 1090 3929 έιωὶ
1113 3870 1180 3911 πα-

125 3956 307 4044 θητικιῦς
334 3951 564 4034 συνεχόμενον,
602 3952 762 4015 τοσοῦτον
796 3948 830 4015 ἐν
857 3949 904 4031 τῷ
931 3947 1004 4031 θεῷ
1033 3941 1221 4023 ἀπαθῶςοο

129 4047 298 4123 ἐστιν’
280 4050 439 4135 ὑπάρχον.
489 4048 545 4115 διά
567 4050 664 4113 τοῦτο
688 4044 799 4111 πάντα
822 4041 886 4110 ὅσα
904 4043 1064 4160 βούλεται
1086 4041 1181 4107 ῦύνα-

128 4173 211 4219 ται
240 4147 418 4230 πράττειν,
450 4150 509 4235 τῆς
537 4144 671 4264 ηνύσεως
697 4138 786 4228 αύτῳ
819 4140 863 4227 μὴ
895 4135 1183 4259 ἀντιπραττούσης

139 4246 244 4335 πρὸς
266 4245 306 4311 τό
327 4245 487 4333 βούλημα,
515 4269 574 4332 της
596 4245 633 4310 δὲ
654 4238 813 4328 ἡμετέρας
843 4234 918 4306 ένε
900 4243 977 4326 ημῖν
1000 4233 1184 4319 ἀντιπρατ-
