2867 5084
491 986 829 1038 Lxx111.·11.ma1›mot.
1102 978 1164 1040 287

144 1161 249 1220 σαμεν
273 1127 329 1202 οῦν
353 1137 400 1215 είς
421 1145 550 1222 πατέρα
571 1140 624 1204 καί
648 1137 721 1204 υίὸν
742 1141 795 1204 καὶ
819 1135 912 1225 ἅγιον
935 1143 1074 1222 πνεῦμα,
1109 1144 1165 1207 οῦκ

141 1236 190 1312 είς
224 1243 357 1320 κτίστην
389 1239 443 1300 καὶ
471 1243 601 1318 κτίσμα.
651 1234 732 1303 ἀλλο
761 1236 822 1321 γάρ
852 1237 923 1303 ἐστι
950 1243 1082 1323 κτίστης
1108 1239 1165 1303 καὶ

140 1339 275 1414 κτίσμα,
299 1331 380 1397 ἀλλο
403 1331 511 1418 πατὴρ
534 1337 587 1398 καὶ
611 1329 629 1397 δ
651 1333 732 1410 υίὸς,
764 1332 851 1398 διότι
872 1333 1067 1417 κεχώρισται
1088 1334 1165 1400 τοά-

141 1456 208 1495 των
232 1429 446 1516 ἑκάτεροντῇ
470 1430 588 1517 ἐννοίᾳ.
619 1429 741 1513 τὸγὰρ
764 1437 885 1511 κτίσμα
907 1432 1007 1513 λέγων
1029 1435 1163 1515 πρῶτον

140 1534 277 1611 κτίστην
300 1531 395 1613 φημί,
418 1529 471 1592 καὶ
494 1527 532 1592 τὸ
556 1527 636 1605 υίὸς,
668 1523 713 1604 ῶς
741 1522 810 1592 ἀπὸ
840 1531 1035 1609 σωματικῶν
1058 1541 1189 1611 προσ-5

119 1623 408 1706 ίλαμβανόμενον,
442 1623 496 1689 καὶ
526 1624 581 1689 διὰ
611 1624 653 1690 τὰ
681 1624 779 1709 πάθη
808 1627 862 1689 καὶ
892 1622 952 1701 τὰς
980 1618 1165 1706 ἀπορροίας

138 1725 206 1786 τῶν
231 1724 426 1803 σωματικῶν
442 1727 595 1804 πατέρων
618 1725 670 1786 καί
692 1722 773 1786 υίῶν
787 1725 946 1804 καθαρῶς
968 1720 1025 1804 τὴν
1047 1725 1107 1786 τοῦ
1130 1722 1165 1801 ἓξ

138 1813 321 1900 ἀσωμάτου
344 1817 471 1901 πατρὸς
494 1814 672 1900 ἀσωμάτου
693 1819 766 1884 υἱοῦ
784 1814 933 1902 ὕπαρξιν,
957 1818 1088 1903 ἵστησιν
1112 1820 1163 1884 ἓν·

137 1939 245 1982 νοιαν.
288 1916 344 1981 διὰ
365 1919 462 1979 τοῦτο
486 1918 539 1980 καὶ
562 1919 619 2001 τὴν
641 1918 700 1980 τοῦ
722 1922 900 1996 κτίσματος
922 1910 991 1980 ἀπὸ
1015 1940 1162 1999 σωματι-
1204 1948 1215 1965 ·

137 2015 197 2080 κοῦ
226 2013 434 2094 παρίπλεξεν
469 2013 606 2078 ἔννοιαν.
663 2015 715 2077 καί
746 2012 861 2098 ἐπειδη
897 2013 935 2076 τὸ
967 2020 1088 2094 κτίσμα
1121 2008 1201 2078 οῦιο

135 2121 236 2177 ποιεῖ
258 2109 329 2175 υἱὸν
350 2109 461 2192 μόνον,
497 2105 566 2175 ἀπὸ
587 2112 647 2174 τοῦ
670 2114 802 2174 κτιστοῦ
825 2111 877 2174 καί
901 2113 959 2172 τοῦ
982 2117 1160 2192 κτίσματος

135 2207 252 2291 λαβὼν
274 2205 312 2271 τὸ
336 2202 470 2283 ἀπαθὲς
497 2211 556 2271 τοῦ
579 2207 759 2285 κτίζοντος,
796 2202 841 2283 ῶς
863 2205 948 2289 πρὸς
969 2206 1007 2270 τὸ
1029 2213 1160 2287 κτίσμα,

132 2307 276 2371 καὶτοῦ
299 2310 486 2385 κτίσματος,
509 2303 548 2367 τὸ
571 2304 607 2382 ἕξ
628 2299 787 2380 ἀπαθοῦς
812 2306 871 2368 τοῦ
893 2303 1058 2381 κτίζοντος
1081 2299 1162 2387 ὑφε-

132 2404 267 2478 στῶτος
290 2400 413 2484 πάγων
435 2402 560 2481 κτίζων,
586 2401 738 2485 ἐβούλετο
761 2401 889 2466 τελείαν
912 2399 945 2464 ἐκ
967 2403 1025 2464 τοῦ
1048 2423 1161 2481 σωμα-

129 2502 231 2566 τικοῦ
255 2497 383 2581 πατρὸς
405 2502 457 2564 καὶ
481 2497 552 2563 υἱὸν
576 2498 611 2564 ἐκ
633 2501 822 2579 σωματικοῦ
851 2499 983 2562 κτιστοῦ
1008 2499 1063 2561 καὶ
1091 2505 1160 2562 κτί-
1175 2511 1202 2560 15

85 2599 115 2650 ὓ
132 2619 278 2680 σματσς,
300 2595 358 2681 τὴν
380 2598 456 2679 περὶ
479 2594 607 2678 πατρὸς
629 2596 683 2661 καί
698 2595 772 2660 υίοῦ
792 2597 950 2678 καθαρῶς
963 2590 1049 2679 ἡμᾶς
1064 2592 1161 2659 ἐπαί-

127 2697 253 2762 δευσεν
277 2692 413 2759 ἔννοιαν.
456 2687 702 2780 ἀφαιρουμένου
724 2692 785 2776 γὰρ
809 2687 959 2757 ἀπὸτοῦ
983 2697 1160 2772 κτίσματος

126 2795 194 2858 τοῦ
217 2815 257 2856 τε
278 2790 403 2868 ἔξωθεν
425 2785 616 2876 ὑφεστῶτος
642 2791 778 2854 καὶτοῦ
801 2786 913 2854 ῦλικοῦ
936 2790 1078 2852 καὶτῶν
1101 2785 1160 2853 ἀί.-

126 2892 212 2965 λων,
246 2882 375 2969 ὅσαπερ
400 2889 588 2968 σωματικοῦ
610 2893 790 2968 κτίσματος
804 2884 850 2951 ’τὸ
874 2885 979 2968 ὄνομα
1002 2890 1156 2967 περιέχει,

129 2986 220 3070 μόνη
250 2978 321 3049 ἀπὸ
349 2987 407 3048 τοῦ
439 2990 617 3066 κτίσματος
648 2991 740 3067 μίνει
768 2979 786 3069 ἡ
817 2980 955 3066 ἀπαθής
985 3007 1071 3069 φημι
1100 2986 1201 3050 τοῦτο

130 3089 316 3163 κτίσματος
337 3084 389 3146 καὶ
413 3082 522 3146 τελεία
543 3084 602 3145 τοῦ
624 3082 823 3163 κτιζομένου,
845 3081 900 3144 καί
915 3074 986 3144 οἷον
1000 3074 1159 3163 ἠβούλετο

134 3175 152 3244 ὁ
176 3178 294 3258 κτίζων
316 3179 491 3258 κτίζεσθαι
512 3176 550 3242 τὸ
573 3178 770 3259 κτιζὸμενον,
795 3180 914 3242 ἔννοια.
957 3176 985 3241 εί
1009 3166 1065 3239 οὖν
1089 3170 1159 3239 ἀπὸ

134 3278 195 3342 τοῦ
218 3278 352 3341 κτιστσῦ
376 3277 428 3340 καί
451 3277 510 3339 τοῦ
532 3281 710 3358 κτίσματος
740 3273 781 3338 τὰ
810 3271 895 3338 ἀλλα
918 3271 1019 3336 πάλιν
1043 3271 1158 3354 ἐκβάλ-

136 3374 258 3451 λοντες,
281 3370 340 3456 τὴν
365 3371 400 3451 ἐξ
422 3366 580 3449 ἀπαθοῦς
608 3375 665 3435 τοῦ
695 3370 861 3449 κτίζοντος
888 3370 941 3433 καὶ
974 3369 1100 3433 τελείου
1123 3393 1159 3434 τε

136 3474 188 3536 καλ
205 3476 330 3552 παγίσυ
345 3471 400 3534 καί
416 3463 488 3533 οἷον
504 3467 656 3549 ἐβούλετο
673 3462 811 3533 εἶναιτὸ
827 3472 948 3548 κτίσμα
961 3464 1063 3551 μόνην
1077 3466 1198 3548 λαμ-25

95 3565 321 3652 Β*λιίανσμίνην
344 3565 489 3644 ἔννοιαν,
524 3561 710 3631 ἀκόλουθόν
742 3564 830 3629 ἐστιν
859 3559 1008 3628 ἀπὸτοῦ
1031 3562 1159 3646 πατρὸς

134 3668 188 3731 καί
223 3665 283 3730 τοῦ
307 3662 380 3728 vlo&
410 3657 595 3746 ὀνομάτων,
630 3661 745 3746 ἐπειδη
774 3660 920 3744 μάλιστα
953 3659 1000 3736 είς
1029 3665 1158 3741 πατέρα

133 3760 190 3828 καὶ
211 3759 286 3827 υλὸν
307 3759 478 3826 πιστεύειν
501 3759 731 3845 ἐδιδάχθημεν.
775 3764 855 3840 μίαν
884 3745 941 3821 οὖν
968 3782 1043 3821 τινα
1066 3752 1156 3821 εὗσε-

131 3862 202 3943 βῶς
226 3857 407 3940 λαμβάνειν
428 3852 515 3942 ἡμᾶς
538 3858 666 3922 ἐ’ννοιαν
690 3857 768 3920 δεῖ.“’

220 3962 252 4020 4.
284 3952 369 4020 “Aah
391 3956 443 4019 καί
468 3952 526 4018 ἐπὶ
547 3952 653 4038 τούτῳ
680 3951 917 4034 ίκβαλλομίνσυ
940 3950 998 4014 τοῦ
1014 3947 1096 4013 κατὰ
1117 3946 1198 4014 τὸθθ

130 4051 263 4129 πάθος,
291 4045 311 4137 ἢ
333 4045 511 4136 ἀπορροὴν,
535 4049 592 4116 τὸν
615 4054 744 4131 πατέρα
769 4053 899 4129 πατέρα
920 4050 1075 4111 νοεῖσθαι
1098 4046 1156 4108 τοῦ

130 4149 208 4217 υλσῦ
225 4145 352 4213 καὶτὸν
374 4147 446 4213 υἱὸν
467 4147 511 4233 μὴ
535 4148 766 4230 σπερματικῶς
788 4143 1069 4227 καταβεβλημίνσν
1092 4163 1158 4205 σω-

128 4254 289 4331 ματικοῖς
307 4243 439 4332 φύσεως
460 4245 675 4312 τελειοῦσθαι
696 4247 749 4310 καί
772 4243 976 4322 κινουμένοις
997 4232 1049 4304 ἀεὶ
1072 4236 1157 4322 πρὸς

1080 4368 1291 4640 ρ
