2867 5084
484 996 500 1027 ²
577 1008 695 1061 mm.
715 1009 904 1061 ANomofor.
1189 1000 1263 1062 379·

226 1155 348 1239 οάσίας
371 1160 543 1228 διαστάσει
565 1161 604 1227 τὸ
627 1161 780 1249 γεννητὸν
803 1161 970 1249 έγεννήθη,
996 1156 1064 1228 ἀλλ’
1084 1162 1120 1243 ἕξ
1140 1157 1257 1242 οάσέας

226 1254 469 1345 ὑποστησάσης
492 1256 581 1325 αάτό.
619 1261 678 1343 τὴν
700 1259 761 1343 γὰρ
785 1255 885 1345 αὐτὴν
902 1255 1017 1326 οάσίαν
1033 1261 1088 1326 καὶ
1102 1261 1257 1348 γεννητὴν

228 1350 317 1422 εἶναι
339 1361 394 1422 καί
417 1351 592 1442 ἀγέννητον
615 1351 725 1434 οάδείς
748 1358 843 1439 λόγος
867 1352 1002 1442 εάσεβης
1025 1358 1209 1442 ἐπιτρέπει.

317 1453 356 1534 ς’.
393 1455 436 1519 Εἴ
455 1454 495 1518 τὸ
519 1450 692 1539 ἀγέννητον
723 1453 898 1539 ε’γεννηθη,
929 1462 963 1519 τί
985 1455 1102 1522 κωλύει
1124 1456 1163 1520 τὸ
1185 1481 1266 1540 γεν-.

228 1549 329 1636 νητδν
353 1544 527 1634 ἀγέννητον
549 1558 734 1636 γεγονέναι,·
777 1553 903 1634 μᾶλλον
925 1551 986 1638 γὰρ
1008 1556 1067 1616 τοῦ
1091 1548 1287 1618 ἀνοικείουίίΙ

216 1647 288 1713 ’ἐπὶ
310 1645 350 1712 τὸ
374 1643 474 1734 αἰτῇς
497 1649 619 1714 οἰκείαν
641 1650 809 1732 ἐπείγεται
831 1653 926 1714 πᾶσα
950 1649 1059 1735 φύσις.

200 1761 218 1810 c
317 1745 355 1825 ζ.
386 1745 427 1810 Εἰ
448 1745 493 1831 μη
518 1743 594 1824 ὅλος
618 1741 635 1810 ὁ
658 1746 740 1823 θεὸς
764 1741 936 1832 ἀγέννητὸς
952 1748 1051 1826 ἐστιν,
1076 1742 1171 1813 οάδὲν
1192 1771 1258 1813 κω·

228 1842 301 1908 λύει
323 1842 363 1907 τὸ
384 1850 607 1929 γεγεννηκέναι
630 1838 811 1921 οάσιωδως.
844 1845 873 1910 εἰ
896 1846 931 1910 δὲ
955 1842 1033 1922 ὅλος
1051 1845 1140 1911 έστίν
1162 1844 1257 1929 ἀγέν-

228 1964 342 2026 νητος,
378 1937 435 2006 οὐκ
458 1936 629 2019 οὖσιωδιῦς
659 1941 705 2019 είς
734 1947 861 2026 γένεσιν
893 1943 1022 2029 διέστη,
1058 1942 1192 2029 ἐξουσίᾳ
1220 1944 1257 2009 δέ

228 2035 399 2124 ἀπέστησε
420 2037 460 2103 τὸ
482 2044 633 2125 γέννημα.
1268 2054 1296 2106 10

316 2133 357 2221 η’.
390 2136 431 2200 El
454 2133 532 2215 ὅλος
554 2137 622 2202 ἐστὶ
647 2136 832 2222 γεννητικὸς
855 2132 873 2200 ὁ
896 2130 1069 2223 ἀγέννητος
1084 2135 1175 2214 θεὸς,
1200 2130 1258 2202 οὐκ

231 2225 406 2310 οὗσιωδιῖις
428 2232 467 2298 τὸ
489 2236 647 2320 γεννηθέν
671 2234 839 2320 ἐγεννήθη,
865 2230 942 2313 ὅλης
965 2232 1101 2319 ἐχούσης
1122 2236 1181 2319 τῆς
1203 2229 1259 2297 οά-

230 2337 309 2408 σίας
332 2325 433 2395 αὐτοῦ
456 2330 495 2395 τὸ
517 2335 641 2416 γεννᾶν,
666 2326 735 2396 ἀλλ’
762 2326 800 2395 οὐ
822 2330 861 2395 τὸ
882 2333 1075 2417 γεννᾶσθαι,

318 2427 366 2493 θ’.
405 2429 505 2513 Εἰιδὲ
527 2436 881 2515 μετασχηματισθεῖσα
911 2423 930 2513 ἡ
962 2422 1061 2492 οάσία
1087 2429 1146 2491 τοῦ
1174 2428 1258 2494 θεοῦ

206 2530 377 2611 σγέννημα
400 2527 536 2610 λέγεται,
562 2530 618 2591 οίκ
641 2521 866 2613 ἀμετάβλητος
895 2522 914 2611 ἡ
939 2520 1037 2590 οάσία
1060 2519 1171 2604 αὐτοῦ,
1200 2527 1259 2611 τῆς
1270 2542 1301 2594 15·

224 2624 418 2710 μεταβολῆς
442 2623 663 2708 ἐργασαμένης
684 2624 741 2707 τὴν
764 2624 837 2689 υἱοῦ
862 2624 1077 2709 ίδιοποίησιν.

320 2719 354 2785 ι’.
384 2721 426 2786 Εί
449 2722 485 2785 δὲ
508 2721 557 2806 εἴη
580 2724 634 2786 καί
659 2715 885 2806 ἀμετάβλητος
906 2724 959 2787 καί
976 2726 1132 2805 γενέσεως
1153 2725 1261 2804 κρείτὲ

222 2845 298 2884 των
321 2812 341 2904 ἦ
367 2812 463 2882 ουσία
491 2821 549 2882 τοῦ
573 2821 672 2896 θεοῦ,
707 2818 746 2883 τὸ
776 2819 859 2885 κατὰ
885 2818 943 2883 τὸν
966 2816 1037 2883 υἱὸν
1068 2819 1130 2896 ἕως
1158 2821 1261 2900 ψιλῖς

223 2921 464 3000 προσηγορίας
487 2909 783 3002 δμολογηθησεται.

323 3011 377 3078 ια’.
409 3012 451 3077 Εἰ
474 3017 706 3096 σπερματικῶς
734 3004 772 3098 ἦν
803 3013 836 3079 έν
864 3016 911 3098 τῷ
938 3007 1102 3099 ἀγεννήτῳ
1125 3016 1198 3097 θεῷ
1221 3012 1304 3082 τὸτί

218 3116 389 3196 γέννημα,
413 3109 497 3192 μετὰ
518 3110 575 3197 την
598 3118 747 3196 γέννησιν
777 3113 903 3189 ἔξωθεν
925 3109 1128 3193 προσλαβὸν,
1153 3106 1198 3186 ὡς
1220 3104 1261 3175 ἀν

220 3211 333 3277 εἴποι
355 3232 415 3285 τις,
441 3202 607 3295 ἠνδρώθη.
648 3210 774 3286 τέλειος
797 3199 854 3273 οὖν
877 3208 965 3274 ἔστιν
989 3204 1006 3270 ὁ
1030 3205 1118 3283 υίὸς,
1148 3201 1205 3270 οάκ
1228 3205 1264 3285 ἒξ

173 3297 278 3373 adv
306 3304 476 3390 ἐγεννήθη,
507 3300 575 3370 ἀλλ’
602 3305 637 3384 ἐξ
658 3295 704 3371 ὧν
727 3307 924 3389 προσέλαβε.
967 3301 1009 3367 τὰ
1030 3301 1092 3386 γὰρ
1115 3324 1263 3387 συγγενι-

211 3408 303 3482 κῶς
324 3403 627 3486 προσλαμβάνοντα
650 3400 695 3481 ὠς
718 3403 753 3481 ίξ
775 3401 905 3468 ἐκείνων
931 3403 1121 3466 συνεστῶτα
1143 3400 1181 3465 τὸ
1204 3402 1262 3467 τοῦ

210 3503 366 3570 τελείου
390 3497 494 3583 ὄνομα
517 3499 688 3588 διαφόρως
709 3505 917 3583 προσίεσθαι
939 3503 1095 3586 πέφυκεν.
1270 3513 1302 3565 25

326 3597 379 3682 ιβ.
412 3598 453 3663 Εἰ
468 3599 595 3664 τέλειον
611 3587 648 3684 ἢν
663 3597 703 3662 τὸ
717 3602 859 3682 γέννημα
875 3595 908 3663 έν
924 3589 1097 3684 ἀγεννητῳ,
1120 3594 1264 3681 γέννημά

208 3694 311 3764 ἔστι
333 3697 387 3760 καί
411 3690 470 3760 οὐκ
492 3695 527 3774 έξ
548 3684 593 3760 ὧν
617 3690 634 3760 δ
658 3689 832 3778 ἀγέννητος
861 3688 942 3760 αάτὸ
971 3693 1146 3779 ἐγέννησεν.
1191 3717 1266 3778 γεν-

207 3792 339 3881 νητὴν
362 3790 423 3877 γὰρ
446 3792 547 3878 φύσιν
571 3792 603 3858 έν
627 3790 790 3877 ἀγεννήτῳ
804 3785 900 3878 οάσίᾳ
916 3785 974 3856 σάκ
990 3790 1152 3872 ἐνδέχεται
1168 3784 1262 3856 εἶναι.

204 3891 276 3955 τὸ
299 3887 364 3975 γάρ
389 3885 470 3954 αάτὸ
494 3884 579 3955 εἶναί
606 3895 642 3955 τέ
664 3890 735 3955 ἔστι
757 3892 810 3954 καί
834 3888 877 3973 μὴ
901 3883 994 3954 εἶναι.
1038 3894 1181 3972 γέννημα
1202 3885 1263 3973 γὰρ

212 3981 418 4074 ἀγέννητον
442 3981 499 4052 οάκ
523 3986 602 4063 ἔστι,
632 3990 686 4052 καί
710 3981 883 4071 ἀγέννητον
913 3978 950 4049 ἀν
973 3989 1113 4070 γέννημα
1136 3977 1194 4049 οὐκ
1214 3973 1307 4069 ἥκω

173 4089 191 4137 Ι
212 4087 300 4150 τοῦ
325 4078 485 4166 ἀνομοίου
506 4091 626 4166 μέρους
655 4084 711 4150 ἐπὶ
742 4086 825 4150 θεοῦ
847 4085 1062 4168 βλασφημίας
1082 4079 1189 4148 τύπον
1210 4083 1267 4149 καί

217 4173 338 4267 ἱίβριν
362 4180 546 4262 ἐπέχοντος.

330 4276 381 4362 ιγ’.
412 4277 454 4344 El
476 4275 652 4364 ἀγεννήτου
677 4277 808 4366 φύσεως
829 4272 985 4360 ὑπάρχων
1008 4271 1124 4354 ὁθεὸς
1146 4269 1267 4344 δπσν·
