2867 5084
580 983 701 1036 ικκιιι.
721 988 922 1038 ιιιιιινιιιοι.
1200 980 1262 1042 297

238 1131 296 1197 καὶ
319 1129 387 1198 κατ’
412 1127 528 1202 οόοίαν
549 1134 608 1220 τὴν
632 1143 755 1222 σοφίαν
782 1139 842 1202 τοῦ
871 1141 979 1224 σοφοῦ
1007 1141 1108 1219 θεοῦ,
1144 1136 1190 1219 ὥς
1216 1141 1262 1227 μῆ

238 1230 344 1313 λέγων
366 1230 423 1296 τὸν
447 1231 554 1319 σοφὸν
576 1235 633 1317 τῆς
656 1242 779 1319 σοφίας
794 1229 930 1320 ἀληθῶς
945 1240 1083 1320 πατέρα,
1107 1235 1263 1322 ἀνάθεμα

185 1327 335 1393 δέῖὲοτω.
381 1331 436 1394 καί
458 1331 490 1396 εἰ
509 1355 561 1407 τις
582 1328 639 1394 τὸν
661 1330 744 1396 θεὸν
768 1335 852 1397 νοῶν
875 1331 933 1396 τὸν
960 1339 1104 1417 πατέρα,
1139 1335 1196 1400 τὸν
1225 1336 1262 1402 δέ

238 1423 273 1490 ἐν
295 1418 378 1512 ἀρχῇ
402 1425 499 1510 λόγον
522 1452 557 1492 τε
578 1429 632 1492 καὶ
650 1427 731 1493 θεὸν
753 1430 871 1493 τοῦτον
887 1429 977 1513 λέγοι
998 1428 1084 1520 πρός
1104 1431 1261 1499 τὸνθεόν

237 1520 336 1605 λόγον
359 1526 469 1589 τεκαὶ
492 1523 575 1591 θεὸν
598 1518 686 1609 αὐτῷ
708 1528 756 1610 τῷ
779 1528 851 1610 θεῷ
874 1529 920 1610 τῷ
944 1525 1029 1610 πρὸς
1053 1524 1089 1592 ὃν
1108 1526 1204 1614 λόγος
1225 1544 1285 1595 τείν

236 1624 293 1684 καί
315 1618 415 1698 θεὸς,
449 1617 494 1699 ὠς
515 1621 559 1707 μῆ
582 1622 684 1705 λέγων
708 1617 845 1708 ἀληθῶς
867 1621 954 1702 υἱὸν,
988 1619 1142 1706 ἀνάθεμα
1165 1625 1258 1691 ἔστω.

237 1719 291 1781 καὶ
317 1718 349 1783 εἰ
368 1742 419 1795 τις
440 1719 498 1784 τὸν
519 1722 678 1806 μονογενῆ
707 1719 790 1785 θεὸν
819 1717 915 1803 λόγον
946 1719 1016 1786 υίὸν
1044 1715 1172 1787 ἀκούων
1200 1724 1260 1788 τοῦ

236 1816 323 1880 θεοῦ
346 1813 431 1897 πρὸς
454 1813 490 1880 ὃν
514 1811 532 1880 5
555 1813 652 1900 λόγος
673 1842 709 1883 τε
731 1815 786 1881 καὶ
814 1814 894 1894 θεὸς
909 1811 1067 1900 ἀνόμοιον
1083 1820 1181 1903 λέγοι,
1206 1823 1259 1886 καί

235 1904 306 1975 κατ’
332 1905 447 1979 οάοίαν
470 1912 526 1977 τὸν
549 1913 631 1978 θεὸν
655 1913 752 1999 λόγον
774 1912 985 1998 τοῦπατρὸς,
1008 1915 1176 1994 τὸνθεόν,
1200 1920 1258 1981 τοῦ

236 2008 323 2073 θεοῦ
357 2011 411 2074 καί
450 2010 577 2092 πατρὸς
617 2010 702 2094 πρός
732 2008 768 2076 ὃν
797 2006 815 2075 5
842 2011 1020 2099 μονογενῆς
1048 2012 1082 2078 ἰν
1111 2008 1191 2099 ἀρχῇ
1221 2003 1259 2100 ῆν
1272 2026 1300 2075 1ο

235 2103 320 2182 θεὸς
342 2104 447 2190 λόγος,
472 2103 516 2185 ὡς
536 2105 581 2193 μῆ
605 2108 707 2192 λέγων
731 2103 868 2194 άληθῶς
886 2108 966 2188 υίὸν,
991 2104 1146 2192 ἀνάθεμα
1162 2111 1257 2177 ἔστω.

235 2204 290 2267 καί
315 2202 349 2268 εἰ’
367 2228 419 2280 τις
442 2204 550 2270 εἰκόνα
572 2201 700 2271 ἀκούων
722 2205 780 2271 τὸν
802 2206 873 2272 υίὸν
895 2209 953 2271 τοῦ
970 2209 1052 2273 θεοῦ
1075 2210 1133 2272 τοῦ
1156 2203 1259 2291 ἀορά-

234 2322 295 2364 του
318 2299 438 2365 ταυτὸν
461 2302 550 2387 λέγοι
571 2302 629 2388 τῆν
653 2302 762 2369 εἰκόνα
790 2307 836 2388 τῷ
865 2307 936 2389 θεῷ
965 2306 1012 2388 τῷ
1035 2297 1183 2388 ἀοράτῳ,
1213 2299 1259 2382 ὡς

200 2405 279 2481 Βμῆ
303 2392 474 2481 ὁμολογῶν
497 2395 633 2485 ἀληθῶς
656 2399 737 2478 υἱὸν,
762 2396 916 2484 ἀνάθεμα
939 2400 1032 2465 ἰοτω.
1077 2402 1131 2465 καὶ
1155 2401 1187 2466 εἴ
1206 2426 1258 2479 τις

234 2494 348 2560 εἰκόνα
381 2493 507 2561 ἀκούων
535 2496 592 2563 τὸν
619 2501 778 2582 μονογενῆ
810 2498 880 2563 υἱὸν
911 2500 970 2562 τοῦ
1000 2491 1145 2580 ἀοράτου
1174 2501 1299 2563 θεοῦ15

234 2587 395 2675 ἀνόμοιον
419 2593 508 2678 λέγοι
529 2598 582 2660 καί
605 2588 672 2661 κατ’
699 2589 815 2660 οόοίαν
843 2593 901 2659 τὸν
924 2592 1010 2671 υἱὸν,
1041 2594 1151 2659 εἰκόνα
1179 2592 1258 2660 ὄντα

233 2691 294 2754 τοῦ
317 2692 401 2755 θεοῦ
423 2694 482 2756 τοῦ
505 2685 658 2774 ἀοράτου,
684 2681 723 2756 οὗ
746 2690 840 2758 εἰκὼν
862 2694 917 2757 καί
938 2686 1005 2757 κατ’
1031 2685 1147 2758 οὐσίαν
1171 2703 1257 2758 νοεῖ-

233 2811 301 2866 ται,
326 2782 371 2864 ὡς
394 2782 530 2872 άληθῶς
549 2787 594 2873 μῆ
618 2790 721 2874 λέγων
744 2787 824 2867 υίόν,
849 2786 1003 2871 ἀνάθεμα
1026 2789 1120 2854 ἔσται.
1150 2792 1203 2855 καί
1228 2790 1260 2856 εἰ

234 2908 288 2961 τις
316 2878 443 2950 ἀκούων
472 2889 530 2950 τοῦ
560 2885 632 2951 υἱοῦ
661 2888 812 2970 λέγοντος
845 2882 978 2970 ’ὥσπερ
1008 2886 1070 2970 γάρ
1100 2882 1118 2951 5
1146 2886 1256 2972 πατῆρ

235 2983 302 3062 ἔχει
331 2980 415 3067 ζωῆν
443 2982 477 3048 έν
507 2983 629 3067 ἓαυτῷ,
661 2979 748 3049 οὕτω
775 2982 830 3048 καὶ
858 2987 905 3069 τῷ
935 2984 995 3068 υἱῷ
1023 2983 1144 3050 δέδωκε
1173 2984 1303 3069 ζωῆνοο·

235 3078 321 3158 ἔχειν
343 3077 377 3144 ἰν
400 3078 535 3163 ἑαυτῴ,”
570 3080 691 3145 ταυτὸν
713 3082 799 3164 λέγει
821 3079 877 3145 τὸν
901 3079 1060 3166 εἰληφότα
1083 3080 1175 3164 παρὰ
1198 3084 1256 3145 τοῦ

235 3172 364 3260 πατρὸς
386 3175 445 3260 τῆν
468 3176 567 3262 ζωῆν,
601 3180 654 3242 καὶ
684 3174 907 3261 ὁμολογοῦντα
935 3175 974 3241 τό
1002 3172 1109 3261 θ’κάγώ
1133 3178 1177 3256 ζῶ
1201 3177 1264 3241 διὰ,

232 3270 291 3337 τὸν
313 3277 461 3356 πατέρα’
483 3277 530 3358 τῷ
554 3274 721 3353 δεδωκότι,
754 3268 909 3356 ἀνάθεμα
938 3273 1031 3338 ἰότω.
1077 3276 1130 3337 καὶ
1154 3273 1257 3350 εἴτις

233 3363 364 3435 ἀκούων
385 3369 424 3435 τὸ
449 3367 582 3453 ’κόσττερ
604 3372 666 3455 γὰρ
697 3367 714 3435 5
743 3370 852 3457 πατὴρ
883 3369 966 3454 ζωῆν
994 3369 1059 3451 ἔχει
1081 3368 1115 3435 ίν
1138 3369 1254 3455 ἑαυτῷ,

185 3475 211 3528 2
233 3464 323 3533 οὕτω
352 3471 407 3533 καί
434 3470 481 3553 τῷ
510 3468 570 3553 υἱῷ
600 3469 699 3535 ἔδωκε
731 3467 814 3553 ζωῆν
843 3467 926 3548 ἔχειν
955 3466 988 3532 ἰν
1019 3466 1144 3552 ἕαυτῴ”
1179 3464 1295 3536 ἀνά-λδ

224 3587 332 3647 μοιον
355 3565 445 3648 λέγοι
466 3561 533 3630 κατ’
559 3562 674 3632 οόοίαν
702 3565 760 3631 τὸν
791 3563 861 3629 υἱὸν
888 3568 934 3649 τῷ
962 3570 1079 3648 πατρὶ,
1115 3566 1256 3650 διαμαρ-

222 3660 412 3745 τυρόμενος
435 3657 487 3728 ότι
516 3658 620 3741 οὕτως
649 3664 714 3745 ἔχει
738 3657 783 3739 ὡς
805 3662 939 3747 εἰρῆκεν,
975 3658 1129 3746 ἀνάθεμα
1160 3663 1253 3728 ἔστω.
1349 3692 1351 3698 ·

227 3757 381 3848 φανερὸν
403 3758 464 3843 γάρ
488 3754 540 3825 ὅτι
561 3763 619 3845 τῆς
642 3761 727 3844 ζωῆς
748 3762 806 3844 τῆς
828 3759 862 3825 ἰν
883 3762 930 3845 τῷ
953 3763 1056 3843 πατρὶ
1080 3766 1256 3844 νοουμένης

223 3851 351 3933 οὐσίας
373 3862 623 3943 υῆμαινομίνῆς,
661 3859 715 3924 καί
743 3858 801 3940 τῆς
830 3856 914 3943 ζωῆς
945 3859 1004 3942 τῆς
1032 3860 1090 3921 τοῦ
1119 3878 1255 3940 μονογε-

224 3955 310 4032 νοῦς
331 3954 392 4039 τῆς
414 3954 448 4021 ἐκ
469 3956 528 4019 τοῦ
551 3954 678 4038 πατρὸς
692 3959 922 4039 γεγεννῆμένῆς
937 3950 1052 4031 οάοίας
1068 3958 1253 4037 νοουμένης,
1263 3966 1300 4016 30

225 4051 270 4117 τὸ
294 4047 403 4130 οὕτως
436 4050 494 4137 τῆν
518 4046 697 4137 ὁμοιότητα
726 4053 784 4136 τῆς
813 4045 929 4128 οὐσίας
949 4049 1035 4134 πρὸς
1058 4044 1173 4116 οάοίαν
1196 4071 1255 4135 οῆ-

230 4155 355 4230 μαίνει.

322 4254 372 4314 11.
390 4249 455 4314 Καὶ
468 4247 501 4314 εἰ
513 4271 564 4325 τις
579 4246 617 4312 τὸ
634 4247 761 4315 ’ἰκτισέ
771 4248 831 4331 με”
846 4243 902 4313 καὶ
917 4242 955 4309 τὸ
973 4245 1087 4330 ς’γεννᾷ
1101 4245 1159 4327 με”
1175 4238 1252 4328 παρ’

1171 4428 1357 4520 Α
