2867 5084
201 924 267 987 946
604 932 696 983 tanea
715 928 826 982 aenou.

205 1092 416 1141 sacramentorum
435 1086 587 1134 ceremoniae
606 1101 633 1135 er
653 1085 788 1148 hpostniiea
808 1083 936 1132 traditione
957 1081 1052 1132 ttttoa

204 1158 328 1209 Sacrificio
347 1171 390 1204 cur
408 1155 472 1203 heus
491 1155 543 1216 ipse
562 1155 693 1203 instituerit
710 1152 789 1202 fieta.

204 1223 340 1276 Sadducaei
359 1222 438 1271 carnis
457 1223 660 1271 resurrectionem
679 1221 796 1282 negabam
814 1218 895 1268 557d.
931 1217 1131 1267 Sadducaeorum
1149 1217 1214 1265 haere

240 1293 274 1340 sis
292 1291 368 1353 primo
387 1289 530 1339 ludaeorum
549 1290 610 1339 blc.
647 1288 782 1338 Sadducaei
802 1288 864 1337 unde
884 1287 940 1335 dicti
961 1287 993 1336 ih.

206 1360 286 1410 Salem
305 1373 367 1421 quae
385 1359 417 1405 sit
435 1358 616 1407 Melchisedecis
635 1357 692 1406 urbs
712 1356 793 1406 lose.
837 1358 854 1404 l
874 1355 1018 1418 quibusdam
1040 1353 1111 1402 lcbus
1130 1361 1152 1401 et
1168 1365 1217 1399 nuuc

239 1425 370 1475 lerusalem
390 1431 488 1473 roeutur
507 1426 539 1474 ih.

206 1493 344 1544 Salomonis
363 1493 432 1541 locus
451 1493 582 1554 explicatus
602 1492 631 1541 de
649 1491 767 1555 sapientia
788 1490 830 1539 Dei
849 1489 897 1538 rts
909 1505 930 1558 a.
966 1488 1084 1537 Salomon
1105 1488 1220 1550 explicatur

214 1595 216 1598 >
241 1563 265 1610 in
285 1560 415 1624 proverbiis
435 1568 516 1608 contra
536 1562 618 1609 hrirrm
637 1559 716 1608 illd.

207 1629 339 1679 Samaritae
358 1628 416 1690 quid
435 1630 489 1690 sint,
515 1635 538 1676 et
558 1628 621 1676 unde
640 1627 675 1676 sic
693 1626 770 1675 vocati
789 1626 849 1675 lla.
893 1625 1028 1674 Samaritae
1047 1624 1138 1690 ulephtc
1161 1622 1220 1670 tiliam

241 1703 384 1744 venerantur
402 1694 480 1744 toan.
517 1697 687 1745 Samaritarum
707 1695 815 1744 haeresis
834 1693 894 1743 hla.
921 1693 1009 1741 Sectas
1028 1700 1136 1755 quatuor
1152 1691 1221 1739 Sama·

241 1765 341 1812 sitarum
360 1763 423 1812 unde
443 1764 552 1812 [luserint
570 1763 602 1812 23
614 1765 635 1811 h.
647 1779 668 1812 c.

207 1833 411 1880 Samaritanorum
430 1838 511 1879 sectae
529 1840 633 1894 qtratnor
650 1830 713 1880 28d.
745 1829 949 1878 Samaritanorum
968 1827 1081 1888 dogmata
1101 1825 1164 1875 hld.
1188 1825 1223 1873 Sa·

241 1898 350 1945 maritaui
371 1899 431 1946 oltra
451 1900 557 1962 quinque
577 1900 650 1948 libros
669 1899 756 1962 hlogsis
776 1897 853 1946 nullos
872 1897 932 1945 alios
951 1895 1084 1944 admittunt
1102 1894 1161 1943 28c.
1188 1894 1224 1941 Sa·

242 1966 350 2013 erraritani
377 1966 517 2014 idololatrae
543 1968 574 2016 25
589 1982 610 2015 a.
658 1967 862 2017 Samaritanorum
889 1965 949 2013 ritus
974 1970 1070 2012 veteres
1099 1962 1176 2011 stolidi
1201 1974 1223 2008 ac

242 2034 308 2081 stulti
327 2032 392 2082 aab.
510 2072 515 2080 .

208 2101 419 2149 Samosatennrnm
447 2100 557 2163 impietas
582 2101 660 2150 blla.
705 2102 794 2149 Contra
819 2100 872 2148 illos
897 2098 1013 2162 probatur
1040 2098 1109 2162 quod
1129 2098 1225 2147 Christus

243 2183 289 2216 nou
309 2169 339 2217 sit
359 2169 430 2217 horno
450 2168 549 2231 simplex
568 2170 599 2217 ih,
615 2171 637 2218 b.
674 2169 749 2217 Patris
775 2166 986 2217 consubstantialis
1013 2173 1051 2215 est
1076 2166 1140 2217 lilius
1158 2165 1224 2214 6152.

242 2237 319 2285 Unum
339 2237 483 2299 principium
503 2251 515 2284 o
534 2253 582 2299 otro
602 2237 665 2286 silius
683 2238 784 2286 manarit
802 2243 886 2285 contra
900 2235 997 2284 Paralum
1008 2235 1191 2284 samosatenum
1208 2239 1226 2280 et

243 2304 386 2352 llarcionem
406 2307 437 2353 ih.
449 2306 470 2352 d.
501 2305 578 2366 {mago
590 2307 664 2355 Patris
684 2314 721 2353 est
739 2305 802 2353 hlius
821 2312 904 2353 contra
923 2302 1022 2351 eosdem
1041 2302 1124 2353 aloa.
1154 2303 1227 2352 Samo·

242 2373 318 2420 saleni
339 2373 445 2421 haeresis
464 2381 617 2435 comparatur
636 2389 689 2422 cnm
708 2381 821 2435 serpente
840 2372 880 2435 qni
900 2371 995 2434 dryiuas
1013 2379 1115 2420 coeatur
1133 2370 1194 2419 int.

208 2440 393 2502 Sampsaeorum
414 2441 521 2488 haeresis
540 2442 631 2490 lxhttt
658 2450 713 2505 post
732 2440 949 2501 Christianismum,
975 2439 1063 2488 ordine
1084 2439 1135 2487 llll
1159 2438 1228 2487 tota.

244 2508 286 2556 Ubi
306 2509 408 2569 primum
428 2517 479 2556 orta
499 2509 530 2558 ib.
567 2509 686 2559 Vocantur
704 2509 775 2557 etiam
795 2507 902 2557 Elcesaei
922 2508 953 2555 ib.
982 2508 1054 2556 hiber
1073 2506 1154 2556 Elraei
1172 2506 1227 2554 iah

244 2575 369 2623 foeminas
389 2575 448 2625 duas
465 2590 510 2638 pro
529 2576 620 2626 deabus
639 2579 728 2626 hahent
745 2577 777 2626 ib.
789 2592 809 2625 c.
840 2576 970 2639 Prophetas
990 2583 1015 2623 et
1032 2575 1163 2638 apostotos
1181 2573 1228 2623 reii-

242 2643 308 2690 cinnt
327 2643 357 2690 ib.
396 2646 486 2708 liquam
506 2645 611 2694 numinis
631 2646 679 2694 eice
698 2651 841 2694 venerantur
859 2642 928 2693 ilud.
973 2643 1102 2706 Sampsaei
1129 2643 1228 2692 idemac

243 2711 334 2759 solares
354 2711 438 2761 4621).
476 2713 588 2761 lacertae
607 2721 776 2775 comparantur
795 2713 857 2760 ibe.

209 2777 290 2825 Sancti
311 2778 333 2825 in
353 2779 421 2827 coelo
441 2794 496 2828 cum
515 2779 610 2842 Angelis
629 2789 752 2829 versantur
774 2779 864 2829 totae.

208 2845 310 2892 Sanctus
331 2847 451 2894 honorans
471 2846 546 2895 Deum
565 2848 668 2896 honorat
687 2847 783 2897 thaat.

207 2911 330 2973 Sapientia
348 2913 427 2960 earnis
445 2913 490 2973 legi
510 2914 553 2962 Dei
572 2929 618 2963 non
638 2917 765 2966 subiicitur
782 2915 859 2965 blla.
896 2912 1034 2975 Sapientiae
1060 2926 1149 2961 nomen
1173 2911 1227 2960 raris

242 2979 357 3040 probatur
374 2981 436 3028 sumi
456 2979 505 3028 'tta
516 2981 538 3029 d.

208 3047 392 3106 Saracenorum,
411 3049 451 3110 qui
472 3056 494 3096 et
513 3049 622 3112 agareni,
642 3051 708 3111 origo
726 3051 755 3099 ab
774 3049 874 3099 ismaele
893 3047 940 3097 Sd.

208 3115 330 3164 Sataniani
356 3116 551 3165 Massalianorum
576 3132 651 3179 genus
679 3119 773 3169 tocha.
826 3117 913 3166 Eorum
931 3116 992 3165 ritus
1011 3115 1080 3164 ihc.
1123 3112 1227 3164 llaercsis

242 3183 305 3232 illius
325 3185 391 3245 origo
412 3184 538 3234 thabata

208 3251 423 3301 Saturnilianorum
442 3253 550 3302 haeresis
569 3254 600 3302 lll
626 3254 656 3302 ah
680 3254 780 3302 adventu
801 3251 888 3302 Christi
913 3250 977 3299 dha.
1019 3250 1091 3299 Unde
1116 3251 1179 3298 dicta
1201 3249 1227 3297 ib.

241 3320 286 3368 Ubi
306 3320 424 3369 baeresim
442 3320 567 3383 professus
586 3322 652 3371 ibh.
681 3322 750 3379 Quae
767 3321 855 3370 luerint
874 3320 924 3369 eius
944 3318 1055 3378 dogmata
1076 3317 1173 3366 ib.b.c.
1198 3315 1229 3363 tt

242 3401 271 3434 eo
292 3387 398 3435 Gnostici
424 3390 469 3437 orti
495 3389 558 3439 aab.
595 3391 660 3438 Duos
685 3390 796 3438 homines
819 3389 905 3438 asserit
929 3387 997 3435 initio
1022 3393 1122 3434 creatos
1145 3385 1229 3444 abeo,

242 3468 315 3502 unum
334 3455 431 3516 hunum,
450 3457 551 3506 alterum
569 3457 658 3506 malum
677 3457 775 3506 ib.c.d.
803 3457 903 3520 Nuptias
920 3455 1018 3503 damnat
1035 3454 1107 3503 ib.d.
1135 3453 1230 3502 hhsui·

241 3522 312 3570 matis
331 3523 451 3571 abstinent
468 3525 501 3573 ih.
514 3525 538 3574 d.
575 3526 637 3583 Quid
656 3526 794 3574 sentiatde
813 3524 936 3587 Prophetis
954 3523 1016 3573 blo.
1060 3521 1120 3571 Eius
1138 3522 1228 3584 dogma-

242 3598 291 3638 tum
310 3590 422 3639 relutatio
441 3591 473 3639 ib.
484 3607 505 3640 c.
517 3591 541 3641 d.
662 3612 667 3616 ·

208 3658 267 3706 Save
286 3672 345 3707 uror
363 3658 430 3707 Caini
449 3659 582 3722 eademque
600 3661 643 3710 luit
662 3660 727 3710 iliius
746 3675 816 3709 soror
835 3659 882 3710 287
895 3676 915 3708 c.

208 3725 315 3775 Scientia
333 3734 422 3788 quanto
452 3728 527 3776 maior
546 3736 582 3776 est
600 3730 624 3778 in
650 3729 746 3777 homine
770 3736 836 3777 tauto
861 3728 935 3789 magis
959 3725 998 3775 ille
1023 3735 1140 3789 reputare
1164 3725 1231 3773 debet

242 3808 304 3856 qnae
322 3795 354 3842 sit
371 3796 474 3843 bumana
491 3795 606 3857 fragilitas
625 3795 672 3846 881
685 3796 708 3845 d.

208 3860 373 3924 Scolopenelra
390 3876 491 3924 serpens
516 3864 557 3926 qui
576 3866 647 3914 etiam
665 3863 732 3913 lulus
755 3863 856 3925 dicitur,
880 3878 934 3912 cum
958 3876 1007 3926 quo
1026 3861 1096 3924 llogi
1121 3859 1229 3911 haeretiei

242 3938 411 3992 comparantur
428 3930 509 3980 thid.
708 3939 711 3947 ⁴

207 3997 363 4059 scorpiorum
388 3997 520 4048 similitudo
544 3999 671 4049 haereticis
695 3998 886 4050 accommodata.
906 4012 960 4048 cum
990 4011 1018 4046 se
1045 3998 1148 4048 invicem
1172 3997 1230 4046 relat

243 4073 327 4114 catena
345 4065 447 4127 illigatos
466 4073 547 4116 terrent
566 4066 643 4117 tote.

208 4131 347 4182 Scribarum
365 4135 480 4195 haeresis,
499 4149 561 4198 quae
579 4142 617 4184 est
634 4135 741 4186 secunda
759 4134 901 4185 ludaeorum
920 4133 980 4184 tac.
1018 4134 1160 4184 Scribarum
1183 4148 1230 4183 am·

242 4201 301 4249 bitio
320 4202 351 4251 ib.
387 4205 526 4254 Scribarum
544 4204 692 4267 traditiones,
710 4213 735 4254 et
753 4211 813 4268 quot
831 4216 912 4254 earum
930 4216 1019 4265 genem
1037 4200 1105 4252 aab.
