2867 5084
236 916 298 980 280
461 927 666 978 σπισισιον
682 925 779 977 κατι
796 925 983 975 mmm:
999 925 1027 972 r.

234 1080 328 1165 παρὰ
349 1080 447 1146 τινιῦν
470 1073 536 1142 ὁπὸ
554 1078 753 1160 Μαρκέλλου
775 1075 1067 1161 καταλειφθέντων
1087 1073 1252 1159 μαθητῶν

235 1178 367 1246 ἔνθεσιν
391 1175 561 1259 εἰληφέναι
584 1169 760 1258 ὁμολογίας
787 1171 866 1289 περὶ
894 1179 1041 1248 πίστεως
1063 1165 1252 1254 ἀπολογου-

233 1281 346 1362 μένης·
369 1261 408 1358 ἧς
428 1270 470 1337 τά
492 1270 765 1356 λεπτολσγήματα
780 1265 879 1346 αὐτὸς
903 1295 947 1353 μη
935 1261 1253 1354 κατειληφώςαῦ-

234 1370 292 1458 τὴν
314 1371 462 1438 ἐνταῦθα
483 1374 686 1453 παρεθέμην.
716 1369 772 1431 καὶ
794 1367 865 1432 ἔστι
885 1364 925 1431 τὸ
948 1360 1151 1452 ἀντίγραφον
1167 1364 1251 1430 τάδε.

211 1708 226 1756 5
345 1686 395 1759 ‘H
416 1684 601 1785 ἐπιγραφὴ
628 1683 783 1765 πίστεως
808 1689 876 1756 τοῦ
903 1679 1140 1773 Μαρκέλλου.
1258 1703 1275 1752 υ

322 1859 369 1916 11.
402 1860 505 1928 “Τοῖς
520 1850 797 1934 αἰδεσιμωτάτοις
819 1852 873 1915 καὶ
896 1845 1093 1933 ἁγιωτάτοις
1116 1845 1254 1914 ἐπισκό-

234 1971 314 2026 ποις
339 1957 412 2026 τοῖς
440 1948 473 2015 ἐν
501 1953 741 2033 Διοκαισαρείᾳ
769 1942 1044 2029 ῦπερορισθεῖσιν
1079 1939 1165 2029 ὑπὲρ
1198 1948 1256 2031 τῆς

235 2045 282 2123 τίς
309 2043 367 2111 τὸν
396 2047 527 2132 σωτῆρα
555 2040 647 2131 ἡμῶν
666 2040 789 2131 Ἰησοῦν
811 2042 959 2125 Χριστὸν
984 2040 1174 2126 ὁρθοδόξσυ
1197 2049 1256 2109 πί-

235 2166 346 2221 στειος,
359 2137 517 2228 Εὖλογίῳ,
539 2136 714 2228 Ἀδελφίῳ,
735 2136 950 2224 Ἀλεξάνδρῳ,
964 2133 1157 2224 Ἀμμωνίῳ,
1178 2134 1257 2223 Ἆρ-

197 2247 452 2324 1οπσκρατίωνι,
483 2234 606 2319 Ἰσαάκ,
636 2233 808 2323 Ἰσιδώρῳ,
839 2232 1069 2321 Ἀννουμίωνι,
1105 2242 1257 2322 Πιτίμῳ,

233 2332 427 2424 Εῦφρατίῳ,
453 2334 619 2424 Ἀαρώνῃ,
658 2336 690 2402 οἱ
718 2331 788 2400 άπὸ
815 2329 972 2418 Ἀγκύρας
999 2337 1057 2417 τῆς
1085 2335 1260 2412 Γαλατίας

234 2435 462 2518 πρεσβύτεροι,
494 2434 670 2512 (ῡωτεινὸς,
700 2429 901 2509 Εὸστάθιος,
933 2431 1042 2514 ἕτερος
1073 2430 1258 2511 Φωτεινδς,

234 2536 397 2614 Σιγέριος,
426 2534 479 2597 καὶ
504 2531 655 2607 διάκονος
673 2526 806 2614 Ὑγῖνος,
836 2532 888 2595 καί
913 2524 1133 2605 ὁποδιάκονος
1154 2523 1262 2613 Ἡρα-

234 2629 371 2714 κλείδης,
395 2627 450 2692 καί
472 2624 681 2711 δνογνώστης
699 2621 876 2703 Ἔλπίδιος,
900 2627 954 2691 καὶ
976 2624 1171 2710 προστάτης
1189 2631 1262 2692 Κυ-

200 2723 347 2808 15ρτακὸς
370 2723 403 2789 έν
425 2730 524 2808 κυρίῳ
545 2726 698 2806 χαίρετν.”

321 2815 620 2906 ι”ίι“νδεδηγιιγκότων
647 2815 741 2906 ἡμῶν
762 2819 848 2902 πρὸς
869 2817 927 2904 την
951 2814 1108 2903 ὑμετέραν
1130 2824 1307 2886 θεοσέ-θλί

234 2923 327 3000 βειαν
350 2912 418 2982 άπὸ
446 2920 504 3002 τῆς
531 2923 769 3003 προειρημένης
797 2912 955 3003 ἡμετέρας
983 2917 1162 2999 πατρίδος,
1199 2917 1261 3003 τὴν

235 3013 466 3100 προσήκουσαν
490 3014 667 3095 ἐπίσκεψιν
689 3012 895 3094 ποιούμενοι,
918 3016 971 3078 καί
987 3012 1261 3096 ἒπερωτωμένων

234 3106 326 3198 ἡμῶν
355 3111 448 3196 παρὰ
475 3115 533 3197 τῆς
555 3107 712 3193 ὑμετέρας
735 3106 907 3194 ὁσιότητος
935 3112 1011 3193 περὶ
1037 3113 1095 3195 τῆς
1117 3109 1151 3175 έν
1176 3106 1261 3196 ἡμῖν

196 3216 380 3288 ίυπίστεως
403 3206 496 3288 ὅπως
519 3209 641 3291 ἐ’χομεν,
664 3211 717 3273 καὶ
734 3205 977 3289 ἀποδεξάμενοι
996 3203 1086 3289 ὁμιῦν
1101 3203 1160 3291 τὴν
1185 3231 1257 3274 τοι·

236 3306 335 3390 αὐτην
356 3306 567 3391 κηδεμονικὴν
590 3308 718 3383 πεῦσιν,
747 3303 852 3390 ἥνπερ
875 3303 1094 3388 ἐποιήσασθε,
1129 3302 1190 3370 διὰ
1218 3303 1260 3370 τὸ

234 3400 378 3484 μάλιστα
399 3402 477 3479 τοῦς
496 3404 716 3487 βουλομένους
736 3408 886 3484 ματαίως
900 3401 1038 3483 θρυλεῖν
1064 3398 1143 3482 περὶ
1157 3394 1258 3484 ἡμῶν

233 3522 308 3562 τινα
331 3498 447 3580 ψευδῆ,
471 3494 646 3582 ἀναγκαῖον
668 3495 866 3584 ἡγησάμεθα
888 3499 1145 3581 πληροφορῆσαι
1167 3492 1260 3580 ὑμᾶς

235 3596 310 3676 περὶ
333 3592 461 3672 τούτου,
495 3589 533 3658 οῦ
554 3594 656 3676 μόνον
679 3595 712 3661 έκ
734 3599 799 3661 τιῦν
823 3591 1088 3675 ὁποδειχθέντων
1109 3596 1150 3679 τῇ
1176 3589 1260 3678 ὁμε-

196 3697 312 3777 νυτέρᾳ
335 3685 483 3776 ὁσιότητι
504 3685 582 3772 παρ’
605 3687 697 3776 ἡμῶν
718 3691 919 3776 γραμμάτιον
944 3693 1143 3757 κοινωνικῶν
1166 3692 1260 3778 πρὸς

234 3785 320 3872 ι’μᾶς
341 3793 532 3874 γραφέντων
563 3791 621 3852 τοῦ
643 3797 883 3871 τρισμοκαρίου
912 3786 1014 3853 πάπα
1031 3783 1288 3870 Ἀθανασίου,ο

235 3881 319 3952 ἀλλὰ
340 3887 393 3951 καί
417 3884 451 3951 ἐκ
472 3885 591 3971 ταύτης
612 3881 705 3970 ἡμῶν
726 3888 785 3968 τῆς
808 3883 971 3970 ἐγγράφου
995 3879 1184 3967 ὁμολογίας,
1212 3883 1261 3966 ὡς

235 3979 286 4047 ὁτι
310 3978 385 4049 οῦτε
408 3986 592 4068 φρονοῦμεν
615 3979 690 4048 οῦτε
713 3980 965 4067 πεφρονήκαμεν
987 3988 1021 4047 τί
1042 4003 1127 4048 ποτε
1161 3980 1262 4063 ἐκτὸς

234 4082 292 4163 τῆς
312 4080 396 4146 κατὰ
417 4085 560 4146 Νίκαιαν
583 4073 778 4163 ὁρισθείσης
806 4075 1030 4164 ολκσυμενικης
1057 4081 1112 4143 καὶ
1141 4076 1262 4168 έκκλη-
1291 4134 1293 4139 .

196 4178 405 4260 υθσιαστικῆς
426 4185 588 4254 πίστεως,
611 4171 715 4261 ἥνπερ
739 4169 962 4256 ὁμολογοῦμεν
980 4173 1117 4258 δυνάμει
1130 4173 1262 4263 ταύτην
