2867 5084
269 925 332 989 492
498 936 704 986 Ευισκυισυ
720 935 815 985 κατε
833 934 1020 984 mmm
1036 936 1065 983 r.

269 1113 384 1172 καμεν,
418 1088 476 1174 τὴν
508 1093 655 1172 θεωρίαν
687 1086 807 1171 ταύτην
839 1084 1089 1170 σαφηνίζοντις,
1125 1086 1204 1167 περὶ
1236 1087 1292 1171 τῆς

269 1182 361 1272 ἡμῶν
382 1192 520 1271 βεβαίας
542 1191 721 1271 σωτηρίας,
757 1180 810 1248 ότι
833 1178 878 1260 ὡς
900 1177 939 1249 όν
968 1181 1003 1248 ἐκ
1030 1183 1215 1266 ῥαντισμοῦ
1239 1184 1291 1250 αἵ-

174 1344 177 1349 .
269 1307 375 1367 ματος
406 1282 555 1367 τυγχάνει
587 1279 678 1368 βαφή
711 1281 746 1347 ἐν
780 1281 914 1366 ίματίῳ,
947 1279 986 1345 τὸ
1015 1281 1075 1362 μὲν
1104 1281 1205 1363 σῶμα
1234 1274 1316 1347 οόκΒ

271 1381 378 1466 ἔβαψε
399 1383 457 1446 τοῦ
481 1383 673 1467 φοροῦντος,
703 1373 721 1463 ἡ
746 1379 781 1444 δὲ
803 1376 895 1465 βαφὴ
924 1380 983 1443 τοῦ
1007 1377 1139 1460 ίματίου
1163 1372 1224 1444 οὐκ
1247 1379 1293 1457 εἷς

247 1477 309 1545 στὸ
333 1477 463 1562 ἱμάτιον
487 1477 684 1562 λελόγισται,
708 1470 777 1542 ἀλλ’
797 1475 843 1554 είς
865 1473 922 1541 τόν
945 1474 1129 1559 ἄνθρωπον
1150 1474 1212 1541 τόν
1231 1500 1293 1564 φο-

271 1579 401 1661 ροῦντα,
432 1571 518 1641 οὕτω
545 1577 599 1641 καὶ
627 1573 805 1653 τὸπάθος
833 1576 872 1660 τῇ
895 1573 1033 1656 θεότητι
1059 1574 1119 1656 μὲν
1143 1568 1203 1639 οῦκ
1227 1574 1294 1640 ἐνέ-

273 1686 407 1761 σκηψεν,
438 1666 506 1739 ἀλλ’
532 1671 565 1737 ἓν
586 1674 626 1758 τῇ
650 1670 906 1757 ε’νανθρωπησει
933 1671 1069 1756 ἐγένετο,
1098 1664 1157 1737 οῦκ
1185 1670 1294 1756 ἐλυγί-

273 1777 340 1856 σθη
365 1771 400 1836 δὲ
421 1772 461 1855 τῇ
485 1768 740 1854 ίνανθρωπησει
761 1768 855 1855 μόνη,
887 1763 955 1835 ἀλλ’
980 1768 1035 1835 ἰ’να
1057 1766 1099 1854 μὴ
1123 1769 1293 1857 πληρωθῇ

273 1867 306 1934 ἓν
328 1870 367 1953 τῇ
392 1873 537 1952 σωτηρίᾳ
565 1869 622 1951 τῆς
645 1866 835 1949 οἰκονομίας
862 1866 901 1931 τό
925 1865 1187 1949 “ἕπικατάρατσς
1227 1870 1295 1946 πᾶς

236 1978 265 2029 10
274 1963 310 2044 ὃς
332 1965 398 2046 ἔχει
419 1963 477 2048 τὴν
501 1963 622 2030 ἐλπίδα
644 1958 695 2030 ἐπ)
721 1962 934 2049 ἅνθρωπον,”
963 1958 1031 2031 ἀλλ’
1056 1963 1218 2051 ἐλογίσθη
1242 1968 1295 2031 καὶ

274 2062 321 2141 εἷς
343 2061 400 2147 τὴν
423 2061 578 2148 θεότητα,
606 2063 665 2148 τῆς
686 2061 849 2148 θεότητος
877 2061 920 2147 μὴ
951 2061 1151 2148 πασχούσης,
1181 2061 1296 2129 ἵναέν

273 2163 312 2247 τῇ
342 2158 479 2245 θεότητι
508 2161 651 2246 λογισθῇ
679 2163 718 2245 τῇ
748 2156 826 2246 ἁγίᾳ
853 2162 911 2225 τοῦ
940 2161 1023 2227 θεοῦ
1052 2158 1207 2246 ἐκκλησίᾳ
1237 2164 1294 2226 τοῦ

274 2257 411 2335 πάθους
433 2252 623 2343 ἦσωτηρία.
655 2251 738 2324 ἀλλὰ
761 2256 863 2323 πάλιν
885 2257 928 2344 μη
946 2258 1128 2343 λεξιθηρῶν
1150 2283 1204 2336 τις
1220 2258 1320 2325 δαν-ὓ

274 2356 332 2422 τόν
355 2354 479 2441 θελήσῃ
503 2357 629 2438 μᾶλλον
652 2357 917 2441 συλλογίσασθαι
953 2348 973 2441 ἢ
994 2359 1073 2439 περὶ
1093 2353 1132 2419 τό
1156 2356 1296 2441 αἴνιγμα

240 2461 266 2511 1⁵
275 2457 333 2519 τοῦ
357 2449 576 2537 όμσιώματος.
608 2446 646 2518 σό
668 2453 729 2537 γὰρ
753 2456 848 2518 πᾶσα
870 2450 1044 2538 παραβολή
1068 2451 1101 2519 ἐν
1122 2455 1162 2538 τῇ
1182 2456 1296 2540 γραφῇ

277 2545 336 2637 δλη
360 2550 570 2635 λαμβάνεται,
601 2547 647 2628 ὠς
674 2549 713 2615 τό
737 2551 898 2633 ’σκύμνος
927 2552 1059 2627 λέοντος
1077 2544 1212 2628 Ἰούδα,”
1241 2551 1298 2617 διὰ

275 2646 313 2714 τό
337 2648 542 2732 ἰσχυρότερον
565 2650 623 2713 τοῦ
648 2647 731 2727 ζιόου
754 2652 807 2715 καὶ
830 2648 1100 2732 βασιλικώτατον,
1127 2641 1198 2713 ἀλλ’
1225 2643 1297 2732 οἰγὶ

276 2745 392 2811 διὰτὸ
416 2743 534 2830 ἄλογον
557 2747 611 2811 καί
635 2742 846 2830 ἁρπακτικόν.
881 2742 968 2812 οὕτω
990 2749 1044 2811 καὶ
1067 2745 1124 2811 ἐπὶ
1143 2749 1203 2812 τοῦ
1222 2747 1299 2829 ίμα-

275 2849 358 2920 τίου,
383 2837 441 2907 σόκ
462 2841 657 2926 ἐνδυομένου
685 2846 739 2909 καὶ
770 2845 973 2927 ἐνδυομένου,
1005 2836 1073 2909 ἀλλ’
1098 2839 1194 2923 ἅπαξ
1214 2844 1301 2910 κατὰ

238 2940 314 3010 τυτὸ
342 2939 510 3024 εἰρημένον
548 2934 748 3024 εὐπρέπειαν
782 2940 973 3021 ἐνεδύσατο,
1010 2939 1048 3005 τό
1077 2941 1114 3007 δὲ
1142 2940 1300 3026 δεύτερον

277 3038 451 3106 ἐνεδύσατο
488 3037 626 3120 δύναμιν
659 3042 712 3105 καὶ
748 3038 944 3120 διεζώσατο,
977 3039 1207 3126 πληρουμένης
1242 3038 1303 3107 ἐπὶ

276 3136 382 3223 τούτῳ
404 3139 463 3202 τοῦ
486 3132 671 3222 ἁγιωτάτου
687 3131 879 3204 ἀποστόλου
893 3140 951 3223 τῆς
966 3139 1087 3223 φωνῆς,
1110 3136 1149 3201 τὸ
1168 3133 1302 3204 ὀὐκέτι

277 3229 495 3321 ἀποθνήσκει,
529 3235 678 3313 θάνατος
706 3231 808 3300 αὐτοῦ
837 3229 945 3300 οὐκέτι
972 3234 1140 3319 κυριεύει.”
1186 3243 1301 3302 τοίνυν

277 3332 402 3399 τούτων
424 3329 529 3410 οὕτως
551 3332 690 3414 ἐχόντων
711 3331 889 3416 βούλονται
916 3331 949 3397 οἱ
971 3326 1110 3417 αδελφοί
1132 3326 1229 3419 ἡμῶν
1254 3334 1325 3413 είςο

239 3429 489 3514 τοπαράστασιν
521 3425 599 3516 ἡμῖν
628 3436 742 3517 φέρειν
771 3425 824 3494 ότι
847 3426 961 3515 ’ἡμεῖς
984 3430 1019 3497 δὲ
1047 3432 1123 3496 νοῦν
1145 3435 1303 3515 Χριστοῦ

279 3527 420 3609 ἐ’χσμεν.”
457 3527 539 3592 κατὰ
561 3529 597 3593 δὲ
618 3527 676 3593 τὸν
699 3527 795 3612 λόγον
818 3521 1005 3593 αὐτῶνσόν
1027 3524 1086 3594 ἐπὶ
1107 3528 1147 3613 τῇ
1167 3533 1305 3618 θεωρίᾳ

278 3623 378 3711 ταυτῃ
402 3624 607 3710 φραζόμενον
631 3625 677 3703 είς
699 3621 862 3691 ὑπόνοιαν
880 3620 965 3711 ἡμᾶς
980 3631 1130 3712 φέρουσι,
1152 3624 1201 3712 μὴ
1217 3628 1305 3711 τάχα

278 3723 468 3810 νενοηκασιν
492 3717 537 3800 ὡς
557 3725 616 3787 τοῦ
640 3726 697 3789 νοῦ
721 3724 832 3807 ἑτέρου
866 3720 961 3801 ὄντος
988 3726 1046 3789 τοῦ
1068 3727 1234 3808 Χριστοῦ.
1275 3726 1306 3794 εί

279 3823 315 3888 δὲ
338 3815 375 3888 οὗ
399 3820 584 3906 λογίζονται
606 3820 698 3899 ἐκτός
721 3815 806 3888 εἶναι
822 3820 880 3907 τὴν
895 3820 1042 3908 θεότητα
1055 3822 1114 3907 τῆς
1128 3819 1308 3908 ἐνανθρω-

240 3919 421 4007 ίυπησεως,
446 3912 530 3984 ἄλλα
550 3924 630 4002 μίαν
654 3913 818 4003 εἶναιτὴν
840 3918 1038 4001 οἰκονομίαν,
1061 3926 1095 3986 τί
1116 3916 1185 4002 ἄρα
1209 3922 1308 3990 ἔσται

279 4017 517 4103 περισσότερον
540 4019 616 4094 νοῦς
636 4019 786 4099 Χριστοῦ
804 4011 829 4081 ’ὁ
850 4015 1041 4102 λεγόμενος,·
1069 4014 1112 4102 μη
1132 4014 1202 4100 δρα
1224 4015 1306 4088 καθ’

280 4115 397 4182 ἑαυτὸν
421 4111 438 4179 ό
462 4112 543 4192 θεὸς
564 4113 661 4198 λόγος
683 4113 763 4191 ἐστὶ,
792 4113 836 4198 μη
860 4116 940 4197 ἔχων
970 4117 1047 4180 νοῦν
1069 4109 1308 4199 ἀνθρώπινον,

281 4208 325 4289 ὥς
348 4235 461 4297 φασιν,
491 4211 524 4277 ἐν
552 4236 591 4296 τη
621 4209 766 4296 ἔνσόρκῳ
794 4220 977 4299 παρουσίᾳ,
1015 4214 1092 4279 νοῦν
1120 4213 1158 4279 δὲ
1188 4212 1354 4303 ἕτερονιω

512 4554 661 4624 Α
