2867 5084
484 943 603 996 mm.
622 948 808 1013 Αυοασισι.
1100 933 1162 996 399

135 1097 300 1181 ζαμένσις,
324 1090 409 1162 ἀλλὰ
430 1106 502 1175 ταῖς
525 1096 579 1174 εἰς
594 1092 693 1163 αὐτὸν
714 1105 856 1183 γνησίως
877 1101 931 1164 καὶ
947 1102 1081 1179 τελείως
1102 1126 1164 1167 πε-

134 1193 345 1260 πιστευκόσι.
379 1194 516 1278 καὶγὰρ
541 1193 617 1261 οῦτε
640 1196 680 1261 τά
702 1202 843 1277 κρίματα
867 1192 967 1262 αὐτοῦ
991 1198 1163 1285 ἐρευνῆσαι

136 1293 317 1377 δυνηθείης
345 1289 419 1357 οῦτε
442 1293 501 1369 τὰς
525 1288 621 1370 ὁδοὺς
645 1287 745 1357 αῦιοῦ
767 1293 977 1375 ,ἐξιχνιάσεις
1012 1296 1095 1362 κατὰ
1123 1296 1162 1361 τὸ

134 1395 369 1474 γεγραμμένον,
394 1388 453 1455 κάν
476 1416 510 1456 τε
532 1398 633 1472 μυρία
657 1386 734 1476 ῆμῖν
755 1390 856 1476 ἔλθης
873 1393 1038 1476 φλυαρῶν,
1063 1395 1163 1461 ἐλεει-

137 1487 196 1552 νὸν
219 1481 286 1551 κατ’
312 1486 367 1566 ἐμὲ
393 1482 645 1570 ἀνθρωπάριον.
1154 1512 1185 1567 ι5

226 1582 263 1670 η’.
297 1584 337 1649 Εἰ
361 1580 436 1663 ὅλος
459 1584 529 1651 ἐστὶ
551 1584 736 1670 γεννητικὸς
760 1579 967 1672 όάγίννητος
990 1586 1080 1665 θεὸς,
1105 1584 1162 1654 σῦκ

104 1677 310 1760 θαῦσιωδιῦς
332 1682 370 1746 τὸ
392 1684 548 1767 γεννηθὲν
572 1682 740 1768 ἐγεννῆθη,
765 1679 843 1769 όλης
868 1683 1003 1769 ἐχούσης
1026 1688 1083 1770 τῆς
1105 1680 1162 1749 σῦ-

135 1787 214 1857 σίας
237 1775 336 1845 αῦτοῦ
362 1780 397 1845 τό
426 1783 550 1865 γεννᾶν,
582 1777 619 1844 οὐ
649 1779 686 1844 τό
715 1784 908 1864 γεννᾶσθαι.
953 1781 981 1847 εἰ
1004 1784 1040 1847 δὲ
1061 1808 1162 1865 μετα-

135 1886 406 1965 σχηματισθεῖσα
430 1874 446 1963 ῆ·
472 1873 569 1942 σῦσία
591 1880 649 1942 τοῦ
673 1882 756 1944 θεοῦ
778 1885 919 1965 γέννημα
942 1880 1079 1964 λέγεται,
1105 1874 1162 1946 οῦκ

135 1972 363 2061 ἀμετάβλητος
387 1970 404 2058 ῆ
428 1970 525 2039 οόσία
549 1970 659 2053 αὐτοῦ,
693 1979 752 2060 τῆς
779 1979 963 2064 μεταβολῆς
986 1977 1200 2061 ἐργαζομέ-ιθ

135 2100 195 2160 νης
216 2073 274 2158 τῆν
300 2074 370 2138 υἱοῦ
395 2068 618 2158 ἰδιαποίησιν·
655 2073 683 2139 εί
713 2076 749 2138 δὲ
778 2075 827 2160 εἴη
857 2078 910 2140 καί
934 2070 1161 2161 ἀμετάβλητος
1232 2131 1237 2145 .

135 2175 190 2239 καὶ
213 2177 370 2257 γενέσεως
393 2177 547 2254 κρείττων
572 2166 589 2254 r}
614 2166 710 2235 σι’·σιά
733 2175 790 2236 τοῦ
816 2176 908 2250 θεοῦ,
938 2173 976 2236 τὸ
999 2172 1082 2238 κατὰ
1104 2174 1161 2237 τὸν

135 2271 210 2336 υἱὸν
233 2270 296 2347 ἕως
321 2270 420 2352 ψιλῆς
443 2275 668 2352 προσηγορίας
692 2263 990 2355 όμαλογηθῆσεται.

219 2363 420 2451 Ἀνατραπῆ.
468 2362 552 2431 Ἔδει
583 2368 642 2447 μὲν
673 2355 730 2430 οῦν
759 2361 797 2430 οῦ
827 2367 929 2448 μόνον
959 2390 1011 2445 σε,
1042 2362 1159 2446 Ἀέτιε,
1267 2449 1269 2455 Ι

85 2464 222 2540 υιιάλλά
245 2469 297 2530 καὶ
322 2465 432 2530 πάντα
455 2463 618 2547 αἱρετικὸν
640 2464 724 2546 μετὰ
745 2471 825 2545 μίαν
841 2470 1020 2529 νουθεσίαν
1036 2490 1160 2549 παραι-
1174 2484 1200 2533 15
1317 2537 1323 2549 ,

134 2569 285 2641 τεῖσθαι,
311 2557 355 2640 (ῦς
378 2558 395 2624 ὁ
419 2558 511 2647 ἅγιος
533 2564 585 2627 καὶ
610 2561 716 2647 σοφὸς
739 2560 861 2627 κελεύει
877 2559 982 2645 λόγος.
1022 2557 1162 2627 αῦτσκα·

134 2662 291 2743 τάκριτσς
312 2660 374 2746 γὰρ
396 2658 580 2743 τυγχάνεις,
613 2656 727 2743 ἑαδεηῦ
747 2658 804 2724 τὸν
836 2655 979 2741 ὄλεθρον
1008 2659 1162 2725 ε’πισπιό-

135 2784 252 2845 μενος,
287 2761 340 2824 καὶ
371 2751 443 2838 σι’·χὶ
472 2751 531 2842 ὕφ’
557 2756 669 2839 ἑτέραν
700 2751 969 2841 ἀναγκαζόμενος.
1024 2765 1075 2836 τίς
1105 2748 1162 2823 οῦν

136 2857 266 2944 ἐλεῆσει
287 2855 344 2921 τὸν
368 2854 473 2938 ἑαυτῷ
498 2853 643 2940 πονηρόν
671 2856 723 2919 καὶ
755 2849 864 2921 οὐδενὶ
894 2850 1023 2939 ἀγαθὸν
1046 2856 1163 2940 τυγχά-

135 2982 254 3034 νοντα;
292 2948 360 3018 ἀλλ’
385 2955 441 3018 ἵνα
462 2952 506 3038 μῆ
530 2947 580 3037 ἐφ’
600 2947 650 3028 οἷς
673 2951 878 3038 ε’βλάστησας
899 2957 946 3038 τῷ
969 2954 1082 3038 κόσμῳ
1104 2972 1201 3021 xta-20

135 3066 217 3131 κοῖς,
243 3052 276 3117 ἕν
301 3054 428 3135 σεαυτῷ
452 3050 542 3131 ἔχων,
566 3045 817 3134 ἀπολαμβάνοις
844 3046 889 3127 ιῦς
912 3056 988 3133 περὶ
1012 3050 1162 3134 μεγάλων

135 3156 190 3218 καὶ
214 3146 411 3225 ἀντιθέτων,
446 3147 664 3230 ἐπιμενοῦμεν
686 3151 739 3212 καὶ
770 3143 864 3212 αὐτοὶ
887 3148 970 3229 μετὰ
991 3155 1163 3229 μακροθυ-

136 3259 215 3334 μίας
237 3250 277 3332 τῇ
302 3246 449 3330 διστόμῳ
472 3252 625 3331 μαχαίρᾳ,
650 3248 708 3308 τοῦ
721 3248 871 3326 Χριστοῦ
889 3244 974 3328 λόγῳ
992 3245 1160 3326 ἐκτέμνον-

116 3353 188 3425 mg
212 3369 274 3411 σου
297 3344 355 3421 τὰς
379 3339 587 3419 ἀκανθώδεις
609 3342 709 3427 ῥίζας,
742 3342 775 3406 ἐν
797 3344 836 3426 τῆ
861 3335 1052 3427 ῦγιαινοόση
1076 3340 1162 3426 πρὸς

137 3443 219 3513 θεὸν
243 3444 353 3528 τελείᾳ
374 3444 428 3506 καί
445 3437 588 3526 ἀληθινῇ
606 3435 774 3525 ὁμολογίᾳ.
815 3438 894 3516 δόξα
917 3438 978 3521 γὰρ
1001 3443 1048 3523 τηῦ
1072 3439 1201 3524 ἐλῶ-25

137 3568 214 3625 μανι
237 3545 284 3626 τῷ
309 3539 504 3625 φωράσαντί
526 3561 563 3603 σε
587 3532 706 3613 ὁποῖος
730 3532 767 3613 εί,
792 3535 850 3620 τῆν
878 3539 936 3600 τοῦ
956 3530 1061 3602 Ἰούδα
1085 3539 1163 3604 ε’πί-

137 3665 201 3723 χων
224 3637 329 3715 τάξιν,
362 3639 420 3700 τσῦ
444 3634 503 3700 σὺν
525 3646 597 3712 τοῖς
618 3641 790 3718 μαθηταῖς
817 3636 877 3716 μὲν
899 3628 1160 3717 ἀριθμηθὲντος,

139 3733 387 3825 ἀφορισθέντος
409 3734 454 3809 δὲ,
486 3727 523 3799 οῦ
553 3735 703 3816 Χριστοῦ
727 3732 856 3813 ἔχοντος
884 3733 942 3796 τόν
967 3736 1058 3809 νοῦν,
1090 3728 1159 3798 ἀλλ’

139 3835 170 3902 ίκ
190 3837 252 3901 τοῦ
276 3833 409 3897 Σατανᾶ
431 3825 678 3912 ὑποδεξαμένου
707 3828 765 3915 τῆν
794 3827 880 3910 πρὸς
908 3829 966 3894 τὸν
997 3828 1162 3914 δεσπότην

139 3927 237 3999 αῦτσῦ
262 3930 536 4015 ἐπαρνησιθεΐαν.
568 3928 651 4013 ψιλῆ
674 3926 735 4009 γὰρ
759 3927 844 4003 λέξει
868 3921 1082 4010 ὡμολόγησας
1105 3924 1201 3995 τόναο

139 4031 208 4097 υἱὸν
230 4031 291 4094 τσῦ
314 4029 398 4093 θεοῦ
421 4028 505 4108 ἔχειν
529 4024 562 4090 ἐν
586 4027 624 4110 τῆ
649 4025 789 4109 διανοίη.
827 4024 879 4088 καὶ
905 4029 955 4099 τίς
978 4024 1048 4088 ἐστι
1069 4030 1162 4106 χρεία

139 4130 212 4210 περὶ
235 4127 297 4209 τῆς
318 4121 404 4206 πρὸς
426 4125 464 4188 σὲ
479 4124 606 4200 λαλιᾶς,
631 4116 735 4186 ὁπότε
754 4118 971 4185 παντάπασιν
988 4115 1162 4205 ἀλλότριος

137 4223 352 4309 Χριστιανῶν
367 4216 535 4306 ὑπάρχεις,
560 4221 743 4306 προφητῶν
757 4244 793 4285 τε
815 4220 869 4283 καὶ
886 4210 1084 4283 ἀποστόλων
1107 4221 1161 4286 καὶ

1087 4432 1096 4447 N
