2867 5084
503 979 635 1032 ικτνιι.
653 982 876 1032 monum„
996 989 999 1000 ·
1128 970 1190 1032 417

86 1135 231 1200 tomos)
252 1131 295 1218 μὴ
319 1108 458 1219 γράφειν
480 1128 692 1220 ἠναγκάσθην
718 1128 780 1199 ὑπ’
805 1130 905 1220 αὐτῆς
933 1137 991 1220 τῆς
1020 1127 1190 1219 ἀληθείας,

167 1230 227 1296 ἵνα
249 1231 373 1317 μηδένα
396 1233 598 1315 παραλείψω
627 1235 693 1298 τῶν
722 1232 814 1316 παρὰ
845 1232 903 1318 τὴν
933 1239 1047 1298 πίστιν
1075 1258 1108 1298 τι
1130 1255 1192 1299 πε-

169 1326 393 1414 φρονηκότων,
428 1325 472 1407 ὡς
501 1332 553 1394 καί
581 1325 718 1414 λ’στερον
748 1330 781 1394 οἱ
803 1337 976 1412 θεοσεβεῖς
1006 1329 1192 1412 ἐντυχόντες

169 1425 414 1510 ἐπιγνώσονται
438 1423 489 1491 ότι
513 1421 569 1508 οόχ
593 1429 684 1495 ἕνεκα
707 1427 803 1514 ζήλου
819 1430 975 1510 κοσμικοῦ
1000 1423 1076 1512 ἡμῖν
1100 1425 1191 1493 όλὸ-

166 1546 237 1608 γος.
274 1525 400 1605 μᾶλλον
421 1524 481 1607 γάρ
505 1519 628 1609 ιόφελεῖ
650 1522 735 1612 ἡμᾶς
758 1521 776 1589 ό
799 1521 879 1612 άνηρ
902 1523 943 1590 τά
964 1531 1103 1608 μέγιστα
1124 1527 1215 1592 τῶνε

166 1619 254 1686 κατὰ
276 1620 398 1703 κόσμον
420 1626 474 1688 καὶ
497 1620 579 1688 κατά
606 1623 664 1711 τὴν
688 1619 833 1707 άγάπην,
869 1622 963 1705 εἰπερ
994 1619 1192 1708 όμοφρόνως

165 1721 211 1803 τῇ
234 1714 310 1803 άγίᾳ
332 1723 415 1785 θεοῦ
439 1720 694 1807 ἐκκλησίᾳκατὰ
722 1721 832 1787 πάντα
859 1732 931 1799 τοῖς
954 1723 1040 1786 πᾶσι
1063 1723 1191 1785 σονετί·

165 1822 254 1882 θέτο
275 1820 328 1882 καί
352 1817 395 1903 μὴ
420 1820 510 1896 ξένον
532 1845 565 1883 τι
582 1819 803 1904 παρεισήγαγε
818 1820 914 1905 ῥῆμα.
946 1816 1020 1905 η’τοι
1037 1807 1093 1883 οὖν
1109 1808 1187 1902 παρ’

166 1908 270 1999 αἰσηλ,
293 1908 313 1999 ἢ
335 1926 407 1993 τοῖς
429 1912 505 1998 παρ’
531 1911 632 1981 αἰτοῦ
654 1924 960 2003 μεμαθητεομένοις
982 1912 1109 2000 όλόγος
1130 1911 1189 1980 όῖλ-

167 2013 237 2089 λως
260 2012 436 2096 νοοόμενος
459 2014 515 2080 διὰ
537 2018 595 2079 τοῦ
618 2014 772 2079 τοιοότοο
795 2015 959 2100 σχήματος
981 2018 1035 2080 καὶ
1053 2010 1189 2101 προφά·
1202 2033 1230 2083 ιο

168 2134 256 2188 σεως
278 2110 312 2175 ἐν
335 2112 472 2198 παρόδῳ
495 2110 620 2198 ᾄδεται,
650 2108 707 2178 οόκ
731 2113 792 2194 ἐχω
815 2115 928 2198 λέγειν.
970 2111 1130 2189 πολλάκις
1153 2110 1189 2177 δέ

128 2208 390 2294 ῃδιενοήόημεν
418 2213 471 2275 καὶ
497 2210 669 2297 ἔκπληκτον
699 2211 885 2294 γεγόναμεν,
916 2206 967 2276 ὅτι
997 2211 1101 2277 ἕνεκεν
1129 2209 1188 2273 τοῦ

167 2306 269 2390 λόγου
292 2305 410 2372 τούτου
432 2304 451 2393 ἡ
476 2308 627 2385 ἔνστασις
650 2312 707 2394 τῆς
724 2310 926 2395 φιλονεικίας
948 2307 1003 2372 καὶ
1028 2309 1086 2371 τοῦ
1103 2301 1190 2389 ἀγῶ-

166 2428 227 2481 νος
250 2404 311 2481 ἕως
332 2405 482 2470 θανάτου
506 2400 582 2487 παρ’
608 2401 714 2471 αι’·τιῦν
739 2406 922 2472 ἐκδικείται.
968 2408 1021 2470 καί
1052 2404 1085 2469 ἐκ
1113 2401 1189 2467 τού-

163 2525 230 2567 του
263 2502 404 2585 ’ἔγνωμεν
433 2499 484 2568 ότι
507 2503 589 2585 τάχα
612 2511 827 2590 περισσοτέρᾳ
855 2506 919 2568 τινὶ
944 2498 1086 2588 όπονοίᾳ
1109 2493 1185 2583 παρ’
1198 2524 1226 2572 15

164 2594 285 2677 αὐτοῖς
308 2594 325 2663 ό
349 2600 444 2684 λόγος
466 2599 590 2687 ᾄδεται.

257 2704 306 2764 20.
330 2693 431 2764 Ὅταν
453 2697 513 2782 γάρ
537 2698 702 2785 ἐρωτησης
716 2698 809 2777 τινάς
826 2698 861 2777 ἐξ
876 2693 993 2776 αὐτῶν,
1018 2696 1188 2783 διαφόρως

159 2797 231 2878 μὲν
258 2795 290 2860 οἱ
318 2794 440 2873 πάντες
468 2791 710 2880 ἀναγγέλλουσι,
749 2798 836 2875 τινὲς
859 2798 894 2861 δὲ
917 2797 1048 2881 λέγουσι
1068 2794 1112 2879 μὴ
1136 2819 1188 2860 τε-

162 2897 261 2960 λείαν
284 2893 452 2980 εἰληφέναι
474 2895 531 2960 τὸν
550 2894 660 2977 κόριον
677 2894 942 2980 ἐνανθριόπησιν,
964 2894 1046 2979 μηδέ
1062 2893 1187 2959 τέλειον

123 2987 272 3071 ςαότόν
294 2998 459 3076 γεγονέναι
482 2990 676 3075 ἄνθρωπον.
723 2993 836 3077 ἐπειδη
869 2994 904 3058 δέ
926 2995 1023 3056 τοῦτο
1047 2991 1227 3076 φεοκτὸνῖι)

162 3091 293 3175 ἐγίνετο
323 3092 478 3168 πολλοῖς,
516 3090 635 3156 λοιπόν
665 3086 800 3172 ὕστερον
831 3091 980 3175 εἰρωνείᾳ
1010 3088 1186 3175 ἐκέχρηντο,

161 3184 214 3266 ιός
239 3183 374 3270 ὕστερον
396 3188 429 3253 ἐκ
452 3191 510 3252 τοῦ
540 3187 705 3270 στόματος
735 3185 834 3253 αὑτοῦ
865 3183 1007 3270 άκριβιός
1034 3185 1189 3270 μεμαθη-

160 3310 280 3367 καμεν.
328 3287 384 3351 ἐπί
413 3289 470 3370 της
490 3280 683 3367 Ἀντιοχέων
711 3286 772 3369 γάρ
801 3285 970 3370 γενόμενοι
995 3296 1066 3362 τοῖς
1095 3279 1188 3367 άκρί-

159 3405 269 3468 ,ιιοσιν
298 3379 405 3449 αότιόν
435 3385 724 3466 σοντετσχηκαμεν.
760 3383 793 3448 ἐν
822 3378 873 3460 οἷς
901 3385 954 3448 καί
983 3382 1140 3461 Βιτάλιος
1168 3376 1187 3447 ό

161 3483 355 3559 ἐπίσκοπος
377 3477 529 3566 ὑπῆρχεν,
554 3476 792 3563 εόλαηίέστατος
815 3477 894 3565 άνηρ
919 3483 965 3565 τῷ
987 3484 1125 3582 βίῳφαὶ
1148 3482 1228 3567 τῇῖὸ

162 3578 369 3646 καταστάσει
390 3582 443 3645 καί
467 3606 505 3666 τη
529 3580 692 3664 πολιτείᾳ.
723 3579 873 3662 ἐλέγομεν
898 3580 932 3644 δὲ
949 3579 1188 3663 συμβουλεύον-

162 3701 224 3755 τες
246 3679 299 3741 καί
315 3679 581 3759 παρακαλοῦντες
597 3680 817 3764 συμφωνῆσαι
832 3680 871 3764 τῇ
889 3683 1003 3742 πίστει
1021 3680 1078 3763 τῆς
1094 3673 1189 3760 ἁγίας

166 3775 341 3860 ἐκκλησίας
363 3779 415 3840 καί
440 3776 536 3842 ἐᾶσαι
558 3774 596 3840 τό
613 3774 801 3860 φιλόνεικον
816 3776 913 3860 ῥῆμα.
949 3770 1019 3841 όόὲ
1031 3773 1190 3852 Βιτάλισς

134 3873 271 3956 υέλεγε,
294 3878 327 3937 τί
348 3873 408 3957 γάρ
431 3872 501 3939 ἐστι
524 3873 561 3935 τό
585 3868 648 3938 όνὰ
669 3879 771 3956 μέσον
794 3868 903 3957 ἡμῶν,·
935 3866 999 3953 εἶχε
1015 3872 1076 3956 γὰρ
1093 3860 1189 3949 οὗτος

167 3971 347 4038 διάστασιν
375 3970 460 4055 πρός
488 3971 659 4052 αἰόέσιμόν
691 3996 766 4036 τινα
799 3968 903 4053 ἄνδρα
931 3969 986 4035 καὶ
1014 3970 1229 4054 ἐπίοημον,30

169 4068 341 4135 Παυλῖνον
363 4069 420 4134 τόν
440 4069 633 4145 ἐπίσκοπον,
657 4071 708 4133 καί
724 4068 892 4145 Παυλῖνος
914 4067 999 4149 πρός
1021 4066 1079 4132 τόν
1102 4066 1189 4152 εἰρη·

164 4171 269 4249 μένον
293 4167 460 4244 Βιτάλιον,
490 4160 543 4253 ὕφ’
568 4163 660 4251 ἡμῶν
689 4167 947 4251 μετακληθέντα.
991 4164 1189 4248 βουλόμενοι

164 4269 282 4331 τοίνυν
305 4260 510 4352 ἀμφοτέροις
539 4264 585 4342 εἰς
608 4263 737 4349 εἰρήνην
760 4262 975 4346 σομβιβάσαι,
1005 4258 1189 4348 ἀμφότεροι

1120 4576 1294 4646 A
