2867 5084
696 282 699 291 ι

131 372 323 379 ᾈ-..σ--ωῗ

1160 426 1165 434 ι

248 883 311 947 440
473 891 681 941 ευιυιυιου
697 890 794 941 xm
813 889 999 938 ιινιτειιιιυ
1016 889 1045 937 r.

246 1042 322 1110 οότέ
345 1039 362 1108 5
385 1041 536 1129 γεννητὸς
571 1036 608 1106 οό
632 1047 844 1123 σομπεριέχει
872 1043 919 1124 τῷ
948 1040 1052 1121 πατρὶ
1079 1034 1120 1101 τὸ
1150 1032 1273 1104 ἀίδιον.

247 1137 318 1208 οἶδε
340 1140 401 1225 γὰρ
426 1135 443 1203 5
467 1138 576 1226 πατὴρ
609 1136 666 1202 τὸν
695 1137 766 1203 υἱὸν
799 1141 853 1202 καὶ
883 1132 899 1200 5
924 1136 995 1212 υἱὸς
1025 1128 1095 1199 οἶδε
1123 1133 1183 1200 τὸν
1208 1161 1275 1200 πα·

245 1245 334 1321 τέρα,
374 1231 595 1322 άτελευτήτιος
618 1229 667 1301 άεί
691 1239 750 1321 τῆς
771 1234 906 1317 τριάδος
932 1228 1087 1298 άκτίστου
1109 1232 1276 1317 μενούσης

246 1339 299 1401 καὶ
329 1329 550 1419 άτελευτητιος
572 1329 791 1417 ὑπαρχούσης,
822 1334 881 1395 τοῦ
904 1332 1101 1414 μονογενοῦς
1123 1354 1273 1415 γεγεννη-

221 1439 344 1518 5μένοο
368 1432 401 1497 ἐκ
423 1435 481 1496 τοῦ
505 1426 557 1498 άεί
580 1429 675 1509 ὄντος
698 1428 801 1507 ὄντως
825 1426 920 1506 ὄντος
941 1430 995 1493 καὶ
1019 1427 1052 1492 ἐν
1075 1426 1146 1512 ἰδίᾳ
1161 1429 1271 1513 τελείᾳ

245 1530 354 1616 φάσει.
394 1528 447 1594 διὸ
480 1529 632 1613 γινώσκει
666 1526 782 1594 ἑαυτὸν
820 1529 873 1590 καὶ
910 1520 967 1590 οάκ
1000 1518 1113 1608 άγνοεῖ
1147 1523 1225 1590 οότε
1252 1520 1270 1588 5

244 1626 315 1705 υίὸς
349 1626 406 1707 τὴν
437 1620 610 1710 ἀγέννητον
633 1626 762 1707 πατρὸς
791 1618 907 1688 οόσίαν
941 1619 1017 1686 οότε
1047 1616 1065 1685 5
1095 1615 1270 1708 άγίννητος

243 1723 301 1807 τὴν
323 1726 382 1788 τοῦ
405 1724 478 1787 υἱοῦ
503 1722 538 1800 ἐξ
559 1717 659 1786 αὐτοῦ
690 1717 822 1797 οόσίαν,
855 1715 1053 1798 ἀξιοπίστου
1084 1715 1181 1797 ὄντος
1210 1723 1267 1785 τοῦ

242 1822 440 1904 μονογενοῦς
461 1821 545 1884 θεοῦ
570 1818 667 1902 λόγου
691 1818 859 1905 φήσαντος
875 1812 1004 1893 “οόδείς
1027 1809 1098 1882 οἶδε
1119 1815 1178 1881 τὸν
1202 1836 1291 1883 rna-B

208 1923 321 2001 Ιθτέρα
345 1916 373 1982 εἰ
394 1915 438 2002 μη
464 1911 481 1979 5
505 1913 576 1991 υἱός
597 1915 652 1980 καὶ
674 1917 732 1981 τὸν
755 1914 826 1981 υἱὸν
851 1914 879 1980 εἰ
901 1913 944 1998 μὴ
970 1908 987 1977 5
1011 1913 1149 1998 πατήρ.”

329 2019 358 2078 2.
391 2011 456 2077 Διὸ
481 2007 670 2099 άφηρήσδιο
692 2012 731 2077 τὸ
754 2012 872 2077 τούτου
895 2015 953 2076 τοῦ
976 2010 1117 2094 γεννάδα
1136 2007 1265 2077 Ἀετίου

243 2105 473 2196 ἆποφαντικον
497 2112 657 2193 κίλευσμα
680 2109 718 2175 τὸ
742 2113 868 2196 φησαν·
903 2103 942 2173 οὗ
971 2107 1032 2192 γὰρ
1055 2102 1127 2172 οἷόν
1150 2133 1187 2173 τε
1209 2102 1265 2172 ου’·-

241 2208 299 2273 τὸν
322 2205 399 2290 περί
423 2206 541 2273 ἑαυτοῦ
563 2210 616 2273 καὶ
640 2202 815 2292 άγεννητου
832 2204 947 2282 οὐσίας
962 2209 1083 2289 γνῶσιν
1106 2205 1190 2285 ἔχειν
1213 2208 1263 2270 καί

147 2341 153 2357 x
242 2300 445 2391 άγεννησίας.
494 2303 664 2390 προῦλαβε
700 2305 760 2389 γάρ
791 2301 808 2368 5
836 2302 1013 2388 μονογενὴς
1042 2302 1262 2386 παραγράψαι

204 2402 298 2488 ἱοτὴν
323 2400 510 2486 δικαστικὴν
534 2397 634 2466 αὐτοῦ
657 2403 778 2487 ταάτην
802 2401 923 2487 φωνην,
949 2401 1058 2486 φησας
1079 2399 1198 2465 ἑαυτὸν
1221 2398 1263 2464 εί·

242 2502 334 2566 δίναι
361 2498 418 2563 τὸν
447 2505 590 2583 πατέρα,
625 2502 678 2563 καὶ
708 2498 807 2564 ἄλλον
837 2494 968 2576 οόδίνα,
1008 2496 1262 2581 συμπεριλαβών

242 2595 311 2680 ἅμα
333 2602 385 2661 καὶ
409 2599 466 2660 τοῦ
490 2596 678 2675 πνεύματος
710 2593 811 2660 αὐτοῦ
841 2598 900 2661 τοῦ
930 2590 1025 2678 άγίου
1053 2594 1092 2658 τὸ
1122 2594 1262 2675 ἐνάπαρ·

240 2718 326 2770 κτον,
357 2688 401 2769 ιδς
423 2694 476 2757 καὶ
501 2693 533 2757 ἐν
557 2690 646 2776 ίίλλῳ
670 2692 790 2778 φάσκει
814 2689 865 2758 ὄτι
890 2692 948 2756 “τὸ
972 2694 1102 2772 πνεῦμα
1125 2694 1184 2755 τοῦ
1199 2715 1261 2755 πα-

240 2790 318 2874 τρὸς
341 2789 468 2866 διδάξει
490 2784 604 2871 ὄμάς.”
639 2789 667 2855 εί
691 2791 726 2855 δὲ
749 2794 807 2854 τοῦ
824 2790 951 2875 πατρός
967 2789 1037 2854 ἐστι
1059 2788 1098 2853 τὸ
1122 2791 1281 2870 πνεῦμαψ·

201 2881 299 2953 κοοόκ
323 2884 435 2970 ἀγνοεῖ
463 2890 515 2951 καὶ
541 2881 621 2951 αὐτὸ
649 2886 707 2952 τὸν
730 2894 868 2971 πατέρα.
917 2887 949 2953 ἓν
974 2887 1009 2951 δὲ
1030 2890 1078 2970 τῷ
1103 2885 1261 2970 εἰρηκέναι

242 2980 371 3060 ὀὐδεὶς
394 2977 464 3049 οἶδε
485 2984 542 3049 τὸν
566 2989 694 3067 πατέρα
717 2984 805 3071 εἰμὴ
826 2981 843 3050 5
870 2985 968 3062 υίός,”
991 2983 1046 3047 ἵνα
1069 2982 1189 3048 ἑαυτὸν
1210 2984 1259 3047 καὶ

239 3082 296 3150 τὸν
319 3088 449 3165 πατέρα
471 3084 524 3147 καί
548 3081 586 3146 τὸ
609 3084 739 3163 πνεῦμα
769 3082 807 3146 τὸ
837 3080 930 3167 άγιον
954 3077 1179 3164 ὑπερβεβηκὸς
1206 3103 1262 3164 οη-

230 3180 324 3265 μάνη
347 3183 413 3245 τῶν
437 3179 545 3245 ἄλλων
573 3183 639 3244 τῶν
661 3179 704 3264 μὴ
730 3174 846 3256 ὄίδιίος
869 3176 1096 3261 ὑπαρξάντων,
1130 3183 1261 3262 γενομέ-

239 3303 304 3341 νων
328 3278 372 3342 δέ,
411 3278 440 3342 εἰ
463 3279 498 3342 δὲ
522 3275 709 3359 προῦλαβεν
734 3272 783 3342 ἀεὶ
808 3277 930 3342 εἰδέναι
952 3273 1009 3339 τὸν
1032 3280 1172 3358 πατέρα,
1200 3273 1261 3358 μά-

199 3391 296 3458 κῡτην
319 3369 398 3457 ἡμῖν
418 3369 547 3450 Ἀέτιος
569 3376 764 3440 κενολεκτιῦν
789 3369 988 3448 διτεισδύνει,
1016 3375 1135 3456 σαφῶς
1160 3375 1259 3438 πᾶσιν

239 3464 284 3535 (ὄν
309 3470 407 3554 δῆλος
431 3466 483 3535 ὄτι
513 3467 557 3547 ιδς
579 3468 764 3555 ἄνθρωπος
786 3472 959 3555 λογίζεται,
991 3472 1154 3550 σαρκικῶς
1186 3464 1262 3535 άνα-

236 3564 427 3649 κρινάμενος
455 3570 508 3631 καὶ
545 3568 681 3648 ψυχικὸς
709 3565 865 3652 ὑπάρχων
896 3566 952 3632 διὰ
980 3565 1037 3629 τὸν
1061 3565 1180 3631 ἑαυτὸν
1208 3568 1258 3631 καί

235 3663 293 3729 τὸν
321 3669 450 3745 πατέρα
482 3662 684 3747 γινώσκοντα
713 3671 765 3730 καὶ
795 3666 833 3730 τὸ
863 3662 956 3750 άγιον
986 3656 1086 3727 αὐτοῦ
1118 3666 1255 3746 πνεῦμα.

238 3761 391 3847 ἐξῄρηται
415 3750 472 3826 οόν
494 3760 605 3842 πάσης
628 3762 737 3840 αἰτίας
767 3758 903 3840 δδεὸς,
938 3754 976 3826 σά
1004 3758 1107 3842 μόνον
1140 3758 1284 3843 natm

197 3853 321 3924 3οάλλά
343 3861 396 3923 καὶ
420 3858 491 3936 υίὸς
513 3857 568 3923 καὶ
591 3854 684 3944 ἅγιον
707 3863 846 3942 πνεῦμα,
870 3863 929 3944 τῆς
951 3856 1114 3942 θεότητος
1133 3856 1258 3940 πατρὸς

235 3954 291 4019 καί
313 3955 385 4019 υἱοῦ
409 3955 464 4021 καὶ
487 3952 581 4041 ἁγίου
607 3955 795 4038 πνεύματος
824 3953 1088 4041 ὄμολσγονμένης
1116 3961 1258 4038 κρείττο·

237 4075 291 4127 νος
315 4052 425 4138 πάσης
448 4054 566 4131 αἰτίας.

320 4149 377 4232 λγ.
416 4151 458 4215 Εἰ
479 4150 518 4216 τὸ
543 4145 717 4238 ἀγέννητον
740 4150 851 4238 πάσης
879 4153 988 4229 αίτίας
1011 4149 1175 4236 ἐξῄρηται,
1208 4147 1255 4230 είη
