2867 5084
717 316 726 330 s
962 308 965 309 κ

1254 454 1265 458 -
1304 458 1362 467 ...-

595 993 700 1046 tw.
720 996 899 1046 ιονιιυοι.
1192 987 1255 1051 363

323 1151 351 1213 8.
392 1139 488 1211 Ελτα·
504 1147 540 1212 δέ
567 1144 647 1229 περὶ
674 1146 794 1212 τούτου
827 1137 929 1226 αὖθις
956 1147 1169 1235 ἐπιλήψομαι
1200 1152 1259 1237 τῆς

227 1236 449 1321 ἀκολουθίας,
475 1239 527 1309 ὅτι
550 1238 734 1328 ἀναγκαίως
755 1240 775 1330 ή
799 1243 951 1330 ἐκκλησία
978 1249 1076 1311 τοῦτο
1100 1247 1257 1328 έπιτελεί,

231 1338 426 1423 παράδοσιν
459 1342 608 1423 λαβοῦσα
629 1341 724 1423 παρὰ
746 1348 909 1424 πατέριον.
950 1349 1001 1420 τίς
1024 1346 1060 1409 δὲ
1083 1344 1259 1432 δυνήσεται

230 1437 366 1520 θεσμόν
380 1436 504 1525 μητρός
519 1438 700 1516 καταλύειν,
723 1433 745 1524 ή
760 1437 860 1520 νόμον
876 1440 1021 1523 πατρός,·
1049 1437 1094 1519 ῶς
1108 1442 1151 1507 τὰ
1165 1442 1258 1526 παρὰ

230 1538 284 1620 τῷ
297 1537 491 1617 Σολομῶντι
507 1535 659 1620 εἰρημένα
675 1535 803 1615 “ό’κουε,
828 1536 887 1613 υίὲ,
911 1536 1028 1621 λόγους
1043 1538 1170 1620 πατρός
1185 1554 1281 1619 σου,σ

231 1635 290 1698 καί
312 1632 357 1719 μή
379 1630 500 1719 όπιόση
534 1636 683 1714 θεσμοὺς
710 1634 835 1720 μητρός
863 1638 951 1714 σου,”
987 1635 1097 1712 δείξας
1126 1631 1178 1701 ότι
1206 1636 1255 1721 λγ-

233 1728 373 1815 γράφως
393 1756 430 1797 τε
451 1734 506 1797 καί
528 1725 686 1817 ἀγράφως
709 1731 879 1798 ἐδίδασκεν
902 1728 919 1795 δ
943 1730 1061 1818 πατήρ,
1087 1739 1257 1801 τουτέστιν

235 1822 255 1890 ό
279 1826 361 1903 θεὸς
384 1822 401 1891 ό
423 1827 609 1914 μονογενής,
632 1831 685 1894 καί
709 1827 748 1893 τὸ
771 1825 865 1913 ἅγιον
880 1832 1028 1911 πνεῦμα·
1051 1825 1070 1915 ή
1095 1831 1130 1896 δὲ
1151 1829 1257 1918 μήτηρ

201 1921 328 2010 Βήμῶν
350 1921 368 2011 ή
392 1924 544 2008 ἐκκλησία
567 1920 632 2007 εἶχε
653 1927 802 2008 θεσμοὺς
829 1925 862 1992 έν
885 1922 966 2013 αὐτῇ
989 1934 1157 2011 κειμένους
1180 1922 1258 1993 ἇλό-

232 2045 322 2101 τους,
345 2022 389 2107 μή
413 2024 612 2105 δυναμένους
634 2025 870 2110 καταλυθῆναι.
919 2031 1124 2109 τεταγμένων
1146 2033 1258 2093 τοίνυν
1267 2040 1296 2092 10

232 2122 301 2185 τῶν
330 2118 364 2185 έν
393 2124 431 2205 τῇ
461 2120 614 2207 έκκλησίηι
641 2125 779 2203 θεσμῶν
814 2125 866 2187 καὶ
900 2124 1008 2200 καλῶς
1036 2122 1174 2204 ἐχόντων
1203 2126 1255 2190 καί

230 2220 301 2282 τῶν
330 2216 465 2283 πάντων
498 2225 699 2301 θαυμασίων
726 2225 906 2303 γινομένων
938 2218 1124 2306 έλήλεγκται
1154 2219 1257 2286 πάλιν

231 2318 287 2379 καί
312 2303 409 2393 οὗτος
432 2310 450 2379 ό
473 2315 608 2394 πλάνος.
638 2318 692 2382 καί
708 2319 826 2381 τοῦτον
847 2318 884 2384 δὲ
899 2316 1127 2400 παρελθόντες
1142 2312 1256 2403 ῶσπερ

231 2411 414 2493 κάνθαρον,
438 2409 458 2498 ή
480 2415 677 2497 κανθαρίδα,
701 2408 723 2500 ή
743 2413 801 2479 τὸν
829 2414 1029 2496 καλούμενον
1050 2415 1256 2500 βοόπρηστιν

230 2508 402 2575 κνώδαλον
424 2510 694 2588 καταθλόσαντες
716 2516 763 2596 τῷ
780 2512 1035 2599 έκκλησιαστικῷ
1054 2512 1257 2596 ἑδραιιόματι
1268 2534 1297 2582 15

229 2606 289 2673 καὶ
310 2609 350 2693 τῇ
372 2612 431 2672 τοῦ
454 2612 537 2674 θεοῦ
567 2609 703 2693 δυνάμει
733 2609 788 2675 ἐπὶ
822 2608 882 2688 τὰς
910 2609 984 2695 έξής
1012 2610 1115 2676 πάλιν
1143 2612 1255 2694 ἴωμεν,

228 2705 292 2771 τὸν
315 2704 397 2771 θεὸν
418 2706 549 2791 βοηθὸν
572 2705 836 2790 ἐπικαλούμενοι.

636 2926 844 2938 -ι--υ-υ-

300 3125 315 3147 f
370 3120 413 3141 ιν
546 3122 554 3146 ι
680 3120 688 3146 ι
767 3133 802 3167 ,ἱ
864 3124 869 3148 ι
908 3124 932 3166 ν·
970 3132 979 3145 ι
1074 3126 1081 3145 ι
1178 3122 1202 3168 ,ι

205 3150 224 3200 c
279 3126 383 3192 Ama
407 3130 610 3212 Ανομυιων
637 3151 702 3211 νς,
739 3154 800 3218 της
829 3122 868 3195 δε
895 3128 1126 3229 ακολουθιας
1151 3155 1213 3210 0,.

322 3296 349 3354 1.
384 3283 556 3372 Ἀνόμσιοι
583 3292 686 3356 πόλιν
714 3297 801 3367 τινές
829 3291 894 3357 εἶσι
916 3291 1120 3374 καλούμενοι.
1162 3279 1255 3359 οὗτοι

231 3387 269 3452 δέ
293 3385 497 3472 πρόσφατοι.
529 3388 623 3469 ἔσχον
647 3390 682 3454 δὲ
705 3383 986 3473 ἆρχηγὸνἉέτιόν
1001 3413 1076 3453 τινα
1092 3388 1295 3469 διόκονον,ίο

231 3489 450 3566 προαχθέντα
473 3483 528 3550 διὰ
550 3485 608 3571 τήν
631 3481 732 3550 αὐτοῦ
749 3487 913 3570 φλυαρίαν
932 3479 999 3549 ὑπὸ
1016 3491 1046 3549 Γ
1044 3493 1180 3570 εωργίου
1196 3492 1255 3552 τοῦ

226 3575 482 3664 Ἀλεξανδρέως,
505 3585 570 3647 τῶν
590 3577 771 3665 Ἀρειανῶν
798 3578 866 3664 ἅμα
888 3588 941 3647 καί
965 3584 1181 3649 Μελετιανῶν
1203 3610 1256 3668 γε·

230 3677 370 3763 γονόιος
392 3679 588 3758 ἐπισκόπου,
619 3679 674 3746 καὶ
697 3680 730 3745 ἐν
751 3680 882 3762 χρόνοις
902 3676 1087 3758 Ἰουλιανοῦ,
1118 3676 1164 3758 ῶς
1187 3679 1255 3747 δι’νω

230 3799 291 3859 μοι
315 3777 575 3862 προδεδήλωται,
598 3776 656 3863 τήν
680 3777 780 3843 πόλιν
802 3776 1060 3858 πομπεόσαντος
1079 3778 1134 3843 ἐπὶ
1151 3779 1256 3865 καμή-

230 3875 303 3952 λου,
326 3876 379 3939 καί
404 3878 537 3957 πρῶτον
559 3875 619 3957 μὲν
641 3874 753 3940 πολλὰ
775 3871 842 3938 ὑπὸ
856 3878 923 3941 τῶν
936 3871 1093 3960 Ἑλλήνιον
1109 3877 1295 3960 συγκλει-ίδ

201 3976 377 4049 υσθέντος
398 3974 453 4036 καὶ
474 3971 699 4049 πεπονθότος,
728 3970 987 4054 πομπεύσαντος
1014 3998 1059 4050 τε,
1094 3968 1139 4051 ῶς
1161 3973 1254 4059 ἔφην,

229 4075 287 4136 καί
312 4068 421 4148 ξόλοις
444 4074 660 4147 παισθέντος,
695 4068 812 4135 ἔπειτα
840 4069 876 4134 δέ
899 4075 1053 4151 συρέντος
1081 4065 1160 4155 ὅλην
1183 4093 1257 4153 σχε-

232 4166 294 4234 δὸν
314 4164 374 4253 τήν
397 4167 506 4244 πόλιν,
529 4164 585 4231 καὶ
608 4164 713 4243 οότως
735 4161 980 4244 ἀποθανόντος,
1007 4170 1060 4231 καί
1074 4167 1167 4249 ,μετὰ
1188 4166 1259 4249 θάή

231 4287 334 4331 νατον
361 4270 508 4342 καέντος,
543 4265 595 4329 καί
626 4262 711 4347 μετὰ
739 4264 873 4329 πολλῶν
903 4259 1027 4330 ὀστέων
1054 4267 1179 4347 κτηνῶν
1201 4269 1258 4333 καί
