2867 5084
435 986 542 1038 mu.
560 989 847 1038 αινκεκαικυοι.
1095 979 1152 1041 281

137 1148 285 1226 φρονεῖν,
321 1129 619 1221 ἀναθεματίζοντες
646 1138 724 1216 τοὺς
751 1140 942 1222 τολμῶντας
962 1146 1082 1223 κτίσμα
1104 1141 1157 1205 λέ-

135 1261 203 1322 γειν
227 1236 267 1301 τὸ
290 1238 421 1318 πνεῦμα
448 1235 487 1298 τό
516 1232 625 1321 άγιον,
659 1239 712 1300 καὶ
741 1236 799 1321 τῆν
824 1231 996 1322 Ἀρειανῆν
1029 1238 1157 1321 αἵρεσιν

136 1337 189 1399 καί
213 1333 396 1416 Σαβελλίου
418 1331 474 1398 καί
498 1336 667 1399 Φωτεινοῦ
689 1334 743 1397 καί
767 1332 903 1398 Παύλου
926 1337 983 1398 τοῦ
1002 1340 1158 1416 Σαμόσα-

136 1437 234 1508 τέως,
274 1432 327 1494 καὶ
363 1427 439 1506 τοὺς
467 1429 510 1514 μῆ
540 1431 694 1514 λέγοντας
722 1427 779 1514 τῆν
809 1425 904 1512 άγίαν
933 1431 1052 1514 τριάόα
1081 1437 1157 1515 τρία

137 1525 308 1611 πρόσωπα
325 1523 538 1611 άπερίγραιγα
552 1530 604 1591 καί
623 1525 832 1592 ἐνυπόστατα
848 1530 900 1591 καλ
919 1522 1082 1609 όμοοόσια
1103 1529 1181 1594 καί5

108 1623 295 1690 ι’συναΐόια
322 1627 377 1688 καί
399 1618 571 1707 αὐτοτελῆ,
607 1618 906 1706 άναθεματίζοντες
935 1625 979 1693 όὲ.
999 1627 1051 1689 καὶ
1080 1625 1158 1702 τοὺς

134 1719 348 1802 πλατυσμόν,
377 1713 598 1803 ῆσυστολῆν,
629 1715 648 1803 ῆ
671 1720 834 1804 ἐνέργειαν
862 1723 921 1785 τοῦ
951 1722 1078 1804 πατρός
1099 1721 1157 1786 τὸν

134 1817 210 1884 υἱὸν
232 1819 400 1901 λέγοντας,
430 1821 482 1883 καί
512 1819 588 1896 τοὺς
616 1816 673 1882 τόν
698 1817 777 1883 θεόν
801 1817 897 1902 λόγον
925 1818 982 1882 τόν
1007 1817 1076 1884 υἱὸν
1099 1822 1157 1883 τοῦ

132 1917 221 1982 θεοῦ
244 1913 449 1998 προαιιόνιον
471 1917 524 1980 καλ
548 1916 719 1980 συναίόιον
742 1918 787 1998 τῷ
810 1913 913 2000 πατρί
933 1915 1157 1981 ε’νυπόστατον

132 2011 191 2078 καί
215 2006 372 2094 αὐτοτελῆ
395 2012 466 2077 υἱόν
489 2017 541 2077 καί
565 2011 647 2078 θεὸν
669 2011 713 2097 μῆ
738 2006 1006 2097 όμολογοῦντας.”
1167 2029 1195 2077 10

225 2116 272 2175 12.
306 2109 369 2174 “E't'
388 2135 439 2187 τις
461 2109 519 2175 τόν
542 2103 641 2174 αότόν
664 2115 793 2192 πατέρα
813 2112 866 2174 καὶ
894 2109 963 2174 υίόν
986 2111 1038 2174 καὶ
1063 2105 1156 2192 άγιον

131 2208 268 2289 πνεῦμα
291 2206 385 2290 λέγει,
409 2200 564 2287 ἀνάθεμα
586 2206 680 2272 ἔστω.
712 2208 815 2284 εἴτις
837 2201 936 2287 ἀρχὴν
960 2200 979 2288 ῆ
1001 2207 1094 2284 τέλος
1109 2209 1156 2290 τῷ

131 2305 196 2389 υίῷ
220 2306 279 2369 τοῦ
301 2306 385 2371 θεοῦ
407 2305 460 2369 καὶ
483 2302 579 2388 λόγῳ,
604 2297 623 2388 ῆ
646 2306 684 2388 τῇ
706 2305 861 2386 βασιλείᾳ
884 2298 983 2367 αὐτοῦ
1008 2304 1155 2380 δίδωσιν,

131 2395 292 2483 ἀνάθεμα
315 2402 408 2467 ἔστω.
440 2401 471 2466 εί
491 2426 541 2477 τις
563 2406 662 2484 μέρος
684 2403 742 2465 τοῦ
758 2405 885 2482 πατρός
901 2400 985 2482 λε’γει
1001 2398 1058 2464 τόν
1073 2399 1155 2478 υἱὸν,

132 2493 153 2585 ῆ
176 2496 217 2562 τό
239 2500 369 2579 πνεῦμα
391 2497 430 2561 τό
452 2492 555 2581 άγιον,
585 2499 638 2563 καὶ
666 2496 710 2581 μῆ
742 2491 897 2580 ὁμολογεῖ
925 2495 981 2562 τὸν
1004 2495 1076 2561 υἱὸν
1097 2499 1156 2561 τοῦ
1167 2513 1194 2561 15

98 2598 219 2664 οθεοῦ
248 2594 283 2660 ίκ
304 2597 361 2680 τῆς
388 2597 445 2659 τοῦ
469 2594 596 2677 πατρὸς
625 2589 740 2672 οὐσίας
768 2592 836 2675 πρὸ
865 2596 975 2678 πάσης
1004 2592 1157 2671 ἐπινοίας

130 2694 349 2777 γεγενῆσθαι,
383 2685 537 2774 ἀνάθεμα
568 2692 660 2758 ἔστιν.
707 2693 784 2774 περὶ
816 2693 851 2757 όὲ
880 2693 937 2775 τῆς
960 2689 1156 2772 σαρκώσεως

130 2792 192 2854 τοῦ
215 2791 299 2855 θεοῦ
323 2787 421 2872 λόγου
443 2792 501 2853 τοῦ
524 2792 721 2873 μονογενοῦς
744 2789 816 2854 υἱοῦ
839 2790 897 2854 τοῦ
928 2791 1011 2853 θεοῦ
1035 2783 1156 2871 ὁμολο-

132 2890 254 2970 γοῦμεν
277 2881 330 2951 ὅτι
352 2885 424 2964 υίὸς
446 2888 504 2950 τοῦ
528 2889 611 2952 θεοῦ
634 2888 686 2952 καί
710 2883 894 2970 ἄνθρωπος
921 2891 1032 2969 γέγονε
1055 2888 1156 2967 χωρίς

133 2979 307 3066 ἁμαρτίας,
330 2982 413 3048 κατὰ
435 2982 628 3067 πρόσληψιν
651 2983 761 3069 πάσης
783 2986 841 3069 τῆς
859 2978 1076 3066 ἀνθρωπείας
1092 2982 1195 3069 (μό-νο

134 3103 236 3156 σεως,
268 3085 420 3145 τουτέστι
450 3083 556 3166 ψυχῆς
584 3080 713 3166 λογικῆς
742 3080 797 3145 καὶ
821 3082 936 3162 νοερᾶς
958 3083 1011 3145 καὶ
1035 3079 1155 3163 σαρκὸς

134 3171 360 3262 ἀνθρωπίνης.
402 3177 601 3260 πιστεύομεν
625 3177 671 3255 εἰς
694 3178 751 3244 ἕνα
773 3176 856 3243 θεόν
879 3183 1007 3259 πατέρα
1030 3198 1157 3240 παντο-

133 3273 293 3357 κράτορα,
331 3273 467 3340 πάντιυν
502 3270 629 3357 ὁρατῶν
663 3299 699 3340 τε
732 3275 784 3339 καὶ
820 3268 970 3356 ἀοράτων
1004 3270 1154 3357 ποιητὴν,

133 3370 188 3436 καί
212 3371 260 3448 είς
281 3370 338 3438 ἕνα
359 3370 471 3455 κόριον
491 3365 612 3457 ’ίησοῦν
628 3369 786 3453 Χριστόν,
810 3369 867 3435 τὸν
891 3371 962 3435 υἱὸν
985 3372 1043 3434 τοῦ
1060 3373 1154 3448 θεοῦ,

133 3467 191 3533 τόν
212 3474 411 3554 γεννηθέντα
434 3469 468 3534 ίκ
489 3471 548 3534 τοῦ
571 3468 698 3549 πατρὸς
725 3470 899 3553 μονογενῆ,
930 3472 1098 3532 τουτέστιν
1121 3467 1194 3532 ἒκθε

85 3568 192 3651 ςςςτῆς
213 3559 330 3643 οῦσίας
350 3568 409 3631 τοῦ
432 3565 568 3649 πατρὸς,
593 3562 675 3630 θεόν
698 3563 732 3629 ἐκ
756 3567 847 3640 θεοῦ,
880 3567 953 3650 (μῦς
975 3563 1009 3629 ἐκ
1032 3564 1153 3649 φωτός,

131 3661 217 3729 θεὸν
239 3656 402 3748 ἀληθινὸν
418 3661 452 3728 ἐκ
466 3665 550 3728 θεοῦ
567 3656 740 3748 ἀληθινοῦ,
763 3666 972 3746 γεννηθέντα,
997 3654 1034 3725 οῦ
1055 3685 1155 3746 ποιη-

131 3764 248 3837 θέντα,
272 3753 450 3842 όμοοόσιον
472 3762 519 3844 τῷ
542 3759 654 3840 πατρί,
691 3753 730 3823 δι’
757 3746 796 3823 οό
817 3757 859 3824 τὰ
885 3756 994 3824 πάντα
1018 3756 1153 3841 ἐγένετο,

131 3855 174 3923 τά
200 3880 238 3922 τε
266 3855 301 3923 ἐν
323 3849 452 3940 σόρανῷ
480 3858 533 3920 καὶ
562 3854 603 3921 τὰ
634 3854 689 3920 ἐπί
719 3858 776 3940 τῆς
798 3857 869 3940 γῆς,
911 3853 968 3920 τὸν
998 3849 1038 3918 όί
1068 3849 1155 3939 ῆμάς

131 3951 210 4031 τοῦς
240 3946 445 4035 ἀνθρώπους
472 3952 527 4018 καί
554 3951 610 4018 όιά
638 3951 696 4038 τῆν
718 3948 877 4036 ῆμετέραν
911 3957 1075 4036 σωτηρίαν
1097 3960 1194 4015 zea-³0

130 4049 300 4119 τιλθόντα
327 4052 379 4115 καί
404 4055 620 4131 σαρκωθίντα
648 4051 703 4114 καὶ
732 4046 1052 4133 ε’νανθρωπῆσαντα,
1086 4073 1154 4112 πα-

130 4148 250 4227 θόντα,
279 4149 335 4213 καί
357 4140 544 4213 ἀναστάντα
572 4149 611 4233 τῆ
634 4152 726 4233 τρίτῃ
750 4140 865 4230 ῆμίρᾳ,
899 4139 1084 4210 ἀνελθόντα
1107 4144 1155 4223 είς

123 4242 208 4323 τοῦς
236 4238 413 4327 οὐρανοὺς,
452 4242 625 4328 ἐρχόμενον
653 4253 769 4329 κρῖναι
793 4242 916 4323 ζῶντας
937 4243 990 4306 καί
1013 4241 1153 4327 νεκροὺς,
1242 4284 1244 4288 -
