2867 5084
244 940 306 1005 258
358 941 361 955 ’
469 951 673 1003 nmmo?
688 949 784 1000 xm
803 947 989 998 ιιεεεεαα
1003 947 1033 995 τ.

243 1104 324 1184 θεὸς
350 1101 553 1188 κατώρθωσε
579 1105 619 1189 τῇ
648 1101 800 1189 ἐκκλησίᾳ
826 1098 865 1164 τὸ
894 1102 962 1166 πᾶν
991 1092 1179 1182 άκρίβασμα
1200 1098 1252 1184 τῆς

244 1198 404 1288 ἀληθείας
431 1203 490 1286 της
516 1205 768 1284 πανσεβασμίου
795 1197 915 1283 ταύτης
938 1197 1051 1282 ἑορτης
1071 1197 1129 1261 καὶ
1151 1219 1252 1260 πανα-

242 1306 324 1383 μίας,
347 1296 430 1381 μετά
454 1297 624 1384 ἰσημερίαν
646 1298 706 1380 μὲν
728 1301 923 1373 ποιεῖσθαι,
948 1291 1003 1360 ὅτε
1026 1285 1252 1378 ὖποπίπτειή

242 1400 300 1484 της
327 1394 679 1480 τεσσαρεσκαιδεκάτης
706 1393 790 1461 κατὰ
810 1396 868 1478 της
890 1391 1025 1478 σελήνης
1045 1387 1171 1476 ἡμέρας
1193 1391 1252 1475 ψη·

219 1511 316 1582 οφος,
340 1488 397 1577 οὗχ
418 1494 474 1559 ἵνα
496 1493 530 1561 ἒν
552 1487 633 1577 αὐτῇ
655 1495 694 1578 τη
709 1487 1043 1577 τεσσαρεσκαιδεκάτη
1059 1487 1252 1555 ἓπιτελέσον

242 1617 311 1676 μεν.
341 1599 403 1676 μία
424 1590 485 1675 γὰρ
506 1587 612 1677 ήμίρα
632 1583 710 1673 παρ’
735 1589 870 1667 έκείνοις
892 1588 1052 1674 ζητεῖται,
1075 1580 1155 1670 παρ’
1179 1580 1252 1672 ημῖν

244 1691 280 1757 δέ
295 1684 333 1756 οὗ
348 1695 418 1772 μία,
442 1683 526 1754 ἀλλά
541 1689 585 1765 ἓξ,
612 1685 755 1771 ἑβδομὰς
769 1685 987 1772 πληρεστάτη.
1019 1683 1072 1750 διὸ
1087 1682 1144 1749 καὶ
1159 1678 1252 1761 αὐτὸς

244 1785 375 1869 ὁνόμος
391 1786 477 1868 λέγει
492 1782 725 1850 ίπιπλατόνων
741 1782 779 1849 τὸ
792 1783 966 1870 ’λήψεσθε
981 1782 1111 1859 ἑαυτοῖς
1129 1779 1252 1865 πρόβα

243 1906 301 1950 τον
316 1881 491 1959 ἐνιαύσιον,
511 1878 659 1964 ἀμωμον,
676 1882 810 1960 τέλειον,
835 1875 904 1946 ἀπὸ
919 1878 1055 1947 δεκάτου
1070 1882 1129 1944 τοῦ
1145 1876 1252 1965 μηνός,

207 1980 299 2049 τοκαὶ
326 1980 420 2047 ἔσται
447 1974 524 2062 ὑμῖν
554 1979 826 2065 διατετηρημένον
849 1975 924 2062 ἀχρι
944 1981 1003 2065 της
1024 1998 1252 2062 τεσσαρεσκαι·

244 2077 386 2164 δεκάτης,
410 2082 465 2142 καλ
486 2075 639 2142 θήσεσθε
661 2070 742 2140 αὐτὸ
764 2075 849 2159 πρὸς
866 2075 1010 2160 ἑσπέραν
1025 2077 1064 2160 τῇ
1080 2096 1252 2157 τεσσαρεσ-

243 2174 415 2261 καιδεκάτη
448 2169 553 2260 ήμέρα
585 2176 645 2239 τοῦ
676 2172 806 2260 μηνός,”
839 2178 990 2240 τουτέστι
1021 2175 1079 2258 της
1111 2170 1252 2257 σελήνης,

244 2283 484 2359 παρατηρεῖται
506 2273 542 2338 δέ
565 2266 582 2356 η
607 2270 759 2356 ἐκκλησία
782 2267 871 2355 ἄγειν
893 2270 951 2356 την
974 2266 1089 2355 ἑορτήν
1111 2272 1172 2334 τοῦ
1187 2266 1252 2334 Πά·

244 2394 321 2454 σχα,
350 2376 500 2436 τουτέστι
526 2368 584 2454 τήν
613 2367 782 2453 ἑβδομάδα
808 2367 865 2454 την
895 2363 1092 2452 ὡρισμένην,
1122 2368 1180 2432 καὶ
1202 2361 1252 2431 ἀπ’

206 2487 235 2536 15
244 2463 351 2534 αὐτῶν
379 2470 445 2532 τῶν
473 2462 671 2532 ἀποστόλων
700 2466 734 2532 ἐν
763 2468 802 2551 τῇ
825 2464 988 2544 διατάξει,
1012 2459 1082 2530 ἀπό
1105 2464 1252 2545 δευτέρας

243 2564 432 2652 σαββάτων,
463 2560 545 2648 ὅπερ
576 2562 665 2627 ἐστὶν
688 2558 875 2647 ἀγορασμός
897 2566 955 2628 τοῦ
978 2562 1160 2647 προβάτου.
1208 2585 1252 2627 κα.

243 2663 299 2729 έάν
329 2662 388 2744 μὲν
415 2650 435 2745 η
466 2659 800 2744 τεσσαρεσκαιδεκάτη
824 2663 882 2746 της
904 2659 1039 2747 σελήνης
1060 2663 1099 2746 τη
1123 2660 1252 2746 δευτέρη

242 2762 308 2825 τῶν
331 2756 515 2841 σαββάτων,
543 2756 589 2833 εἰς
611 2762 712 2837 μέσον
737 2754 850 2841 ἀμεται
872 2756 910 2822 τὸ
932 2760 1027 2840 θῦμα
1048 2760 1107 2823 τοῦ
1129 2754 1252 2841 προβά-

242 2878 310 2933 του,
342 2854 398 2920 έάν
427 2879 463 2920 τε
492 2859 586 2938 τρίτη
611 2850 806 2938 σαββάτων,
837 2853 893 2920 έάν
916 2880 951 2921 τε
973 2853 1110 2940 τετάρτη
1133 2852 1252 2939 σαββά·

205 2970 323 3032 κοτων,
353 2950 409 3017 ε’άν
437 2976 473 3017 τε
500 2956 636 3036 πέμπτη
667 2951 856 3036 σαββάτων,
887 2951 943 3019 έάν
965 2978 1001 3018 τε
1022 2950 1252 3039 προσαββάτῳ

243 3049 299 3118 έάν
313 3075 350 3117 τε
365 3048 530 3134 σαββάτῳ,
553 3050 619 3112 τῶν
637 3049 673 3126 ἓξ
685 3044 814 3136 ήμερῶν
829 3048 914 3135 πρὸς
928 3049 986 3137 τήν
1004 3050 1159 3136 τοιαύτην
1177 3047 1252 3115 ἀπό

241 3154 341 3216 θεσιν
357 3147 499 3229 ἐχουσῶν
514 3143 572 3232 τήν
588 3145 761 3231 διοίκησιν.
790 3145 940 3234 οὔτεγὰρ
957 3142 1013 3233 ἀφ’
1032 3147 1252 3235 ἑκκαιδεκάτης

243 3248 378 3332 σελήνης
407 3244 578 3328 δυνάμεθα
601 3240 677 3310 οότε
699 3239 769 3310 ἀπὸ
792 3244 907 3331 ἐνάτης
929 3245 1064 3331 σελήνης
1086 3244 1252 3327 δυνάμεθι

243 3342 412 3427 ἄρξασθαι
438 3345 497 3429 της
525 3339 710 3425 ἑβδομάδος
737 3345 795 3429 της
823 3345 1027 3431 ξηροφαγίας
1054 3345 1110 3408 καλ
1139 3341 1252 3426 Πάσχι

203 3441 440 3522 25καλουμὲνης
462 3435 566 3524 άγίας,
601 3433 685 3505 ἀλλὰ
707 3434 777 3505 ἀπὸ
801 3440 935 3525 δεκάτης
957 3441 1018 3519 ἕως
1048 3438 1252 3526 ἑπιφωσκοό

242 3556 301 3623 σης
322 3534 621 3621 πεντεκαιδεκάτης,
643 3536 847 3624 μεσαζούσης
868 3541 935 3603 τιῖνν
958 3538 1016 3603 δύο
1040 3538 1182 3622 δρόμων,
1207 3562 1252 3604 νυ·

240 3633 316 3713 κτός
337 3658 372 3699 τε
393 3636 446 3698 καλ
470 3629 600 3719 ήμέρας.
645 3636 698 3699 καὶ
722 3636 1094 3720 συναναλαμβανομένου
1116 3638 1177 3701 τοῦ
1201 3626 1252 3700 αὖ·

240 3735 306 3799 τῶν
329 3725 485 3816 ἀριθμοῦ,
516 3732 582 3795 τῶν
606 3730 852 3820 δεκατεσσάρων
881 3729 1009 3818 ήμερῶν
1032 3737 1089 3820 της
1112 3732 1252 3820 σελήνης

240 3828 300 3898 κάν
321 3855 358 3896 τε
379 3827 597 3914 παράπτηται
619 3825 665 3905 εἰς
687 3828 871 3916 ίπίφαυσιν
885 3833 943 3916 της
955 3828 1252 3916 πεντεκαιδεκάτης

202 3926 298 3998 εοδιά
319 3925 377 4013 τήν
400 3925 435 4005 ἒξ
457 3920 595 4011 ἀνάγκης
618 3918 787 4010 ἀκρίβειαν
818 3930 877 3993 τοῦ
905 3954 942 3994 τε
969 3924 1104 4014 ήλιακοῦ
1134 3925 1252 4011 δρόμοι

240 4025 324 4109 μετὰ
355 4022 414 4109 την
448 4024 618 4110 ἰσημερίαν
653 4025 708 4088 καὶ
740 4026 800 4088 τοῦ
828 4026 1020 4111 σεληνιακοῦ
1049 4023 1175 4111 δρόμου
1205 4022 1252 4092 διιι

239 4122 298 4210 την
329 4118 693 4208 τεσσαρεσκαιδεκάτην,
731 4123 785 4184 καλ
816 4125 874 4208 της
907 4123 1090 4207 ἑβδομάδος
1112 4121 1252 4209 πλήρους

241 4218 298 4285 διὰ
318 4218 377 4285 τὲν
403 4218 571 4307 κυριακήν,
605 4215 661 4282 καὶ
688 4213 747 4300 τήν
769 4211 839 4282 ἀπὸ
862 4221 997 4307 δεκάτης
1019 4217 1141 4308 ἡμέρας
1163 4218 1252 4306 σελή·
