2867 5084
260 928 331 991 '418
481 936 688 987 κοιψκυτοκ
704 934 801 984 κατι
819 933 1006 982 mamm
1023 934 1051 981 r.

264 1095 326 1159 τοῦ
350 1088 445 1165 ὄντος
473 1086 508 1166 ἐξ
530 1082 630 1152 αὐτοῦ
653 1078 720 1151 κατ’
746 1078 861 1150 οὐσίαν
890 1088 1151 1170 γεγεννημένοις,
1186 1079 1290 1165 πάρεξ

267 1190 370 1273 μόνου
394 1181 494 1251 αὐτοῦ
517 1186 570 1249 καί
597 1185 652 1247 τοῦ
677 1181 865 1263 πνεύματος
886 1185 944 1247 τσῦ
968 1177 1073 1267 ἁγίου,
1096 1183 1156 1245 τοῦ
1180 1179 1213 1246 ἐκ
1234 1181 1291 1263 τῆς

268 1280 394 1361 οὐσίας,
417 1285 476 1346 τοῦ
500 1276 694 1365 άσυγκρίτου
717 1278 846 1362 πατρὸς
862 1277 990 1344 καὶτοῦ
1005 1280 1205 1363 μονογενοῦς
1219 1276 1291 1342 υἱοῦ

269 1375 369 1446 αὐτοῦ
393 1377 509 1499 5555,
523 1374 592 1442 άτσ
592 1374 722 1461 τωτάτη
747 1371 786 1440 ὸν
810 1376 860 1460 εὶη
884 1397 944 1441 σου
967 1371 986 1460 ἡ
1010 1373 1181 1461 ὁμολογία.
1220 1376 1292 1450 πῶς

245 1476 329 1564 ῦγὸρ
354 1478 402 1543 ἔτι
426 1471 473 1553 εἷς
496 1475 530 1541 ἐκ
546 1478 611 1539 τῶν
627 1471 772 1550 πάντων,
798 1471 832 1549 ἐξ
854 1461 893 1536 05
915 1473 1026 1538 πάντα
1048 1467 1141 1552 ἐξ’
1105 1497 1164 1538 ουκ
1188 1470 1291 1537 ὄντων

268 1582 455 1661 γεγένητσις
491 1568 652 1637 άὸῦνατον
675 1569 736 1653 γάρ
759 1572 868 1646 τοῦτο,
897 1572 952 1636 καὶ
974 1563 1045 1634 οὐδ’
1071 1565 1172 1648 αὐτὸς
1193 1571 1291 1634 τοῦτο

270 1676 406 1752 λέξειας
454 1669 497 1754 μί
524 1668 738 1803 ἐνδεχομένου
768 1668 803 1732 δὲ
833 1669 890 1729 τοῦ
920 1661 1019 1731 αὐτὸν
1055 1661 1141 1734 εἶναι
1177 1662 1358 1749 ῦμσιονοῢ

268 1765 290 1855 ἢ
314 1772 387 1835 ἰ’σον
409 1777 481 1842 τοῖς
503 1765 538 1842 ἐξ
560 1759 659 1829 αὐτοῦ
684 1763 719 1840 ἐξ
741 1759 799 1829 οῦκ
823 1762 926 1828 ὄντων
949 1764 1126 1850 γεγονόσιν,
1164 1759 1294 1880 σἰνέγ-δε

269 1866 345 1932 κτὸν
369 1865 439 1930 ε’στι
461 1861 502 1926 τὰ
525 1858 626 1942 ὅμοια
642 1854 741 1974 αὐτὸν
758 1859 898 1940 πάσχειν
912 1872 985 1939 τοῖς
1000 1858 1174 1944 ἀνομοίοις
1192 1856 1293 1945 αῦτιῦ,

235 1960 380 2041 ιθοῖς
344 1987 382 2027 το
406 1956 491 2026 εἷται
513 1953 597 2023 αὐτὸ
620 1956 655 2034 ἐξ
677 1952 778 2022 αίτοῦ
806 1957 841 2036 ἐξ
875 1953 933 2023 οῦκ
962 1956 1065 2024 ὄντων
1099 1963 1154 2024 καί
1184 1958 1297 2024 πάντα

270 2060 313 2126 τὰ
335 2061 369 2126 ἐν
397 2053 525 2133 αὐτοῖς,
565 2049 614 2130 οἷς
645 2061 839 2173 συμβαίνει
846 2055 930 2120 κατὰ
958 2061 1110 2141 στέρησιν
1139 2051 1228 2122 εἶναι
1257 2054 1298 2119 τὸ

272 2153 429 2225 ἐναντίον.
476 2179 516 2217 τα
538 2153 598 2233 μὲν
620 2150 681 2233 γάρ
705 2152 795 2217 ἐστιν
824 2147 954 2233 ὁριῦντα
982 2148 1040 2218 οῦκ
1068 2150 1117 2240 άφ
1121 2148 1295 2230 ’ἑαυτῶκ

273 2253 348 2321 οὸτε
376 2251 437 2336 γάρ
470 2255 523 2314 καὶ
552 2247 590 2312 τὸ
620 2255 705 2312 είναι
739 2243 799 2334 ἀφ’
832 2248 957 2315 ἑαυτῶν
986 2249 1175 2336 ἐσχήκασιν,
1213 2245 1298 2315 ἀλλὰ

271 2351 354 2417 κατὰ
378 2346 507 2430 ὸοτικην
528 2345 622 2428 χάριν
646 2348 704 2409 τοῦ
730 2347 1004 2432 ὸεὸιυρημένοι,’
990 2373 1023 2413 εν
1046 2343 1098 2425 οίς
1120 2353 1299 2431 συμβαίνει

234 2446 310 2515 Ιοτὸ
341 2445 456 2520 πάθος
484 2441 566 2508 κατά
595 2446 747 2525 στέρησιν
776 2446 842 2507 τιῦν
873 2443 907 2509 ἐν
936 2440 1050 2522 αὐτοῖς
1077 2441 1298 2528 ὑπαρξάντων

271 2543 354 2611 κατὰ
377 2541 434 2625 τὸν
458 2541 550 2605 δόσιν
573 2542 631 2602 τοῦ
656 2539 892 2624 δεδωρημένου,
915 2547 974 2606 τοῦ
991 2537 1149 2620 ἀπαθοῦς
1166 2546 1222 2608 καί
1240 2536 1298 2606 οῦκ

272 2643 307 2710 ἔκ
327 2664 417 2716 τινος
435 2641 564 2719 ἔχοντες
578 2635 616 2698 τὸ
634 2629 727 2714 εἶναι,
753 2634 828 2702 σι’-δὲ
851 2639 1032 2721 δυναμένου
1047 2645 1325 2723 στερίσκεσθαι,ς

271 2750 344 2817 τοῖς
367 2738 401 2816 ἐξ
424 2733 481 2802 οῦκ
504 2734 608 2799 ὄντων
632 2728 827 2814 ῦπάρξιισιν.
868 2735 897 2800 εἰ
920 2726 976 2801 σῦν
1000 2732 1058 2802 οῦκ
1080 2738 1154 2814 ἴσος
1172 2737 1298 2813 ἐκεῖνος

273 2832 293 2902 5
315 2835 395 2912 υίὸς,
420 2829 440 2920 ἢ
464 2829 482 2896 5
506 2830 624 2914 navigo,
649 2824 669 2914 ἢ
691 2830 729 2893 τὸ
752 2828 846 2913 ἱίγιον
869 2837 999 2915 πνεῦμα
1020 2834 1160 2912 τούτοις,
1198 2832 1300 2910 ἄλλος

228 2935 310 2999 ουδὲ
340 2933 428 2997 ἐστιν
460 2926 477 2994 5
507 2929 578 3004 υίὸς
607 2926 699 3008 παρὰ
728 2929 878 3007 τούτους,
913 2926 951 2995 οῦ
980 2937 1019 3018 τῇ
1048 2932 1102 3018 ἴση
1132 2927 1301 3015 ὀνομασίᾳ

272 3028 533 3116 κικλησκὸμενος,
558 3024 724 3105 ἐξαίρετοι
748 3027 780 3090 ὀί
798 3029 852 3091 καὶ
868 3022 1062 3111 ἀσύγκριτον
1081 3027 1188 3111 ὄνομα
1205 3029 1298 3110 ἔχων,

274 3123 487 3211 αὐτοαγαθόν
511 3119 579 3189 άπὸ
601 3123 660 3185 τοῦ
684 3116 897 3205 οῦτοαγαθοῦ
914 3122 1018 3204 ὄντος,
1041 3133 1092 3204 τίς
1114 3121 1154 3192 άν
1175 3121 1198 3212 ἡ
1216 3149 1299 3207 συμ-

273 3225 380 3310 πλοκη
405 3224 490 3306 πρὸς
512 3220 550 3286 τὸ
574 3219 763 3304 στερητικὸν
787 3221 922 3306 ἐχούσης
944 3218 1139 3304 άντίῧετον,·
1180 3247 1301 3306 περιτ-

272 3320 330 3398 τὸς
352 3322 412 3405 γάρ
437 3317 454 3383 5
477 3324 534 3385 τοῦ
557 3316 595 3383 τὸ
613 3317 800 3400 στερητικὸν
817 3316 1056 3402 εἰσενέγκαντος
1074 3318 1152 3407 ἡμῖν
1164 3315 1300 3386 Ἀετίου

231 3415 379 3500 Ικυλόγος,
404 3419 461 3480 τοῦ
485 3412 659 3499 άγεννητου
682 3416 765 3479 θεοῦ
788 3419 841 3479 καί
865 3422 1018 3534 γεννητοῦ
1049 3420 1120 3484 υίοῦ
1152 3413 1189 3483 οῦ
1214 3416 1300 3483 κατὰ

235 3550 246 3575 ι
274 3519 427 3596 στέρησιν
449 3538 506 3593 την
529 3514 594 3575 τῶν
617 3510 804 3590 κτισμάτων
828 3513 957 3593 ἔχοντος
985 3517 1023 3580 τὸ
1052 3512 1201 3599 ῦπάρχον
1225 3510 1299 3594 άξί·
1282 3542 1326 3589 -η

274 3635 363 3693 ωμα,
399 3604 482 3673 ἀλλὰ
504 3606 585 3672 κατὰ
613 3605 652 3669 τὸ
684 3602 879 3689 αῦτοιιιιτως
907 3617 960 3677 καί
991 3613 1182 3705 ιδιαζόντως
1217 3607 1296 3678 καθ’

273 3706 372 3776 ἑαυτὸ
396 3711 592 3787 συμπρὲπου
615 3706 653 3817 τίη
678 3702 795 3768 εαυτοῦ
820 3701 917 3793 σῦσίᾳ
938 3735 975 3776 τε
996 3714 1049 3776 καί
1072 3691 1222 3798 θεὸτητι,
1253 3705 1301 3787 ιῦς

275 3804 332 3873 ἐπὶ
354 3806 412 3868 τοῦ
436 3798 594 3887 άόργητος
617 3795 655 3864 05
679 3800 790 3864 διά
758 3828 796 3866 τυ
819 3797 1022 3887 ὀργίζεσθαι,
1058 3803 1142 3874 ἀλλὰ
1172 3807 1231 3874 διὸ
1258 3806 1300 3871 τὸ

231 3897 527 3985 ωαῦτοαόργητοι,
557 3901 611 3964 καὶ
634 3897 672 3960 τὸ
695 3892 869 3982 άγίνιητος
892 3902 1006 3968 διὸ
970 3929 1008 3968 το
1025 3900 1297 3991 αῦτοαγίννητον,

273 3997 332 4066 κάν
362 4024 397 4065 τε
427 3994 444 4061 5
474 3995 544 4074 υίὸς
565 3993 716 4080 γεννητὸς
744 3995 794 4079 εἴη
817 3993 894 4076 ,άπὸ
921 4005 981 4065 τοῦ
1010 3998 1201 4088 άγεννητου,
1238 4005 1299 4088 τῆς

273 4096 357 4163 κατὰ
379 4101 531 4180 στέρησιν
553 4096 671 4171 λέξεως
691 4088 843 4174 ματαίως
869 4104 1017 4184 κειμένης
1045 4101 1100 4165 ἐπὶ
1123 4103 1170 4184 τῷ
1194 4094 1298 4184 ἄσην.

268 4199 373 4276 τιρίτηι
401 4193 487 4277 πρὸς
514 4189 591 4266 τοὺς
612 4187 747 4264 ἄλλους,
782 4191 866 4255 κατὰ
898 4192 962 4260 τὸν
981 4201 1057 4261 νοῦν
1086 4197 1206 4262 τοῦτου
1235 4200 1299 4263 τοῦ
