<?xml version="1.0" encoding="UTF-8"?>
<!DOCTYPE html PUBLIC "-//W3C//DTD XHTML 1.0 Transitional//EN"
    "http://www.w3.org/TR/xhtml1/DTD/xhtml1-transitional.dtd">
<html xmlns="http://www.w3.org/1999/xhtml" xml:lang="en" lang="en">
 <head>
  <title>
</title>
<meta http-equiv="Content-Type" content="text/html;charset=utf-8" />
  <meta name='ocr-system' content='tesseract 3.04.00' />
  <meta name='ocr-capabilities' content='ocr_page ocr_carea ocr_par ocr_line ocrx_word'/>
</head>
<body>
  <div class='ocr_page' id='page_1' title='image "./opera01dindgoog_0555.png"; bbox 0 0 2867 5084; ppageno 0'>
   <div class='ocr_carea' id='block_1_1' title="bbox 487 959 1170 1022">
    <p class='ocr_par' dir='ltr' id='par_1_1' title="bbox 487 959 1170 1022">
     <span class='ocr_line' id='line_1_1' title="bbox 487 959 1170 1022; baseline 0.001 -1"><span class='ocrx_word' id='word_1_1' title='bbox 487 969 620 1021; x_wconf 72' lang='lat' dir='ltr'><strong><em>mm</em></strong></span> <span class='ocrx_word' id='word_1_2' title='bbox 638 970 846 1021; x_wconf 77' lang='grc' dir='ltr'><strong><em>ιπιοινιτιι.</em></strong></span> <span class='ocrx_word' id='word_1_3' title='bbox 1108 959 1170 1022; x_wconf 79' lang='grc'><strong><em>497</em></strong></span> 
     </span>
    </p>
   </div>
   <div class='ocr_carea' id='block_1_2' title="bbox 85 1117 1220 4334">
    <p class='ocr_par' dir='ltr' id='par_1_2' title="bbox 151 1117 1174 1306">
     <span class='ocr_line' id='line_1_2' title="bbox 152 1117 1174 1209; baseline -0.001 -21"><span class='ocrx_word' id='word_1_4' title='bbox 152 1118 280 1200; x_wconf 72' lang='grc' dir='ltr'><strong><em>εἰδότες</em></strong></span> <span class='ocrx_word' id='word_1_5' title='bbox 307 1124 361 1188; x_wconf 79' lang='grc' dir='ltr'><strong><em>καὶ</em></strong></span> <span class='ocrx_word' id='word_1_6' title='bbox 384 1122 418 1189; x_wconf 79' lang='grc' dir='ltr'><strong><em>ἐν</em></strong></span> <span class='ocrx_word' id='word_1_7' title='bbox 441 1117 522 1209; x_wconf 77' lang='grc' dir='ltr'><strong><em>αὑτῇ</em></strong></span> <span class='ocrx_word' id='word_1_8' title='bbox 552 1125 780 1204; x_wconf 81' lang='grc' dir='ltr'><strong><em>πνευματικῶς</em></strong></span> <span class='ocrx_word' id='word_1_9' title='bbox 810 1122 925 1204; x_wconf 64' lang='grc' dir='ltr'><strong><em>ἔχοντα</em></strong></span> <span class='ocrx_word' id='word_1_10' title='bbox 952 1121 1174 1206; x_wconf 86' lang='grc' dir='ltr'><strong><em>λαμβάνοντες</em></strong></span> 
     </span>
     <span class='ocr_line' id='line_1_3' title="bbox 151 1214 1174 1306; baseline -0.004 -17"><span class='ocrx_word' id='word_1_11' title='bbox 151 1214 264 1306; x_wconf 81' lang='grc' dir='ltr'><strong><em>ἆληθή</em></strong></span> <span class='ocrx_word' id='word_1_12' title='bbox 292 1222 352 1303; x_wconf 77' lang='grc' dir='ltr'><strong><em>μὲν</em></strong></span> <span class='ocrx_word' id='word_1_13' title='bbox 374 1217 462 1299; x_wconf 79' lang='grc' dir='ltr'><strong><em>ὄντα,</em></strong></span> <span class='ocrx_word' id='word_1_14' title='bbox 498 1220 531 1285; x_wconf 78' lang='grc' dir='ltr'><strong><em>έν</em></strong></span> <span class='ocrx_word' id='word_1_15' title='bbox 553 1218 721 1303; x_wconf 93' lang='grc' dir='ltr'><strong><em>βαθύτητι</em></strong></span> <span class='ocrx_word' id='word_1_16' title='bbox 742 1219 778 1284; x_wconf 84' lang='grc' dir='ltr'><strong><em>δὲ</em></strong></span> <span class='ocrx_word' id='word_1_17' title='bbox 800 1220 1047 1306; x_wconf 82' lang='grc' dir='ltr'><strong><em>σαφηνιζόμενα</em></strong></span> <span class='ocrx_word' id='word_1_18' title='bbox 1069 1244 1174 1286; x_wconf 88' lang='grc' dir='ltr'><strong><em>πεπι-</em></strong></span> 
     </span>
    </p>

    <p class='ocr_par' dir='ltr' id='par_1_3' title="bbox 122 1312 1171 1482">
     <span class='ocr_line' id='line_1_4' title="bbox 122 1312 1171 1404; baseline 0 -20"><span class='ocrx_word' id='word_1_19' title='bbox 122 1316 337 1385; x_wconf 74' lang='grc' dir='ltr'><strong><em>σστεύκασιν.</em></strong></span> <span class='ocrx_word' id='word_1_20' title='bbox 381 1312 419 1383; x_wconf 90' lang='grc' dir='ltr'><strong><em>ού</em></strong></span> <span class='ocrx_word' id='word_1_21' title='bbox 447 1316 548 1400; x_wconf 92' lang='grc' dir='ltr'><strong><em>μόνον</em></strong></span> <span class='ocrx_word' id='word_1_22' title='bbox 570 1315 632 1402; x_wconf 85' lang='grc' dir='ltr'><strong><em>γὰρ</em></strong></span> <span class='ocrx_word' id='word_1_23' title='bbox 661 1316 728 1401; x_wconf 60' lang='lat' dir='ltr'><strong><em>inst</em></strong></span> <span class='ocrx_word' id='word_1_24' title='bbox 754 1319 852 1381; x_wconf 88' lang='grc' dir='ltr'><strong><em>τοῦτο</em></strong></span> <span class='ocrx_word' id='word_1_25' title='bbox 874 1323 1010 1400; x_wconf 79' lang='grc' dir='ltr'><strong><em>βαθέως</em></strong></span> <span class='ocrx_word' id='word_1_26' title='bbox 1034 1319 1171 1404; x_wconf 76' lang='grc' dir='ltr'><strong><em>εἴρηται,</em></strong></span> 
     </span>
     <span class='ocr_line' id='line_1_5' title="bbox 152 1411 563 1482; baseline -0.005 0"><span class='ocrx_word' id='word_1_27' title='bbox 152 1411 239 1482; x_wconf 63' lang='lat' dir='ltr'><strong><em>&amp;Md</em></strong></span> <span class='ocrx_word' id='word_1_28' title='bbox 260 1418 314 1481; x_wconf 79' lang='grc' dir='ltr'><strong><em>καὶ</em></strong></span> <span class='ocrx_word' id='word_1_29' title='bbox 337 1414 423 1481; x_wconf 75' lang='grc' dir='ltr'><strong><em>ἄλλα</em></strong></span> <span class='ocrx_word' id='word_1_30' title='bbox 444 1413 563 1480; x_wconf 87' lang='grc' dir='ltr'><strong><em>πολλά.</em></strong></span> 
     </span>
    </p>

    <p class='ocr_par' dir='ltr' id='par_1_4' title="bbox 151 1508 1213 2180">
     <span class='ocr_line' id='line_1_6' title="bbox 240 1508 1198 1597; baseline -0.002 -18"><span class='ocrx_word' id='word_1_31' title='bbox 240 1519 289 1579; x_wconf 81' lang='grc'><strong><em>37.</em></strong></span> <span class='ocrx_word' id='word_1_32' title='bbox 317 1508 366 1577; x_wconf 79' lang='grc' dir='ltr'><strong><em>Ἔν</em></strong></span> <span class='ocrx_word' id='word_1_33' title='bbox 390 1513 425 1578; x_wconf 79' lang='grc' dir='ltr'><strong><em>δὲ</em></strong></span> <span class='ocrx_word' id='word_1_34' title='bbox 448 1515 494 1597; x_wconf 79' lang='grc' dir='ltr'><strong><em>τῷ</em></strong></span> <span class='ocrx_word' id='word_1_35' title='bbox 518 1510 661 1595; x_wconf 81' lang='grc' dir='ltr'><strong><em>παρόντι</em></strong></span> <span class='ocrx_word' id='word_1_36' title='bbox 691 1513 794 1596; x_wconf 77' lang='grc' dir='ltr'><strong><em>καιρῷ</em></strong></span> <span class='ocrx_word' id='word_1_37' title='bbox 824 1508 880 1574; x_wconf 82' lang='grc' dir='ltr'><strong><em>διὰ</em></strong></span> <span class='ocrx_word' id='word_1_38' title='bbox 907 1508 966 1594; x_wconf 82' lang='grc' dir='ltr'><strong><em>τήν</em></strong></span> <span class='ocrx_word' id='word_1_39' title='bbox 995 1518 1198 1592; x_wconf 74' lang='grc' dir='ltr'><strong><em>σοντσμίαν5</em></strong></span> 
     </span>
     <span class='ocr_line' id='line_1_7' title="bbox 151 1602 1174 1695; baseline -0.003 -20"><span class='ocrx_word' id='word_1_40' title='bbox 151 1610 257 1695; x_wconf 86' lang='grc' dir='ltr'><strong><em>μόνον</em></strong></span> <span class='ocrx_word' id='word_1_41' title='bbox 279 1610 313 1675; x_wconf 81' lang='grc' dir='ltr'><strong><em>έν</em></strong></span> <span class='ocrx_word' id='word_1_42' title='bbox 335 1606 521 1694; x_wconf 71' lang='grc' dir='ltr'><strong><em>ὑπομνήσει</em></strong></span> <span class='ocrx_word' id='word_1_43' title='bbox 542 1615 715 1693; x_wconf 78' lang='grc' dir='ltr'><strong><em>γεγένημαι</em></strong></span> <span class='ocrx_word' id='word_1_44' title='bbox 736 1611 782 1693; x_wconf 76' lang='grc' dir='ltr'><strong><em>τῷ</em></strong></span> <span class='ocrx_word' id='word_1_45' title='bbox 806 1606 901 1692; x_wconf 82' lang='grc' dir='ltr'><strong><em>λόγῳ,</em></strong></span> <span class='ocrx_word' id='word_1_46' title='bbox 932 1602 1026 1684; x_wconf 82' lang='grc' dir='ltr'><strong><em>ὅπως</em></strong></span> <span class='ocrx_word' id='word_1_47' title='bbox 1052 1610 1174 1691; x_wconf 83' lang='grc' dir='ltr'><strong><em>γνῶσιν</em></strong></span> 
     </span>
     <span class='ocr_line' id='line_1_8' title="bbox 154 1701 1176 1790; baseline -0.005 -17"><span class='ocrx_word' id='word_1_48' title='bbox 154 1708 190 1774; x_wconf 76' lang='grc' dir='ltr'><strong><em>οἱ</em></strong></span> <span class='ocrx_word' id='word_1_49' title='bbox 216 1714 390 1787; x_wconf 73' lang='grc' dir='ltr'><strong><em>θεοσεβεῖς</em></strong></span> <span class='ocrx_word' id='word_1_50' title='bbox 419 1703 471 1772; x_wconf 84' lang='grc' dir='ltr'><strong><em>ὅτι</em></strong></span> <span class='ocrx_word' id='word_1_51' title='bbox 503 1709 603 1771; x_wconf 78' lang='grc' dir='ltr'><strong><em>παντί</em></strong></span> <span class='ocrx_word' id='word_1_52' title='bbox 632 1706 822 1790; x_wconf 77' lang='grc' dir='ltr'><strong><em>βουλομένῳ</em></strong></span> <span class='ocrx_word' id='word_1_53' title='bbox 857 1701 1066 1788; x_wconf 77' lang='grc' dir='ltr'><strong><em>ὑπερβαίνειν</em></strong></span> <span class='ocrx_word' id='word_1_54' title='bbox 1098 1703 1176 1783; x_wconf 84' lang='grc' dir='ltr'><strong><em>τούς</em></strong></span> 
     </span>
     <span class='ocr_line' id='line_1_9' title="bbox 155 1801 1176 1890; baseline -0.004 -20"><span class='ocrx_word' id='word_1_55' title='bbox 155 1802 254 1888; x_wconf 80' lang='grc' dir='ltr'><strong><em>ὅρους</em></strong></span> <span class='ocrx_word' id='word_1_56' title='bbox 282 1808 340 1890; x_wconf 79' lang='grc' dir='ltr'><strong><em>τῆς</em></strong></span> <span class='ocrx_word' id='word_1_57' title='bbox 368 1801 462 1888; x_wconf 85' lang='grc' dir='ltr'><strong><em>ὑγίας</em></strong></span> <span class='ocrx_word' id='word_1_58' title='bbox 484 1806 567 1870; x_wconf 88' lang='grc' dir='ltr'><strong><em>θεοῦ</em></strong></span> <span class='ocrx_word' id='word_1_59' title='bbox 591 1804 761 1888; x_wconf 72' lang='grc' dir='ltr'><strong><em>ἐκκλησίας</em></strong></span> <span class='ocrx_word' id='word_1_60' title='bbox 789 1805 842 1868; x_wconf 81' lang='grc' dir='ltr'><strong><em>καὶ</em></strong></span> <span class='ocrx_word' id='word_1_61' title='bbox 870 1801 1090 1886; x_wconf 82' lang='grc' dir='ltr'><strong><em>παραδόσεως</em></strong></span> <span class='ocrx_word' id='word_1_62' title='bbox 1118 1805 1176 1887; x_wconf 77' lang='grc' dir='ltr'><strong><em>τῆς</em></strong></span> 
     </span>
     <span class='ocr_line' id='line_1_10' title="bbox 154 1896 1174 1988; baseline -0.002 -21"><span class='ocrx_word' id='word_1_63' title='bbox 154 1904 364 1988; x_wconf 81' lang='grc' dir='ltr'><strong><em>προφητικής</em></strong></span> <span class='ocrx_word' id='word_1_64' title='bbox 385 1905 440 1967; x_wconf 87' lang='grc' dir='ltr'><strong><em>καὶ</em></strong></span> <span class='ocrx_word' id='word_1_65' title='bbox 462 1896 686 1986; x_wconf 81' lang='grc' dir='ltr'><strong><em>δποστολικής</em></strong></span> <span class='ocrx_word' id='word_1_66' title='bbox 707 1899 853 1978; x_wconf 86' lang='grc' dir='ltr'><strong><em>πίστεώς</em></strong></span> <span class='ocrx_word' id='word_1_67' title='bbox 874 1925 911 1966; x_wconf 90' lang='grc' dir='ltr'><strong><em>τε</em></strong></span> <span class='ocrx_word' id='word_1_68' title='bbox 932 1904 985 1965; x_wconf 79' lang='grc' dir='ltr'><strong><em>καὶ</em></strong></span> <span class='ocrx_word' id='word_1_69' title='bbox 1017 1901 1174 1965; x_wconf 88' lang='grc' dir='ltr'><strong><em>διδασκα·</em></strong></span> 
     </span>
     <span class='ocr_line' id='line_1_11' title="bbox 155 1992 1213 2084; baseline -0.001 -21"><span class='ocrx_word' id='word_1_70' title='bbox 155 2000 231 2076; x_wconf 86' lang='grc' dir='ltr'><strong><em>λίας</em></strong></span> <span class='ocrx_word' id='word_1_71' title='bbox 251 1999 310 2084; x_wconf 85' lang='grc' dir='ltr'><strong><em>τήν</em></strong></span> <span class='ocrx_word' id='word_1_72' title='bbox 333 1999 463 2075; x_wconf 73' lang='grc' dir='ltr'><strong><em>ἐλπίδα,</em></strong></span> <span class='ocrx_word' id='word_1_73' title='bbox 487 1994 556 2064; x_wconf 76' lang='grc' dir='ltr'><strong><em>ὑπὸ</em></strong></span> <span class='ocrx_word' id='word_1_74' title='bbox 579 2001 637 2084; x_wconf 79' lang='grc' dir='ltr'><strong><em>τῆς</em></strong></span> <span class='ocrx_word' id='word_1_75' title='bbox 657 2000 736 2080; x_wconf 85' lang='grc' dir='ltr'><strong><em>μιᾶς</em></strong></span> <span class='ocrx_word' id='word_1_76' title='bbox 757 1992 955 2075; x_wconf 74' lang='grc' dir='ltr'><strong><em>ὑποθέσεως</em></strong></span> <span class='ocrx_word' id='word_1_77' title='bbox 977 2002 1042 2080; x_wconf 47' lang='grc' dir='ltr'><strong><em>τοῦ,</em></strong></span> <span class='ocrx_word' id='word_1_78' title='bbox 1057 2000 1213 2083; x_wconf 78' lang='grc' dir='ltr'><strong><em>μικρσῦιό</em></strong></span> 
     </span>
     <span class='ocr_line' id='line_1_12' title="bbox 154 2089 1174 2180; baseline 0 -19"><span class='ocrx_word' id='word_1_79' title='bbox 154 2099 209 2162; x_wconf 79' lang='grc' dir='ltr'><strong><em>καὶ</em></strong></span> <span class='ocrx_word' id='word_1_80' title='bbox 244 2102 381 2180; x_wconf 82' lang='grc' dir='ltr'><strong><em>βραχέος</em></strong></span> <span class='ocrx_word' id='word_1_81' title='bbox 409 2096 522 2180; x_wconf 85' lang='grc' dir='ltr'><strong><em>λόγου,</em></strong></span> <span class='ocrx_word' id='word_1_82' title='bbox 556 2095 640 2161; x_wconf 84' lang='grc' dir='ltr'><strong><em>κατὰ</em></strong></span> <span class='ocrx_word' id='word_1_83' title='bbox 668 2094 706 2160; x_wconf 88' lang='grc' dir='ltr'><strong><em>τό</em></strong></span> <span class='ocrx_word' id='word_1_84' title='bbox 736 2089 909 2179; x_wconf 80' lang='grc' dir='ltr'><strong><em>ύκαριαίον</em></strong></span> <span class='ocrx_word' id='word_1_85' title='bbox 941 2098 994 2161; x_wconf 80' lang='grc' dir='ltr'><strong><em>καί</em></strong></span> <span class='ocrx_word' id='word_1_86' title='bbox 1023 2096 1118 2178; x_wconf 86' lang='grc' dir='ltr'><strong><em>τυχὸν</em></strong></span> <span class='ocrx_word' id='word_1_87' title='bbox 1142 2095 1174 2162; x_wconf 81' lang='grc' dir='ltr'><strong><em>ἒν</em></strong></span> 
     </span>
    </p>

    <p class='ocr_par' dir='ltr' id='par_1_5' title="bbox 93 2192 1220 4334">
     <span class='ocr_line' id='line_1_13' title="bbox 125 2192 1177 2280; baseline -0.002 -20"><span class='ocrx_word' id='word_1_88' title='bbox 125 2193 362 2277; x_wconf 78' lang='grc' dir='ltr'><strong><em>υπαρειβάσει</em></strong></span> <span class='ocrx_word' id='word_1_89' title='bbox 394 2193 563 2278; x_wconf 81' lang='grc' dir='ltr'><strong><em>γενόμενος</em></strong></span> <span class='ocrx_word' id='word_1_90' title='bbox 596 2192 821 2280; x_wconf 77' lang='grc' dir='ltr'><strong><em>φρονήματος,</em></strong></span> <span class='ocrx_word' id='word_1_91' title='bbox 868 2192 915 2270; x_wconf 85' lang='grc' dir='ltr'><strong><em>είς</em></strong></span> <span class='ocrx_word' id='word_1_92' title='bbox 948 2193 1078 2270; x_wconf 83' lang='grc' dir='ltr'><strong><em>πολλὰς</em></strong></span> <span class='ocrx_word' id='word_1_93' title='bbox 1106 2194 1177 2258; x_wconf 91' lang='grc' dir='ltr'><strong><em>λοι·</em></strong></span> 
     </span>
     <span class='ocr_line' id='line_1_14' title="bbox 155 2286 1176 2376; baseline -0.004 -18"><span class='ocrx_word' id='word_1_94' title='bbox 155 2292 224 2358; x_wconf 86' lang='grc' dir='ltr'><strong><em>πὺν</em></strong></span> <span class='ocrx_word' id='word_1_95' title='bbox 246 2300 449 2376; x_wconf 80' lang='grc' dir='ltr'><strong><em>κενοφωνίας</em></strong></span> <span class='ocrx_word' id='word_1_96' title='bbox 471 2293 523 2356; x_wconf 81' lang='grc' dir='ltr'><strong><em>καὶ</em></strong></span> <span class='ocrx_word' id='word_1_97' title='bbox 547 2291 716 2376; x_wconf 75' lang='grc' dir='ltr'><strong><em>σφαλερὸς</em></strong></span> <span class='ocrx_word' id='word_1_98' title='bbox 731 2287 892 2367; x_wconf 85' lang='grc' dir='ltr'><strong><em>ὑπονοίας</em></strong></span> <span class='ocrx_word' id='word_1_99' title='bbox 908 2286 926 2354; x_wconf 89' lang='grc' dir='ltr'><strong><em>ό</em></strong></span> <span class='ocrx_word' id='word_1_100' title='bbox 941 2290 1099 2374; x_wconf 88' lang='grc' dir='ltr'><strong><em>λογισμὸς</em></strong></span> <span class='ocrx_word' id='word_1_101' title='bbox 1122 2294 1176 2354; x_wconf 83' lang='grc' dir='ltr'><strong><em>καὶ</em></strong></span> 
     </span>
     <span class='ocr_line' id='line_1_15' title="bbox 156 2381 1176 2473; baseline -0.004 -18"><span class='ocrx_word' id='word_1_102' title='bbox 156 2388 206 2466; x_wconf 78' lang='grc' dir='ltr'><strong><em>εἰς</em></strong></span> <span class='ocrx_word' id='word_1_103' title='bbox 239 2384 465 2471; x_wconf 81' lang='grc' dir='ltr'><strong><em>ἀναρμόστοις</em></strong></span> <span class='ocrx_word' id='word_1_104' title='bbox 493 2391 546 2453; x_wconf 82' lang='grc' dir='ltr'><strong><em>καὶ</em></strong></span> <span class='ocrx_word' id='word_1_105' title='bbox 577 2390 669 2467; x_wconf 80' lang='grc' dir='ltr'><strong><em>ξένας</em></strong></span> <span class='ocrx_word' id='word_1_106' title='bbox 703 2387 851 2473; x_wconf 86' lang='grc' dir='ltr'><strong><em>ζητήσεις</em></strong></span> <span class='ocrx_word' id='word_1_107' title='bbox 883 2390 936 2452; x_wconf 82' lang='grc' dir='ltr'><strong><em>καὶ</em></strong></span> <span class='ocrx_word' id='word_1_108' title='bbox 969 2381 1176 2469; x_wconf 78' lang='grc' dir='ltr'><strong><em>ἀπεράντους</em></strong></span> 
     </span>
     <span class='ocr_line' id='line_1_16' title="bbox 153 2480 1214 2571; baseline -0.005 -18"><span class='ocrx_word' id='word_1_109' title='bbox 153 2486 375 2571; x_wconf 86' lang='grc' dir='ltr'><strong><em>γενεαλογίας,</em></strong></span> <span class='ocrx_word' id='word_1_110' title='bbox 397 2486 479 2551; x_wconf 84' lang='grc' dir='ltr'><strong><em>κατὰ</em></strong></span> <span class='ocrx_word' id='word_1_111' title='bbox 494 2486 535 2551; x_wconf 86' lang='grc' dir='ltr'><strong><em>τὰ</em></strong></span> <span class='ocrx_word' id='word_1_112' title='bbox 550 2481 617 2550; x_wconf 85' lang='grc' dir='ltr'><strong><em>ὑπὸ</em></strong></span> <span class='ocrx_word' id='word_1_113' title='bbox 629 2489 687 2551; x_wconf 87' lang='grc' dir='ltr'><strong><em>τοῦ</em></strong></span> <span class='ocrx_word' id='word_1_114' title='bbox 704 2480 895 2550; x_wconf 79' lang='grc' dir='ltr'><strong><em>ἀποστόλου</em></strong></span> <span class='ocrx_word' id='word_1_115' title='bbox 911 2485 1074 2570; x_wconf 81' lang='grc' dir='ltr'><strong><em>εἰρημένα,</em></strong></span> <span class='ocrx_word' id='word_1_116' title='bbox 1097 2496 1214 2568; x_wconf 65' lang='lat' dir='ltr'><strong><em>voa-15</em></strong></span> 
     </span>
     <span class='ocr_line' id='line_1_17' title="bbox 155 2578 1176 2670; baseline -0.004 -19"><span class='ocrx_word' id='word_1_117' title='bbox 155 2584 312 2670; x_wconf 77' lang='grc' dir='ltr'><strong><em>κτήσεται.</em></strong></span> <span class='ocrx_word' id='word_1_118' title='bbox 344 2578 429 2649; x_wconf 77' lang='grc' dir='ltr'><strong><em>εἶναι</em></strong></span> <span class='ocrx_word' id='word_1_119' title='bbox 450 2583 510 2667; x_wconf 86' lang='grc' dir='ltr'><strong><em>γὰρ</em></strong></span> <span class='ocrx_word' id='word_1_120' title='bbox 533 2587 631 2648; x_wconf 91' lang='grc' dir='ltr'><strong><em>τοῦτο</em></strong></span> <span class='ocrx_word' id='word_1_121' title='bbox 656 2582 774 2670; x_wconf 86' lang='grc' dir='ltr'><strong><em>εῦηθες</em></strong></span> <span class='ocrx_word' id='word_1_122' title='bbox 796 2582 883 2649; x_wconf 87' lang='grc' dir='ltr'><strong><em>πολύ</em></strong></span> <span class='ocrx_word' id='word_1_123' title='bbox 900 2582 954 2647; x_wconf 83' lang='grc' dir='ltr'><strong><em>καί</em></strong></span> <span class='ocrx_word' id='word_1_124' title='bbox 968 2583 1052 2668; x_wconf 82' lang='grc' dir='ltr'><strong><em>μηδὲ</em></strong></span> <span class='ocrx_word' id='word_1_125' title='bbox 1065 2588 1176 2666; x_wconf 88' lang='grc' dir='ltr'><strong><em>χρείαν</em></strong></span> 
     </span>
     <span class='ocr_line' id='line_1_18' title="bbox 156 2681 1177 2767; baseline -0.004 -19"><span class='ocrx_word' id='word_1_126' title='bbox 156 2683 232 2764; x_wconf 75' lang='grc' dir='ltr'><strong><em>ἕχον</em></strong></span> <span class='ocrx_word' id='word_1_127' title='bbox 256 2682 426 2767; x_wconf 83' lang='grc' dir='ltr'><strong><em>ἑρμηνείας</em></strong></span> <span class='ocrx_word' id='word_1_128' title='bbox 449 2683 548 2746; x_wconf 80' lang='grc' dir='ltr'><strong><em>παντὶ</em></strong></span> <span class='ocrx_word' id='word_1_129' title='bbox 573 2687 678 2766; x_wconf 84' lang='grc' dir='ltr'><strong><em>σαφές</em></strong></span> <span class='ocrx_word' id='word_1_130' title='bbox 700 2681 772 2746; x_wconf 78' lang='grc' dir='ltr'><strong><em>ἐστι</em></strong></span> <span class='ocrx_word' id='word_1_131' title='bbox 786 2683 832 2765; x_wconf 79' lang='grc' dir='ltr'><strong><em>τῷ</em></strong></span> <span class='ocrx_word' id='word_1_132' title='bbox 848 2681 979 2746; x_wconf 88' lang='grc' dir='ltr'><strong><em>σύνεσιν</em></strong></span> <span class='ocrx_word' id='word_1_133' title='bbox 996 2684 1177 2765; x_wconf 79' lang='grc' dir='ltr'><strong><em>κεκτημένην</em></strong></span> 
     </span>
     <span class='ocr_line' id='line_1_19' title="bbox 155 2771 1177 2894; baseline -0.003 -49"><span class='ocrx_word' id='word_1_134' title='bbox 155 2777 212 2845; x_wconf 81' lang='grc' dir='ltr'><strong><em>δτι</em></strong></span> <span class='ocrx_word' id='word_1_135' title='bbox 236 2774 313 2845; x_wconf 79' lang='grc' dir='ltr'><strong><em>οῦδὲ</em></strong></span> <span class='ocrx_word' id='word_1_136' title='bbox 336 2778 504 2845; x_wconf 75' lang='grc' dir='ltr'><strong><em>ἐπιδέεται</em></strong></span> <span class='ocrx_word' id='word_1_137' title='bbox 521 2771 682 2894; x_wconf 77' lang='grc' dir='ltr'><strong><em>ζητήσεως</em></strong></span> <span class='ocrx_word' id='word_1_138' title='bbox 704 2773 873 2865; x_wconf 75' lang='grc' dir='ltr'><strong><em>ἡτοιαύτη</em></strong></span> <span class='ocrx_word' id='word_1_139' title='bbox 896 2785 1002 2864; x_wconf 80' lang='grc' dir='ltr'><strong><em>σοφία</em></strong></span> <span class='ocrx_word' id='word_1_140' title='bbox 1023 2777 1078 2843; x_wconf 87' lang='grc' dir='ltr'><strong><em>καὶ</em></strong></span> <span class='ocrx_word' id='word_1_141' title='bbox 1093 2773 1177 2843; x_wconf 87' lang='grc' dir='ltr'><strong><em>ὑπό-</em></strong></span> 
     </span>
     <span class='ocr_line' id='line_1_20' title="bbox 156 2874 1177 2993; baseline -0.003 -49"><span class='ocrx_word' id='word_1_142' title='bbox 156 2883 258 2955; x_wconf 85' lang='grc' dir='ltr'><strong><em>θεσις</em></strong></span> <span class='ocrx_word' id='word_1_143' title='bbox 279 2879 337 2942; x_wconf 85' lang='grc' dir='ltr'><strong><em>τοῦ</em></strong></span> <span class='ocrx_word' id='word_1_144' title='bbox 361 2877 467 2960; x_wconf 79' lang='grc' dir='ltr'><strong><em>λόγον</em></strong></span> <span class='ocrx_word' id='word_1_145' title='bbox 507 2877 536 2942; x_wconf 91' lang='grc' dir='ltr'><strong><em>εί</em></strong></span> <span class='ocrx_word' id='word_1_146' title='bbox 557 2877 618 2993; x_wconf 85' lang='grc' dir='ltr'><strong><em>γὰρ</em></strong></span> <span class='ocrx_word' id='word_1_147' title='bbox 642 2874 840 2961; x_wconf 79' lang='grc' dir='ltr'><strong><em>ε’γειρύμεθα</em></strong></span> <span class='ocrx_word' id='word_1_148' title='bbox 862 2876 965 2942; x_wconf 86' lang='grc' dir='ltr'><strong><em>πόλιν</em></strong></span> <span class='ocrx_word' id='word_1_149' title='bbox 986 2882 1177 2960; x_wconf 86' lang='grc' dir='ltr'><strong><em>περιτέμνε-</em></strong></span> 
     </span>
     <span class='ocr_line' id='line_1_21' title="bbox 157 2970 1217 3088; baseline -0.004 -46"><span class='ocrx_word' id='word_1_150' title='bbox 157 2981 260 3052; x_wconf 86' lang='grc' dir='ltr'><strong><em>σθαι,</em></strong></span> <span class='ocrx_word' id='word_1_151' title='bbox 296 2980 362 3040; x_wconf 90' lang='grc' dir='ltr'><strong><em>τίνι</em></strong></span> <span class='ocrx_word' id='word_1_152' title='bbox 389 2977 436 3059; x_wconf 82' lang='grc' dir='ltr'><strong><em>τιῦ</em></strong></span> <span class='ocrx_word' id='word_1_153' title='bbox 460 2973 545 3058; x_wconf 79' lang='grc' dir='ltr'><strong><em>λόγον</em></strong></span> <span class='ocrx_word' id='word_1_154' title='bbox 574 2970 611 3039; x_wconf 91' lang='grc' dir='ltr'><strong><em>ού</em></strong></span> <span class='ocrx_word' id='word_1_155' title='bbox 641 2974 890 3088; x_wconf 71' lang='grc' dir='ltr'><strong><em>προειλήηαμεν</em></strong></span> <span class='ocrx_word' id='word_1_156' title='bbox 918 2975 957 3039; x_wconf 89' lang='grc' dir='ltr'><strong><em>τό</em></strong></span> <span class='ocrx_word' id='word_1_157' title='bbox 986 2979 1177 3057; x_wconf 82' lang='grc' dir='ltr'><strong><em>περιτέμνε-</em></strong></span> <span class='ocrx_word' id='word_1_158' title='bbox 1161 2985 1217 3037; x_wconf 70' lang='lat' dir='ltr'><strong><em>-w</em></strong></span> 
     </span>
     <span class='ocr_line' id='line_1_22' title="bbox 156 3066 1178 3192; baseline -0.004 -52"><span class='ocrx_word' id='word_1_159' title='bbox 156 3078 264 3152; x_wconf 89' lang='grc' dir='ltr'><strong><em>σθαι,·</em></strong></span> <span class='ocrx_word' id='word_1_160' title='bbox 299 3069 374 3192; x_wconf 76' lang='grc' dir='ltr'><strong><em>ἄρα</em></strong></span> <span class='ocrx_word' id='word_1_161' title='bbox 386 3096 441 3136; x_wconf 84' lang='grc' dir='ltr'><strong><em>σιν</em></strong></span> <span class='ocrx_word' id='word_1_162' title='bbox 465 3071 547 3137; x_wconf 83' lang='grc' dir='ltr'><strong><em>κατὰ</em></strong></span> <span class='ocrx_word' id='word_1_163' title='bbox 568 3075 666 3136; x_wconf 93' lang='grc' dir='ltr'><strong><em>τοῦτο</em></strong></span> <span class='ocrx_word' id='word_1_164' title='bbox 681 3066 933 3155; x_wconf 82' lang='grc' dir='ltr'><strong><em>ἀναγκαιότερον</em></strong></span> <span class='ocrx_word' id='word_1_165' title='bbox 954 3067 1046 3157; x_wconf 86' lang='grc' dir='ltr'><strong><em>ημῶν</em></strong></span> <span class='ocrx_word' id='word_1_166' title='bbox 1061 3069 1178 3155; x_wconf 80' lang='grc' dir='ltr'><strong><em>τυγχά-</em></strong></span> 
     </span>
     <span class='ocr_line' id='line_1_23' title="bbox 85 3163 1179 3253; baseline -0.006 -15.955"><span class='ocrx_word' id='word_1_167' title='bbox 85 3193 277 3253; x_wconf 65' lang='grc' dir='ltr'><strong><em>ιωγνσοσιν</em></strong></span> <span class='ocrx_word' id='word_1_168' title='bbox 300 3169 332 3233; x_wconf 80' lang='grc' dir='ltr'><strong><em>οἱ</em></strong></span> <span class='ocrx_word' id='word_1_169' title='bbox 355 3163 559 3234; x_wconf 86' lang='grc' dir='ltr'><strong><em>ύπεντεῦθεν</em></strong></span> <span class='ocrx_word' id='word_1_170' title='bbox 588 3169 627 3232; x_wconf 89' lang='grc' dir='ltr'><strong><em>τό</em></strong></span> <span class='ocrx_word' id='word_1_171' title='bbox 649 3169 816 3233; x_wconf 76' lang='grc' dir='ltr'><strong><em>τέλειον’</em></strong></span> <span class='ocrx_word' id='word_1_172' title='bbox 803 3168 991 3251; x_wconf 83' lang='grc' dir='ltr'><strong><em>επιγνόντες</em></strong></span> <span class='ocrx_word' id='word_1_173' title='bbox 1017 3167 1073 3234; x_wconf 86' lang='grc' dir='ltr'><strong><em>καὶ</em></strong></span> <span class='ocrx_word' id='word_1_174' title='bbox 1094 3190 1179 3250; x_wconf 89' lang='grc' dir='ltr'><strong><em>προ-</em></strong></span> 
     </span>
     <span class='ocr_line' id='line_1_24' title="bbox 158 3264 1177 3352; baseline -0.008 -15"><span class='ocrx_word' id='word_1_175' title='bbox 158 3264 335 3352; x_wconf 83' lang='grc' dir='ltr'><strong><em>ειληφότες</em></strong></span> <span class='ocrx_word' id='word_1_176' title='bbox 358 3268 573 3333; x_wconf 84' lang='grc' dir='ltr'><strong><em>τελειοῦσθαι</em></strong></span> <span class='ocrx_word' id='word_1_177' title='bbox 596 3266 629 3333; x_wconf 84' lang='grc' dir='ltr'><strong><em>έν</em></strong></span> <span class='ocrx_word' id='word_1_178' title='bbox 613 3268 690 3351; x_wconf 82' lang='grc' dir='ltr'><strong><em>ντῇ</em></strong></span> <span class='ocrx_word' id='word_1_179' title='bbox 712 3264 787 3331; x_wconf 88' lang='grc' dir='ltr'><strong><em>τότε</em></strong></span> <span class='ocrx_word' id='word_1_180' title='bbox 808 3266 970 3352; x_wconf 81' lang='grc' dir='ltr'><strong><em>μελλούσῃ</em></strong></span> <span class='ocrx_word' id='word_1_181' title='bbox 986 3264 1177 3351; x_wconf 84' lang='grc' dir='ltr'><strong><em>τελειότητι.</em></strong></span> 
     </span>
     <span class='ocr_line' id='line_1_25' title="bbox 155 3353 1177 3448; baseline -0.004 -16"><span class='ocrx_word' id='word_1_182' title='bbox 155 3366 229 3433; x_wconf 89' lang='grc' dir='ltr'><strong><em>ποῦ</em></strong></span> <span class='ocrx_word' id='word_1_183' title='bbox 259 3353 315 3429; x_wconf 85' lang='grc' dir='ltr'><strong><em>οῦν</em></strong></span> <span class='ocrx_word' id='word_1_184' title='bbox 344 3363 382 3428; x_wconf 86' lang='grc' dir='ltr'><strong><em>τὸ</em></strong></span> <span class='ocrx_word' id='word_1_185' title='bbox 415 3363 508 3448; x_wconf 84' lang='grc' dir='ltr'><strong><em>παρὰ</em></strong></span> <span class='ocrx_word' id='word_1_186' title='bbox 536 3365 583 3448; x_wconf 82' lang='grc' dir='ltr'><strong><em>τιῦ</em></strong></span> <span class='ocrx_word' id='word_1_187' title='bbox 613 3359 791 3446; x_wconf 83' lang='grc' dir='ltr'><strong><em>ύπσστόλῳ</em></strong></span> <span class='ocrx_word' id='word_1_188' title='bbox 822 3360 1030 3447; x_wconf 50' lang='grc' dir='ltr'><strong><em>ειρηιιίνον(</em></strong></span> <span class='ocrx_word' id='word_1_189' title='bbox 1019 3360 1073 3428; x_wconf 87' lang='grc' dir='ltr'><strong><em>δτι</em></strong></span> <span class='ocrx_word' id='word_1_190' title='bbox 1101 3361 1177 3429; x_wconf 58' lang='lat' dir='ltr'><strong><em>“lav</em></strong></span> 
     </span>
     <span class='ocr_line' id='line_1_26' title="bbox 155 3426 1219 3549; baseline -0.005 -18"><span class='ocrx_word' id='word_1_191' title='bbox 155 3467 421 3547; x_wconf 80' lang='grc' dir='ltr'><strong><em>περιτέμνησθε,</em></strong></span> <span class='ocrx_word' id='word_1_192' title='bbox 462 3460 609 3543; x_wconf 83' lang='grc' dir='ltr'><strong><em>λριστός</em></strong></span> <span class='ocrx_word' id='word_1_193' title='bbox 642 3456 726 3542; x_wconf 85' lang='grc' dir='ltr'><strong><em>ὑμᾶς</em></strong></span> <span class='ocrx_word' id='word_1_194' title='bbox 759 3426 853 3525; x_wconf 83' lang='grc' dir='ltr'><strong><em>όύδὲν</em></strong></span> <span class='ocrx_word' id='word_1_195' title='bbox 885 3455 1082 3549; x_wconf 80' lang='grc' dir='ltr'><strong><em>ιύφελήσει,”</em></strong></span> <span class='ocrx_word' id='word_1_196' title='bbox 1125 3463 1219 3539; x_wconf 51' lang='grc' dir='ltr'><strong><em>καλῇ</em></strong></span> 
     </span>
     <span class='ocr_line' id='line_1_27' title="bbox 156 3556 1178 3645; baseline -0.001 -18"><span class='ocrx_word' id='word_1_197' title='bbox 156 3560 305 3636; x_wconf 69' lang='grc' dir='ltr'><strong><em>’Ὅῗτινες</em></strong></span> <span class='ocrx_word' id='word_1_198' title='bbox 327 3558 360 3625; x_wconf 84' lang='grc' dir='ltr'><strong><em>έν</em></strong></span> <span class='ocrx_word' id='word_1_199' title='bbox 383 3558 472 3645; x_wconf 77' lang='grc' dir='ltr'><strong><em>νόμην</em></strong></span> <span class='ocrx_word' id='word_1_200' title='bbox 496 3560 706 3636; x_wconf 88' lang='grc' dir='ltr'><strong><em>δικαιοῦσθε,</em></strong></span> <span class='ocrx_word' id='word_1_201' title='bbox 737 3560 795 3642; x_wconf 83' lang='grc' dir='ltr'><strong><em>τῆς</em></strong></span> <span class='ocrx_word' id='word_1_202' title='bbox 821 3556 953 3641; x_wconf 84' lang='grc' dir='ltr'><strong><em>χάριτος</em></strong></span> <span class='ocrx_word' id='word_1_203' title='bbox 976 3559 1178 3637; x_wconf 81' lang='grc' dir='ltr'><strong><em>έξεπέσατε.”</em></strong></span> 
     </span>
     <span class='ocr_line' id='line_1_28' title="bbox 154 3651 1179 3742; baseline -0.004 -17"><span class='ocrx_word' id='word_1_204' title='bbox 154 3659 217 3727; x_wconf 81' lang='grc' dir='ltr'><strong><em>καὶ</em></strong></span> <span class='ocrx_word' id='word_1_205' title='bbox 239 3660 313 3734; x_wconf 83' lang='grc' dir='ltr'><strong><em>πῶς</em></strong></span> <span class='ocrx_word' id='word_1_206' title='bbox 334 3656 372 3723; x_wconf 90' lang='grc' dir='ltr'><strong><em>τὸ</em></strong></span> <span class='ocrx_word' id='word_1_207' title='bbox 395 3657 487 3739; x_wconf 88' lang='grc' dir='ltr'><strong><em>παρὰ</em></strong></span> <span class='ocrx_word' id='word_1_208' title='bbox 509 3659 555 3741; x_wconf 79' lang='grc' dir='ltr'><strong><em>τῷ</em></strong></span> <span class='ocrx_word' id='word_1_209' title='bbox 578 3662 677 3741; x_wconf 78' lang='grc' dir='ltr'><strong><em>κυρίῳ</em></strong></span> <span class='ocrx_word' id='word_1_210' title='bbox 702 3655 869 3739; x_wconf 81' lang='grc' dir='ltr'><strong><em>εἰρημένον</em></strong></span> <span class='ocrx_word' id='word_1_211' title='bbox 893 3656 947 3721; x_wconf 84' lang='grc' dir='ltr'><strong><em>“έ·ν</em></strong></span> <span class='ocrx_word' id='word_1_212' title='bbox 968 3656 1029 3741; x_wconf 81' lang='grc' dir='ltr'><strong><em>γὰρ</em></strong></span> <span class='ocrx_word' id='word_1_213' title='bbox 1044 3660 1083 3742; x_wconf 80' lang='grc' dir='ltr'><strong><em>τῇ</em></strong></span> <span class='ocrx_word' id='word_1_214' title='bbox 1100 3651 1179 3722; x_wconf 82' lang='grc' dir='ltr'><strong><em>ἀνα-</em></strong></span> 
     </span>
     <span class='ocr_line' id='line_1_29' title="bbox 155 3750 1180 3838; baseline -0.006 -14"><span class='ocrx_word' id='word_1_215' title='bbox 155 3755 279 3824; x_wconf 81' lang='grc' dir='ltr'><strong><em>στάσει</em></strong></span> <span class='ocrx_word' id='word_1_216' title='bbox 303 3752 377 3821; x_wconf 71' lang='grc' dir='ltr'><strong><em>οίῖτε</em></strong></span> <span class='ocrx_word' id='word_1_217' title='bbox 398 3757 559 3838; x_wconf 87' lang='grc' dir='ltr'><strong><em>γαμοῦσιν</em></strong></span> <span class='ocrx_word' id='word_1_218' title='bbox 589 3750 664 3818; x_wconf 84' lang='grc' dir='ltr'><strong><em>ούτε</em></strong></span> <span class='ocrx_word' id='word_1_219' title='bbox 685 3760 909 3836; x_wconf 85' lang='grc' dir='ltr'><strong><em>γαμίσκονται,</em></strong></span> <span class='ocrx_word' id='word_1_220' title='bbox 944 3750 1029 3818; x_wconf 78' lang='grc' dir='ltr'><strong><em>ἀλλὰ</em></strong></span> <span class='ocrx_word' id='word_1_221' title='bbox 1051 3753 1180 3838; x_wconf 76' lang='grc' dir='ltr'><strong><em>ἰσάγγε-</em></strong></span> 
     </span>
     <span class='ocr_line' id='line_1_30' title="bbox 155 3849 1180 3936; baseline -0.007 -16"><span class='ocrx_word' id='word_1_222' title='bbox 155 3857 218 3921; x_wconf 87' lang='grc' dir='ltr'><strong><em>λοί</em></strong></span> <span class='ocrx_word' id='word_1_223' title='bbox 247 3852 340 3919; x_wconf 81' lang='grc' dir='ltr'><strong><em>εἷσι.”</em></strong></span> <span class='ocrx_word' id='word_1_224' title='bbox 382 3852 419 3916; x_wconf 88' lang='grc' dir='ltr'><strong><em>τὸ</em></strong></span> <span class='ocrx_word' id='word_1_225' title='bbox 453 3854 488 3916; x_wconf 81' lang='grc' dir='ltr'><strong><em>δὲ</em></strong></span> <span class='ocrx_word' id='word_1_226' title='bbox 518 3850 734 3936; x_wconf 71' lang='grc' dir='ltr'><strong><em>’καθήσεσθε</em></strong></span> <span class='ocrx_word' id='word_1_227' title='bbox 762 3849 821 3915; x_wconf 79' lang='grc' dir='ltr'><strong><em>ἐπὶ</em></strong></span> <span class='ocrx_word' id='word_1_228' title='bbox 848 3854 905 3936; x_wconf 78' lang='grc' dir='ltr'><strong><em>τῆς</em></strong></span> <span class='ocrx_word' id='word_1_229' title='bbox 932 3851 1094 3935; x_wconf 78' lang='grc' dir='ltr'><strong><em>τραπέζης</em></strong></span> <span class='ocrx_word' id='word_1_230' title='bbox 1122 3852 1180 3915; x_wconf 90' lang='grc' dir='ltr'><strong><em>τοῦ</em></strong></span> 
     </span>
     <span class='ocr_line' id='line_1_31' title="bbox 154 3942 1220 4035; baseline -0.004 -15"><span class='ocrx_word' id='word_1_231' title='bbox 154 3951 292 4035; x_wconf 87' lang='grc' dir='ltr'><strong><em>πατρός</em></strong></span> <span class='ocrx_word' id='word_1_232' title='bbox 318 3974 382 4032; x_wconf 88' lang='grc' dir='ltr'><strong><em>μου</em></strong></span> <span class='ocrx_word' id='word_1_233' title='bbox 407 3949 578 4026; x_wconf 71' lang='grc' dir='ltr'><strong><em>ἐσθίοντες</em></strong></span> <span class='ocrx_word' id='word_1_234' title='bbox 610 3949 666 4013; x_wconf 81' lang='grc' dir='ltr'><strong><em>καί</em></strong></span> <span class='ocrx_word' id='word_1_235' title='bbox 693 3952 861 4025; x_wconf 87' lang='grc' dir='ltr'><strong><em>πίνοντες”</em></strong></span> <span class='ocrx_word' id='word_1_236' title='bbox 894 3951 946 4013; x_wconf 81' lang='grc' dir='ltr'><strong><em>καί</em></strong></span> <span class='ocrx_word' id='word_1_237' title='bbox 977 3943 1076 4012; x_wconf 88' lang='grc' dir='ltr'><strong><em>“ὑ’ταν</em></strong></span> <span class='ocrx_word' id='word_1_238' title='bbox 1100 3942 1220 4016; x_wconf 69' lang='grc' dir='ltr'><strong><em>αύτδθθ</em></strong></span> 
     </span>
     <span class='ocr_line' id='line_1_32' title="bbox 154 4040 1182 4132; baseline -0.01 -13"><span class='ocrx_word' id='word_1_239' title='bbox 154 4055 234 4119; x_wconf 85' lang='grc' dir='ltr'><strong><em>πίω</em></strong></span> <span class='ocrx_word' id='word_1_240' title='bbox 256 4046 368 4114; x_wconf 86' lang='grc' dir='ltr'><strong><em>καινὸν</em></strong></span> <span class='ocrx_word' id='word_1_241' title='bbox 390 4042 465 4132; x_wconf 75' lang='grc' dir='ltr'><strong><em>μεθ’</em></strong></span> <span class='ocrx_word' id='word_1_242' title='bbox 492 4042 582 4130; x_wconf 85' lang='grc' dir='ltr'><strong><em>ὑμιῦν</em></strong></span> <span class='ocrx_word' id='word_1_243' title='bbox 613 4046 645 4112; x_wconf 76' lang='grc' dir='ltr'><strong><em>ἐν</em></strong></span> <span class='ocrx_word' id='word_1_244' title='bbox 674 4048 713 4130; x_wconf 81' lang='grc' dir='ltr'><strong><em>τῇ</em></strong></span> <span class='ocrx_word' id='word_1_245' title='bbox 741 4047 894 4130; x_wconf 80' lang='grc' dir='ltr'><strong><em>βασιλείᾳ</em></strong></span> <span class='ocrx_word' id='word_1_246' title='bbox 920 4048 986 4109; x_wconf 85' lang='grc' dir='ltr'><strong><em>τῶν</em></strong></span> <span class='ocrx_word' id='word_1_247' title='bbox 1016 4040 1182 4128; x_wconf 84' lang='grc' dir='ltr'><strong><em>ούρανιῦν”</em></strong></span> 
     </span>
     <span class='ocr_line' id='line_1_33' title="bbox 153 4142 1182 4235; baseline -0.007 -20"><span class='ocrx_word' id='word_1_248' title='bbox 153 4145 247 4235; x_wconf 83' lang='grc' dir='ltr'><strong><em>μετὰ</em></strong></span> <span class='ocrx_word' id='word_1_249' title='bbox 268 4143 464 4232; x_wconf 84' lang='grc' dir='ltr'><strong><em>προσθήκης</em></strong></span> <span class='ocrx_word' id='word_1_250' title='bbox 486 4148 544 4209; x_wconf 89' lang='grc' dir='ltr'><strong><em>τοῦ</em></strong></span> <span class='ocrx_word' id='word_1_251' title='bbox 568 4143 688 4222; x_wconf 90' lang='grc' dir='ltr'><strong><em>καινόν,</em></strong></span> <span class='ocrx_word' id='word_1_252' title='bbox 712 4145 765 4208; x_wconf 80' lang='grc' dir='ltr'><strong><em>καὶ</em></strong></span> <span class='ocrx_word' id='word_1_253' title='bbox 787 4142 826 4207; x_wconf 89' lang='grc' dir='ltr'><strong><em>τό</em></strong></span> <span class='ocrx_word' id='word_1_254' title='bbox 850 4142 925 4208; x_wconf 79' lang='grc' dir='ltr'><strong><em>“ίπί</em></strong></span> <span class='ocrx_word' id='word_1_255' title='bbox 947 4146 1005 4228; x_wconf 77' lang='grc' dir='ltr'><strong><em>τῆς</em></strong></span> <span class='ocrx_word' id='word_1_256' title='bbox 1018 4143 1182 4229; x_wconf 81' lang='grc' dir='ltr'><strong><em>τραπέζης</em></strong></span> 
     </span>
     <span class='ocr_line' id='line_1_34' title="bbox 118 4240 1181 4334; baseline 0.002 -26"><span class='ocrx_word' id='word_1_257' title='bbox 118 4249 222 4334; x_wconf 58' lang='grc' dir='ltr'><strong><em>μιῆς</em></strong></span> <span class='ocrx_word' id='word_1_258' title='bbox 244 4243 433 4327; x_wconf 83' lang='grc' dir='ltr'><strong><em>βασιλείας”</em></strong></span> <span class='ocrx_word' id='word_1_259' title='bbox 457 4243 566 4325; x_wconf 75' lang='grc' dir='ltr'><strong><em>ἕτερον</em></strong></span> <span class='ocrx_word' id='word_1_260' title='bbox 595 4241 652 4308; x_wconf 89' lang='grc' dir='ltr'><strong><em>τὸν</em></strong></span> <span class='ocrx_word' id='word_1_261' title='bbox 674 4243 751 4307; x_wconf 88' lang='grc' dir='ltr'><strong><em>νοῦν</em></strong></span> <span class='ocrx_word' id='word_1_262' title='bbox 775 4247 934 4326; x_wconf 89' lang='grc' dir='ltr'><strong><em>σημαίνει.</em></strong></span> <span class='ocrx_word' id='word_1_263' title='bbox 970 4242 1022 4307; x_wconf 80' lang='grc' dir='ltr'><strong><em>καὶ</em></strong></span> <span class='ocrx_word' id='word_1_264' title='bbox 1045 4240 1106 4326; x_wconf 86' lang='grc' dir='ltr'><strong><em>γὰρ</em></strong></span> <span class='ocrx_word' id='word_1_265' title='bbox 1127 4243 1181 4310; x_wconf 76' lang='grc' dir='ltr'><strong><em>καί</em></strong></span> 
     </span>
    </p>
   </div>
   <div class='ocr_carea' id='block_1_3' title="bbox 218 4344 1029 4398">
    <p class='ocr_par' dir='ltr' id='par_1_6' title="bbox 218 4344 1029 4398">
     <span class='ocr_line' id='line_1_35' title="bbox 218 4344 1029 4398; baseline -0.001 -10"><span class='ocrx_word' id='word_1_266' title='bbox 218 4344 364 4398; x_wconf 67' lang='lat' dir='ltr'><strong>epiphanius.</strong></span> <span class='ocrx_word' id='word_1_267' title='bbox 389 4344 426 4388; x_wconf 85' lang='lat'>111.</span> <span class='ocrx_word' id='word_1_268' title='bbox 997 4345 1029 4395; x_wconf 81' lang='grc'><strong><em>32</em></strong></span> 
     </span>
    </p>
   </div>
   <div class='ocr_carea' id='block_1_4' title="bbox 0 0 1445 5084">
    <p class='ocr_par' dir='ltr' id='par_1_7' title="bbox 0 0 1445 5084">
     <span class='ocr_line' id='line_1_36' title="bbox 0 0 1445 5084; baseline 0 0"><span class='ocrx_word' id='word_1_269' title='bbox 0 0 1445 5084; x_wconf 95' lang='lat' dir='ltr'><strong><em> </em></strong></span> 
     </span>
    </p>
   </div>
  </div>
 </body>
</html>
