2867 5084
241 934 303 997 262
464 946 666 997 Εαισκαιον
683 945 779 994 εισι
797 945 983 994 mmmm
998 945 1027 993 r.

239 1101 388 1184 Χριστοῦ
410 1098 463 1163 καὶ
479 1099 700 1180 Χριστιανῶν,
725 1096 772 1174 εἰς
794 1094 899 1179 ὄνομα
910 1089 1042 1162 Αύδίου
1064 1094 1255 1173 καλεῖσθαι,

241 1201 431 1263 συνθέσθαι
457 1219 493 1261 τε
524 1192 578 1260 καὶ
608 1185 833 1261 ἀπαιτεῖσθαι
861 1193 1016 1279 σύνθημα
1038 1185 1257 1278 ἀνθρωπίνης

241 1293 381 1381 φύσεως,
405 1291 434 1359 εί
455 1295 509 1358 καὶ
531 1291 587 1358 ἐπὶ
609 1289 648 1358 τδ
672 1286 851 1377 ἀκραιφνὲς
874 1294 922 1378 ε’ίη
944 1293 991 1375 τῷ
1005 1294 1069 1374 βίῳ
1091 1292 1145 1355 καὶ
1163 1289 1256 1375 πάσῃ

241 1388 430 1476 δικαιοσύνῃ
453 1389 491 1455 τὸ
513 1389 621 1474 τάγμα
637 1386 883 1471 σεμνυνόμενον.
915 1386 1036 1454 πολλοὶ
1052 1385 1159 1453 δὲκαὶ
1173 1386 1258 1470 μετὰ

216 1488 298 1575 οτην
320 1487 442 1555 ἐκείνου
464 1487 614 1574 τελευτὴν
636 1485 790 1571 γεγόνασι
818 1487 876 1551 σὺν
905 1481 1018 1563 αὐτοῖς
1045 1509 1081 1550 τε
1108 1487 1164 1549 καὶ
1186 1479 1255 1567 μετ’

240 1580 339 1652 αὐτὸν
361 1589 420 1651 τοῦ
441 1584 605 1668 τάγματος
627 1579 930 1662 αῦτοῦέπίσκοποι,
951 1577 1114 1666 Ούράνιός
1132 1607 1185 1659 τις
1199 1585 1258 1666 τῆς

242 1689 358 1769 Μέσης
379 1686 445 1748 τῶν
467 1683 643 1763 ποταμῶν·
687 1683 741 1747 καὶ
772 1675 841 1747 ἀπὸ
862 1684 920 1767 τῆς
941 1686 972 1745 Γ
970 1686 1090 1757 οτθίας
1119 1680 1154 1745 δὲ
1185 1680 1258 1762 ἔσχε

239 1779 341 1857 τινὰς,
365 1781 417 1844 καὶ
440 1785 635 1864 κατέστησεν
658 1773 777 1857 αύτούς
792 1777 1006 1855 ἐπισκόπους,
1031 1771 1114 1842 ἀλλὰ
1128 1776 1184 1859 καὶ
1198 1783 1257 1843 Σι-

240 1875 378 1952 λουανός
399 1900 458 1954 τις,
482 1879 534 1941 καὶ
558 1872 655 1942 ἄλλοι
675 1878 771 1955 τινὲς,
807 1865 852 1941 ῶν
875 1880 1057 1960 συμβέβηκέ
1083 1899 1177 1952 τινας
1198 1877 1257 1939 τοῦ

204 1979 314 2058 ιοβίου
337 1971 546 2052 παύσασθαι,
569 1973 714 2055 μάλιστα
741 1961 912 2059 Οὐράνιον.
963 1969 1055 2058 ηὔχει
1076 1971 1136 2056 γάρ
1161 1961 1257 2050 οὗτος

239 2065 305 2138 άνδι
324 2075 425 2153 μέσον
447 2070 598 2136 τοιούτου
631 2070 805 2155 τάγματος.
849 2068 932 2153 μετὰ
955 2071 991 2135 δὲ
1012 2069 1070 2155 την
1092 2072 1158 2134 τῶν
1182 2068 1266 2137 ἔπι-1

241 2167 375 2235 σκόπων
403 2163 510 2234 αύτῶν
539 2167 679 2248 τούτων,
718 2163 882 2254 Ούρανίου
910 2164 967 2232 καὶ
987 2167 1170 2232 Σιλουανοῦ
1199 2169 1257 2231 τοῦ

242 2265 276 2332 ἐκ
297 2272 328 2331 Γ
326 2272 446 2344 οτθίας
466 2265 627 2351 τελευτὴν,
650 2267 770 2333 πολλοὶ
794 2264 1005 2352 διελύθησαν,
1035 2268 1089 2329 καὶ
1119 2263 1166 2342 εἷς
1190 2258 1259 2330 ὀλί-

241 2387 298 2448 γον
319 2353 405 2449 ἦλθε
426 2362 464 2427 τὸ
486 2363 611 2430 τούτων
634 2365 793 2448 σύστημα,
823 2366 856 2429 ἓν
878 2388 914 2429 τε
935 2373 1007 2439 τοῖς
1027 2367 1142 2445 μέρεσι
1166 2363 1259 2426 Χαλ-

204 2462 331 2539 15κίδος
351 2463 408 2547 τῆς
430 2461 515 2545 πρὸς
534 2456 736 2544 Ἀντιοχείας
756 2463 810 2526 καὶ
834 2460 867 2526 έν
889 2470 961 2537 τοῖς
982 2464 1096 2543 μέρεσι
1118 2462 1178 2523 τοῦ
1194 2453 1260 2524 Eb-

243 2557 379 2645 φράτου.
424 2562 478 2622 καὶ
510 2557 571 2642 γάρ
605 2553 674 2625 άπὸ
707 2561 765 2644 τῆς
796 2564 828 2623 Γ
826 2564 946 2635 οτθίας
982 2556 1191 2641 ἐδιώχθησαν
1227 2556 1260 2623 οἱ

242 2656 387 2732 πλείους,
411 2649 446 2718 ού
470 2654 581 2736 μόνον,
606 2650 765 2722 ἀλλὰκαὶ
788 2655 819 2720 οί
842 2650 992 2741 ἡμέτεροι
1017 2654 1083 2721 ἐκεῖ
1093 2661 1261 2736 Χριστια-

242 2753 303 2828 νοὶ,
328 2752 471 2833 διωγμοῦ
493 2753 635 2835 μεγάλου
652 2752 825 2829 ἐνστάντος
840 2750 907 2817 άπὸ
922 2749 1258 2837 βασιλέωςἛλληνος,

242 2848 352 2914 δεινοῦ
373 2873 409 2913 τε
429 2855 602 2933 γενομένουΙ
624 2848 680 2914 καὶ
702 2848 787 2933 πρὸς
810 2849 904 2935 ζῆλον
925 2853 991 2914 τῶν
1003 2844 1178 2931 Ῥωμαίων,
1203 2848 1262 2917 διὰ

203 2944 280 3014 ιθτὸ
301 2944 378 3023 τοὺς
398 2947 548 3031 βασιλεῖς
569 2949 635 3012 τῶν
654 2941 819 3029 Ῥωμαίων
843 2942 927 3014 εἶναι
951 2945 1184 3032 Χριστιανούς,
1220 2945 1260 3012 τὸ

242 3045 309 3109 πᾶν
339 3049 431 3128 γένος
456 3047 522 3109 τῶν
544 3047 756 3129 Χριστιανῶν
786 3038 842 3110 ἀπ’
874 3044 1004 3111 ἐκείνων
1033 3032 1260 3131 ἀπελαθῆναι.

242 3134 281 3206 ού
304 3141 411 3206 λείπει
434 3143 469 3207 δὲ
485 3142 558 3228 ῥίζα
573 3148 704 3227 σοφίας,
729 3136 804 3207 ούδέ
821 3141 970 3228 φύτευμα
986 3149 1140 3220 πίστεως,
1174 3137 1261 3209 ἀλλὰ

241 3241 295 3303 καὶ
319 3238 348 3304 εί
370 3240 503 3305 δοκοῦσι
525 3238 647 3317 πάντες
669 3238 878 3324 άπηλάσθαι,
911 3238 1046 3317 πάντως
1069 3239 1150 3305 εἰσὶν
1175 3240 1261 3307 έκεῖ-

242 3340 304 3400 θεν
327 3332 515 3419 άνθρωποι.
547 3331 604 3401 οῦκ
627 3336 760 3421 ἐγχωρεῖ
782 3335 842 3420 γὰρ
866 3338 983 3418 λεῖψαι
1005 3335 1063 3422 την
1079 3336 1186 3422 πηγὴν
1201 3341 1261 3424 τῆς

203 3437 396 3509 λόπίστεως.
413 3434 532 3498 πολλοὶ
546 3423 602 3498 οῦν
614 3428 1261 3520 άναχωρησαντεςτῶναύτῶνΑύδιανῶν

242 3530 300 3612 τῆς
314 3535 345 3593 Γ
343 3534 463 3606 οτθίας
483 3533 536 3596 καὶ
558 3533 624 3595 τῶν
647 3526 810 3615 ἡμετέρων
838 3534 946 3613 μερῶν
970 3531 1116 3596 ἐνταῦθα
1139 3530 1262 3598 ἐλθόν-

241 3649 296 3702 τες
317 3628 533 3709 παροικοῦσιν
556 3620 625 3692 άπὸ
640 3630 698 3692 τοῦ
712 3627 831 3711 χρόνου
846 3627 963 3693 τούτου
980 3627 1061 3694 έτῶν
1077 3630 1259 3712 τεσσάρων,

243 3716 327 3789 άλλδι
347 3724 400 3787 καὶ
425 3716 493 3788 άπὸ
514 3727 572 3788 τοῦ
590 3723 720 3808 Ταύρου
744 3721 841 3809 ὅρους
862 3719 1069 3809 άνεχῶρησαν
1092 3725 1195 3791 πάλιν
1217 3724 1262 3793 τὰ

242 3823 308 3886 τῶν
330 3815 436 3885 αὐτῶν
458 3814 638 3888 Αύδιανῶν
660 3824 874 3909 μοναστηρια,
899 3819 968 3887 άπά
990 3848 1026 3888 τε
1046 3827 1104 3908 τῆς
1125 3824 1263 3889 Παλαι-

205 3923 354 4004 3οστίνης
374 3918 428 3982 καὶ
450 3913 691 4005 τηςἉροβίας·
722 3917 782 4005 ἤδη
805 3920 865 4004 γάρ
890 3919 954 3985 εἰσι
976 3922 1260 4002 πεπλατυσμένοι,

243 4014 363 4081 λοιπὸν
386 4016 421 4081 δὲ
444 4010 550 4100 ὀλίγοι
577 4018 631 4083 καὶ
655 4011 749 4099 ὀλίγα
770 4015 991 4102 μοναστηρια,
1026 4017 1108 4100 τάχα
1137 4018 1173 4083 δὲ
1205 4020 1262 4086 καὶ

244 4109 320 4177 δυσὶ
340 4113 466 4196 κώμαις
487 4115 520 4181 έν
541 4125 612 4192 τοῖς
632 4118 884 4197 προειρημένοις
905 4120 1019 4197 μέρεσι
1041 4112 1123 4181 κατὰ
1144 4113 1183 4178 τὸ
1207 4116 1262 4196 έξ·

244 4205 366 4293 ώτερον
396 4218 494 4296 μέρος
521 4213 578 4296 τῆς
600 4210 781 4287 Χαλκίδος,
814 4213 869 4276 καὶ
898 4210 1048 4277 ἐπέκεινα
1075 4216 1263 4296 Δαμασκοῦ
