2867 5084
266 944 332 1011 366
480 957 685 1007 ασσυμε-ιον
702 956 799 1005 xm
817 934 1003 1005 mmm
1020 957 1049 1005 r.

267 1103 353 1187 ὁλως
374 1113 509 1192 μετέχον
530 1131 563 1173 τι
585 1110 643 1194 τῆς
659 1100 759 1192 αῦτης
773 1111 826 1172 καί
843 1101 962 1189 ὁμοίας
977 1105 1086 1192 ζόμης.
1116 1108 1171 1175 καί
1188 1100 1293 1189 ὁμοία

266 1206 345 1272 δέκα
367 1209 554 1288 παρθένοις
574 1209 626 1270 καί
652 1200 747 1287 ιἰνδρί
768 1205 987 1290 οἰκοδεσπότῃ
1011 1201 1057 1282 ιὸς
1081 1204 1168 1288 πρὸς
1195 1200 1292 1287 ὁμοί·

267 1327 360 1382 ιυαιν,
383 1297 451 1369 ἀλλ’
471 1297 507 1367 οῦ
530 1301 613 1368 κατὰ
629 1302 822 1387 ναυτότητα.
854 1304 912 1366 τοῦ
935 1303 972 1369 δὲ
995 1303 1067 1367 υἱοῦ
1091 1298 1211 1385 ὁμοίου
1235 1299 1291 1366 ὁν-

265 1424 324 1480 τος
350 1404 396 1486 τῷ
426 1402 527 1483 πατρί
557 1406 609 1465 καὶ
641 1395 859 1482 ῦπερομοίου,
896 1399 952 1465 διὰ
981 1399 1020 1464 τό
1052 1399 1173 1465 ταυτὸν
1204 1393 1292 1466 εἶναι

241 1497 352 1583 δπρὸς
373 1497 430 1563 τόν
453 1503 582 1581 πατέρα
603 1501 656 1561 καί
681 1498 755 1563 ίσον
778 1498 890 1579 πατρὶ,
932 1492 970 1562 οῦ
992 1495 1031 1563 τὸ
1054 1492 1172 1579 ὅμοιον
1198 1520 1290 1565 συντ·

266 1599 347 1663 οτῦιν
371 1591 448 1680 ἡμῖν
468 1594 571 1678 μόνον
594 1595 749 1675 ἐπιμελὲς
771 1596 1042 1681 πεφιλοτίμηται,
1067 1588 1153 1660 ἀλλὰ
1169 1595 1291 1661 ταυτὸν

210 1751 213 1756 .
264 1699 318 1761 καί
343 1693 426 1771 ἴσον,
451 1688 495 1770 ιὸς
517 1691 599 1758 θεὸν
622 1692 656 1757 ἐκ
679 1696 761 1759 θεοῦ
784 1695 837 1758 καὶ
861 1691 932 1758 υἱὸν
948 1691 982 1758 ίκ
998 1690 1136 1774 πατρὸς,
1159 1694 1216 1758 καλ
1233 1687 1290 1759 οῦκ

266 1787 401 1856 ἀλλοῖον
424 1794 482 1874 τῆς
504 1787 628 1868 οῦσίας,
653 1784 721 1854 ἀλλ’
748 1790 783 1868 ἐξ
804 1784 904 1854 αὐτοῦ
928 1794 1168 1874 γεγεννημένον.
1201 1785 1290 1857 οῦτοι

267 1889 320 1953 καί
343 1889 420 1970 περὶ
443 1891 502 1952 τοῦ
525 1882 619 1971 ἁγίου
643 1887 839 1968 πνεύματος.
884 1887 990 1971 τούτῳ
1019 1887 1054 1952 δὲ
1079 1889 1127 1972 τῷ
1148 1888 1319 1973 γεννάδαι)

230 1977 383 2069 ίθἏετίφ
406 1978 481 2050 οῦδὲ
504 1984 542 2049 τὸ
566 1981 682 2065 ὁμοιον
711 1983 798 2068 πρὸς
826 1991 955 2069 πατέρα
983 1982 1040 2050 τὸν
1074 1983 1145 2050 υλὸν
1174 1979 1292 2065 ἀξιοῦν

267 2081 387 2163 ἔδοξεν.
433 2078 470 2147 οἰ·
500 2087 546 2166 τῷ
580 2078 685 2167 ὁμοίῳ
714 2084 748 2147 δὲ
779 2076 872 2147 acervi
908 2081 1157 2165 ἐπερειδόμενον
1189 2082 1295 2167 μόνον

266 2179 324 2266 τὴν
348 2179 506 2247 σύστασιν
529 2185 586 2267 τῆς
609 2177 755 2256 πίστεως
776 2182 832 2244 καὶ
853 2178 891 2243 τὸ
916 2186 1079 2264 γεραίρειν
1094 2178 1153 2265 την
1168 2181 1293 2266 τριάδα

268 2273 405 2365 ἀληθῶς
427 2279 635 2360 ἐνιστάμενοι
657 2272 890 2360 ὁμολογοῦμεν.
928 2279 981 2342 καί
1003 2276 1063 2360 γὰρ
1079 2278 1134 2343 καὶ
1150 2274 1296 2362 ἄργυρος

267 2382 450 2462 κασσιτέρῳ
475 2372 648 2458 ὁμοιοῦται
675 2374 731 2440 καὶ
751 2372 872 2457 χρυσός
904 2376 1012 2460 χαλκῷ
1043 2376 1096 2439 καλ
1127 2374 1294 2460 μόλιβδος

231 2473 480 2560 16σιδηρφ,καί
504 2476 599 2538 λίθοι
620 2479 727 2554 τίμιοι
750 2472 979 2554 έξομοιοῦντυι
1002 2466 1095 2557 ῦέλῳ,
1118 2467 1233 2539 καλοῦ
1255 2473 1295 2539 τὸ

269 2566 385 2654 ὅμοιον
407 2570 465 2654 τὴν
488 2570 588 2655 φύσιν
612 2570 716 2654 δηλοῖ,
741 2566 826 2635 ἀλλὰ
847 2568 886 2633 τὸ
910 2563 1110 2651 όπείκασμα.

354 2675 383 2735 3.
410 2662 571 2731 Ἐνταῦθα
594 2667 630 2731 δὲ
653 2662 746 2751 ἡμεῖς
767 2670 820 2733 καὶ
844 2670 921 2751 περὶ
944 2671 1002 2752 τῆς
1016 2669 1145 2754 γραφῆς
1168 2662 1295 2748 ὁμολο-

268 2763 388 2850 γούσης
416 2763 474 2829 τὸν
502 2763 572 2828 υἱὸν
602 2763 710 2830 εἰκόνα
740 2768 822 2831 θεοῦ
854 2767 913 2829 τοῦ
943 2758 1087 2847 όοράτου
1115 2760 1345 2849 ῦπόρχειν,915

268 2861 327 2949 τὴν
351 2859 487 2943 δύναμιν
509 2864 566 2946 τῆς
588 2868 686 2939 θείας
713 2865 842 2947 γραφῆς
874 2860 908 2928 ἐκ
930 2867 1029 2940 θείας
1051 2862 1178 2944 δωρεᾶς
1203 2858 1295 2950 ἠκρι-

230 2959 421 3045 2θβωκότες,
445 2961 502 3044 τῆς
518 2957 669 3046 φησόσης
687 2965 888 3043 Φαρισαίοις
912 2955 991 3025 “οόκ
1008 2959 1122 3026 οἴδατε
1136 2958 1200 3037 τὰς
1214 2987 1295 3046 γρα·

270 3055 353 3144 φὰς,
388 3050 464 3122 οῦδὲ
492 3055 549 3143 τὴν
580 3056 717 3139 δύναμιν
746 3060 805 3122 τοῦ
834 3060 946 3123 θεοῦ.”
990 3055 1209 3140 ἐπιστάμεθα
1237 3049 1296 3127 οῦν

269 3152 381 3239 διττὴν
405 3143 505 3219 οῦσαν
529 3153 648 3238 ταύτην
671 3154 730 3240 την
753 3160 873 3235 σχέσιν,
896 3153 955 3240 τὴν
978 3147 1163 3240 ῦπόχρησιν
1188 3157 1228 3224 δὲ
1251 3154 1297 3237 ὥς

269 3247 340 3320 ἀπό
363 3245 548 3336 ἀνθρώπου
571 3250 793 3335 λαμβάνοντες
808 3251 894 3334 πρὸς
909 3251 1120 3334 παράστασιν
1136 3254 1298 3337 φράσεως

270 3350 439 3434 δηλοῦμεν.
491 3351 544 3414 καὶ
567 3348 703 3433 γὰρκαὶ
728 3344 912 3433 ἀνθρώπου
941 3347 1036 3415 εἰκὼν
1065 3350 1213 3433 λέγεται,
1243 3358 1297 3419 καί

230 3440 328 3527 Ἀοῦχ
358 3441 467 3529 ὁμοία.
510 3441 529 3532 ἡ
557 3446 618 3527 μὲν
640 3445 700 3530 γάρ
725 3446 795 3513 ἐστι
825 3445 881 3512 διὰ
901 3447 1084 3530 χρωμάτων
1113 3440 1297 3531 ἆπεικαζο·

269 3549 365 3630 μένη,
395 3540 413 3630 ἡ
438 3545 473 3609 δὲ
496 3542 553 3609 διὰ
573 3547 632 3628 τῆς
652 3547 838 3630 γεννητικῆς
861 3538 1137 3629 ὁμοουσιότητος,
1167 3541 1217 3626 ιῦς
1240 3551 1299 3615 τοῦ

269 3646 470 3726 γεννωμένου
494 3641 566 3706 υἱοῦ
590 3639 675 3722 πρὸς
702 3640 760 3705 τὸν
790 3647 918 3726 πατέρα
940 3643 1240 3726 χαρακτηρίζοντος
1261 3646 1300 3713 τὸ

269 3745 376 3824 γένος,
412 3732 690 3818 διπεικονίσματος
713 3740 749 3804 δὲ
772 3737 892 3804 λοιπὸν
916 3735 1149 3822 εῦρισκομένου
1175 3745 1300 3810 ταυτό-

269 3835 367 3922 τητός
389 3861 425 3901 τε
446 3837 500 3900 καὶ
516 3831 775 3922 ὁμοουσιότητος
790 3838 843 3901 καὶ
860 3836 1103 3918 ε’κτυπιόματος.
1131 3842 1187 3905 καί
1206 3842 1327 3909 ἔστενε

229 3929 349 4016 θοῦμῖν
372 3928 390 3996 ὁ
412 3931 589 4017 μονογενὴς
616 3931 687 4011 υἱὸς
718 3937 778 3998 τοῦ
807 3937 890 3999 θεοῦ
928 3933 1049 4000 ταυτὸν
1076 3935 1138 4017 μὲν
1167 3941 1211 4025 τῇ
1244 3944 1301 4008 τοῦ

272 4030 400 4114 πατρὸς
422 4028 559 4116 θεότητι
581 4034 634 4096 καὶ
658 4026 745 4116 ἀξίᾳ,
779 4033 832 4096 καὶ
862 4031 935 4108 ἴσος
964 4030 1020 4097 διὰ
1048 4035 1107 4118 τῆς
1130 4026 1304 4128 ἀληθινῆς

273 4128 407 4206 είκόνος,
437 4130 488 4194 καὶ
515 4122 707 4210 ὁμοιώσεως
730 4124 767 4193 οῦ
791 4129 1078 4215 παρηλλαγμένης,
1109 4123 1183 4196 ἀλλ’
1210 4130 1306 4205 ἀπα-

271 4224 465 4308 ραλλάκτου,
490 4220 535 4304 ιῦς
559 4224 628 4303 υἱός
650 4225 684 4293 έκ
697 4224 825 4309 πατρὸς
843 4224 1013 4312 ἀληθινῶς
1034 4229 1087 4294 καί
1108 4221 1309 4317 ὁμοουσίως
