2867 5084
363 574 367 584 ι

434 985 539 1038 Lm.
559 987 844 1037 υιοιεεκσιιυοι.
1088 976 1151 1040 27⁷

131 1133 234 1205 οὐσία
255 1130 294 1202 οὐ
316 1136 360 1211 τὸ,
379 1133 572 1222 όμοούσιον,
607 1135 691 1202 ἀλλὰ
713 1132 919 1205 αὐτοούσιον.
965 1140 1060 1208 είκών
1088 1139 1155 1224 ἄρα
1238 1179 1247 1202 ε

132 1237 225 1303 ἐστὶν
249 1231 401 1318 όλόγος,
426 1237 522 1314 θεὸς,
553 1235 642 1314 ζῶσα
670 1241 790 1321 σοφία,
814 1232 1033 1324 ῦποστατικὴ,
1058 1238 1156 1323 λόγος

133 1333 274 1419 ἐνεργὴς,
297 1334 351 1398 καλ
374 1332 454 1410 υίὸς,
478 1329 559 1418 αῦτη
583 1326 777 1418 οὐοιιομένη.
818 1330 899 1418 αῦτη
921 1333 982 1419 γὰρ
1004 1325 1026 1421 ᾗ
1047 1358 1155 1421 προσ-

132 1439 245 1515 έχαιρε
267 1425 342 1496 καθ’
362 1425 485 1514 ἡμέραν
509 1425 527 1493 ὁ
550 1428 640 1507 θεὸς,
666 1426 721 1495 ὅτε
743 1424 942 1516 ηὐφραίνετο
964 1431 1022 1517 τὴν
1046 1433 1155 1498 οίκοο-

130 1535 234 1614 μένην
257 1528 460 1603 συντελέσας.
489 1527 529 1591 οὐ
553 1528 598 1605 δὲ,
622 1527 807 1610 Μάρκελλε,
827 1530 932 1593 ταῦτα
954 1524 1180 1612 ὐρνούμενοςο

131 1627 330 1709 ἔμπροσθεν
352 1627 419 1689 τῶν
441 1618 649 1707 ἀνθρώπων,
684 1620 856 1712 ύρνηθηοῃ
885 1627 945 1708 μὲν
973 1621 1028 1691 ὑπ’
1055 1621 1156 1712 αὐτῆς

133 1723 258 1805 ἐκείνης
287 1722 480 1805 ἔμπροσθεν
508 1726 566 1787 τοῦ
587 1721 724 1807 γιατρὸς
751 1725 810 1786 τοῦ
839 1722 873 1788 έν
894 1733 967 1802 τοῖς
989 1717 1153 1805 οὐρανοῖς,

101 1815 307 1906 Βύρνηθηση
337 1819 373 1883 δέ
401 1818 455 1882 καὶ
485 1819 678 1902 ἐ’μπροσθεν
708 1822 766 1904 τῆς
794 1820 966 1901 ἐκκλησίας
998 1823 1057 1906 τῆς
1085 1816 1154 1886 ύιτό

128 1918 190 1984 τὸν
225 1913 363 1998 οὐρανὸν
396 1915 587 2001 γραφούσης
620 1922 696 1998 περὶ
740 1920 799 1981 σοῦ
835 1921 1005 2000 πανταχοῦ
1038 1921 1078 2005 τῇ
1114 1922 1154 2006 γῇ

131 2014 254 2081 “ἂ’κουε
276 2013 372 2096 λόγον
393 2019 516 2095 κυρίου,
546 2012 677 2097 γράψον
698 2013 757 2077 τὸν
779 2012 883 2099 ἄνδρα
905 2019 1031 2093 τοῦτον,
1063 2015 1154 2101 ἐκκη-
1167 2032 1195 2080 10

129 2133 251 2195 ρυκτον
273 2108 466 2193 ἄνθρωπον,
503 2107 555 2175 ῦτι
579 2106 616 2175 ού
638 2110 682 2194 μὴ
706 2106 836 2197 αὐξηθῇ
860 2112 893 2177 έκ
915 2116 974 2177 τοῦ
1005 2118 1153 2195 σπέρμα-

129 2233 190 2287 τος
224 2201 325 2272 αὐτοῦ
361 2204 468 2290 ἅρχων
502 2209 551 2273 ἔτι
585 2207 618 2273 ἐν
651 2210 699 2292 τῷ
731 2203 836 2295 Ἰούδᾳ
868 2208 1057 2295 καθήμενος
1097 2210 1153 2274 έπὶ

127 2304 261 2392 θρόνου
282 2305 423 2388 Δαβίδ.”

220 2407 249 2469 8.
280 2405 346 2466 Καὶ
369 2396 482 2484 μεθΗ
464 2426 558 2485 ετερα
573 2401 858 2487 μνημονεύσαντος
875 2403 1072 2488 Μαρκέλλου
1088 2405 1153 2468 τιῦν

124 2495 342 2582 Ἀστερίοο“
324 2503 431 2584 ρητῶν
454 2499 608 2585 ἐπιφέρει
631 2500 1193 2614 hym-15

220 2599 321 2672 “Θελς
344 2585 401 2661 οῦν
423 2600 536 2673 ταῦτα,
570 2595 624 2661 καὶ
645 2598 808 2712 χφρῶν
784 2598 823 2682 τῇ
853 2590 987 2681 ἀρνήσει
1015 2621 1073 2682 της
1096 2599 1153 2661 τοῦ

131 2696 285 2780 σωτῆρος
306 2688 397 2778 ημῶν
421 2693 545 2770 είκόνος
567 2697 619 2758 καί
644 2689 769 2771 οὐσίας,
802 2719 856 2759 και
879 2696 936 2780 τῆς
958 2696 1155 2778 μονογενοῦς

131 2791 287 2874 υίότητος
309 2790 343 2856 έκ
365 2790 501 2874 πατρὸς,
530 2791 586 2856 καὶ
607 2793 673 2856 τῶν
695 2797 931 2874 πρωτοτοκίιον
954 2790 1065 2875 πάσης
1086 2797 1154 2856 κτί-

104 2908 230 2966 coecas,
242 2891 296 2953 καί
309 2889 367 2972 τῆς
378 2887 412 2953 ἐκ
423 2890 620 2972 μονογενοῦς
634 2886 824 2973 μανότητος,
837 2890 890 2954 καὶ
907 2890 964 2974 τῆς
980 2889 1014 2954 έκ
1026 2888 1152 2954 τελείου

131 2985 349 3071 τελειότητος,
371 2987 424 3051 καὶ
447 2988 505 3070 τῆς
523 2985 557 3050 έκ
571 2986 735 3069 βασιλέως
756 2986 937 3070 βασιλείας,
961 2985 1015 3050 καί
1037 2988 1094 3071 τῆς
1119 2985 1194 3053 ἕκεο

130 3088 248 3165 κυρίου
268 3081 472 3167 κυριότητος,
501 3085 554 3147 καὶ
584 3085 643 3169 τῆς
664 3083 698 3148 ἐκ
721 3085 804 3149 θεοῦ
828 3081 1003 3166 θεότητος,
1039 3076 1154 3159 οὐσίας

131 3204 173 3245 τε
201 3173 315 3256 ἆπλιῦς
347 3184 399 3245 καί
428 3180 548 3265 βουλῆς
576 3182 630 3244 καί
660 3178 829 3261 δυνάμεως
861 3183 915 3244 καί
946 3178 1043 3262 δόξης
1069 3182 1154 3244 θεοῦ

134 3276 262 3355 εἰκόνος
283 3271 554 3359 ἇπαραλλάκτοο,
588 3271 626 3340 οὐ
655 3287 785 3359 μικροῖς
815 3275 926 3359 λόγοις
955 3269 1156 3359 ἀρνούμενος

133 3373 328 3459 ἔμπροσθεν
350 3376 416 3437 τῶν
439 3367 641 3457 ἀνθρώπων,
666 3375 787 3438 διὸκαὶ
805 3368 1075 3458 ἇρνηθησόμενος
1096 3373 1155 3457 έμ·

132 3477 287 3556 πρόσθεν
313 3469 522 3553 τοῦπατρὸς
551 3465 661 3549 αὐτοῦ,
692 3468 845 3554 ἄντικρυς
872 3472 976 3535 ταῦτα
1003 3469 1192 3558 γρύφειςΑίν

130 3570 239 3634 ταῦτα
258 3565 301 3632 τό
323 3567 454 3653 ῥήματα
476 3570 593 3653 σαφιῦς
614 3567 672 3653 τὴν
696 3567 825 3654 φαύλην
847 3564 948 3633 αὐτοῦ
970 3570 1048 3651 περὶ
1072 3568 1153 3634 θεό-

131 3687 233 3750 τητος
252 3662 381 3747 πατρὸς
401 3664 455 3730 καὶ
479 3664 552 3729 οἱοῦ
575 3671 757 3750 παρίστησι
780 3663 888 3743 δόξαν.
925 3661 944 3751 ἡ
969 3665 1004 3730 δὲ
1026 3664 1152 3732 τούτων

133 3759 271 3848 ἄρνησις
293 3760 352 3847 τὴν
366 3758 427 3847 οην
442 3760 682 3847 ένόιάστροφον
703 3765 757 3826 καί
781 3760 909 3850 φαύλην
932 3763 1009 3846 περὶ
1031 3761 1154 3884 θεότη-

130 3883 192 3936 τος
211 3857 268 3925 καί
290 3814 406 3937 οὐσίας
427 3861 576 3942 Χριστοῦ
599 3882 716 3944 σαφως
738 3855 869 3976 ἤλεγξεν
892 3857 1127 3941 ἑτεροόοξί”
1060 3883 1108 3923 αν.

101 3973 124 4026 Ιι
220 3961 251 4022 9.
283 3958 349 4022 Καὶ
371 3950 448 4038 μεθ’
472 3955 566 4038 ἕτερα
589 3955 808 4042 ἐπιφέροντα
830 3955 1030 4041 Μαρκέλλου
1161 3969 1193 4020 ευ

220 4041 408 4119 *έἝωλα’
370 4051 484 4119 ουντῦι
499 4052 572 4138 ἑξῆς
587 4050 908 4141 έπιφέρειγράφων·
932 4046 1081 4118 οὐδέν’
1043 4050 1151 4117 αυτῶκ

130 4138 181 4218 ὧν
201 4160 367 4234 προεῖπεν
388 4143 474 4217 εἶναι
494 4149 658 4235 βούλεται.
699 4148 835 4215 πάντων
863 4147 923 4233 γὰρ
950 4147 1076 4214 τούτων
1106 4149 1152 4215 εί-

128 4246 213 4315 κόκα
235 4242 336 4316 αὐτὸν
358 4240 444 4316 ελναι
465 4249 579 4332 λέγεις
609 4242 726 4314 οὐκοῦν
749 4247 778 4315 εί
800 4240 916 4325 οὐσίας
937 4245 1026 4314 ἐστίν
1046 4244 1177 4327 εἰκὼν,
