2867 5084
240 916 302 976 554
465 929 666 978 οσιιιιιιτιοτ
682 928 778 978 xm
796 928 981 977 ,ιιοσεειιυ
997 929 1025 976 r.

239 1076 359 1165 ἓρήμου
387 1072 598 1164 ἀνερχομένη,
628 1073 673 1156 ὡς
700 1081 831 1165 στελέχη
859 1081 986 1145 καπνοῦ
1014 1081 1245 1162 τεθυμιαμίνη,

238 1176 382 1260 σμύρναν
404 1179 457 1242 καί
480 1177 614 1261 λίβανον
635 1171 703 1242 άπὸ
726 1180 883 1260 κονιορτιῖ
886 1202 902 1241 ν
930 1178 1091 1259 μυρεψοῦ,
1114 1178 1173 1241 τοῦ
1196 1174 1291 1240 ‹le-[1

239 1273 382 1352 δωκὸτος
415 1274 531 1340 ἑαυτοῦ
565 1273 622 1358 τήν
656 1269 845 1356 εύοδμίαν·”
883 1272 919 1338 ὃν
950 1274 1131 1356 προορῶσα
1164 1272 1250 1360 ἔλεγε

240 1370 361 1455 ἔμύρον
384 1370 563 1439 ἐκκομισθὲν
586 1369 691 1455 ὄνομά
706 1395 769 1437 σοι.
808 1371 864 1438 διὰ
885 1374 983 1436 τοῦτο
1006 1369 1153 1447 νεάνιδες
1173 1363 1251 1454 ἠγά-

216 1469 349 1555 5πησάν
372 1492 418 1536 σε.
454 1467 474 1556 ή
498 1471 651 1557 ἑστηκυῖα
674 1469 707 1535 ἐκ
730 1471 845 1548 δεξιῶν
873 1471 931 1533 τοῦ
958 1469 1131 1550 βασιλέως,
1164 1466 1253 1534 ἔνδε-

241 1568 358 1650 δυμένη
387 1568 586 1650 κροσσωτά,”
619 1565 811 1648 διαχρύσοις
830 1568 1079 1650 πεποικιλμένη,
1108 1561 1128 1649 ή
1152 1566 1252 1652 μηδὲν

239 1663 405 1732 σκοτεινὸν
429 1667 556 1745 ἔχουσα,
580 1666 663 1730 ποτὲ
684 1665 720 1730 δὲ
740 1665 1001 1749 μεμελανιομίνη,
1026 1667 1095 1728 νυνί
1122 1664 1159 1730 δὲ
1172 1663 1253 1749 καλή

238 1765 291 1827 καί
315 1764 624 1845 λελευκανθισμένη,
648 1763 704 1827 ἵνα
727 1760 760 1827 ἐν
783 1764 837 1826 σοὶ
857 1760 1025 1846 γενόμενοι
1046 1759 1254 1847 λωφήσωμεν

239 1864 305 1925 τῶν
327 1858 598 1941 προδιελθύντιυν
619 1854 705 1943 ἡμᾶς
727 1861 890 1942 στυγερῶν
912 1861 978 1923 τῶν
993 1859 1153 1942 αἱρέσεων
1167 1883 1256 1942 πρα-

203 1956 381 2040 ιθγμάτων,
410 1958 463 2022 καὶ
491 1952 705 2044 ήσυχάσιομεν
734 1950 803 2022 άπὸ
833 1955 944 2022 σάλων
972 1959 1029 2043 τής
1050 1958 1117 2022 τῶν
1146 1952 1255 2021 αύτῶν

240 2060 424 2137 τρικυμίας,
453 2056 506 2119 καὶ
530 2047 750 2136 άναψύξωμεν
772 2053 805 2119 ἐν
828 2057 898 2130 σοί,
928 2048 1005 2137 άγία
1027 2051 1133 2141 μήτηρ
1163 2050 1255 2138 ήμῶν

240 2151 401 2238 ἐκκλησία,
434 2153 488 2217 καί
511 2150 545 2218 ἐν
566 2153 605 2237 τή
629 2145 706 2238 ἁγίᾳ
729 2150 762 2217 ἒν
785 2153 837 2217 σοί
861 2152 1057 2237 διδασκαλίᾳ
1089 2154 1145 2217 καὶ
1177 2146 1256 2238 άγίᾳ

240 2257 293 2317 καί
315 2250 397 2336 μόνῃ
420 2255 534 2315 πίστει
555 2251 639 2315 θεοῦ
662 2248 695 2314 ἓν
718 2243 870 2335 ἀληθείᾳ.
906 2243 989 2313 ἀλλὰ
1011 2245 1154 2332 ἄρξομαι
1176 2250 1295 2332 περίίίΙ

241 2348 359 2434 ταύτης
381 2349 438 2432 τής
461 2342 555 2430 άγίας
584 2345 713 2423 πόλεως
742 2349 824 2412 θεοῦ
853 2345 896 2410 τὰ
921 2347 1103 2426 θαυμαστὰ
1131 2348 1255 2432 διηγεῖ-

206 2452 335 2511 Ιθοθαι.
379 2444 420 2509 τὰ
441 2443 502 2528 γάρ
525 2445 748 2527 δεδοξασμένα
775 2443 922 2531 ἐλαλήθη
952 2446 1028 2524 περὶ
1058 2439 1175 2529 αύτής,
1210 2439 1254 2521 ὥς

242 2566 343 2629 φησιν
367 2536 384 2604 ὁ
407 2541 580 2628 προφήτης
603 2542 846 2622 ’δεδοξασμὲνα
874 2541 1019 2626 ἐλαλήθη
1048 2544 1126 2625 περὶ
1152 2533 1251 2628 σσῦή

241 2641 340 2717 πόλις
361 2641 419 2703 τοῦ
442 2641 553 2717 θεοῦ,”
575 2632 773 2723 ἀνθρώποις
786 2639 846 2720 μὲν
861 2642 965 2704 πᾶσιν
981 2632 1152 2723 ἀνέφικτα,
1175 2635 1252 2705 άπί-

241 2758 333 2812 στοις
355 2737 390 2799 δὲ
413 2729 579 2818 ἀλλότρια,
608 2747 743 2813 πιστοῖς
771 2737 807 2802 δὲ
830 2731 1025 2819 ἀνθρώποις
1052 2738 1105 2801 καί
1134 2731 1252 2824 ἀληθι-

243 2843 312 2909 νοῖς
340 2832 374 2896 ἐν
396 2836 502 2912 μέρει,
532 2831 565 2897 ἐν
594 2828 771 2915 ὑποσχέσει
801 2835 836 2899 δὲ
864 2833 1063 2911 τελειώσεως
1091 2829 1137 2912 ὡς
1166 2832 1266 2918 παρά.

203 2931 299 2992 mos>
323 2922 429 2992 αύτιῦν
452 2926 617 2994 δεσπότου
639 2930 962 3016 παρασχεθησόμενα
985 2932 1079 3018 ἔντη
1101 2936 1249 3016 βασιλείᾳ

240 3027 306 3090 τῶν
329 3019 486 3105 ούρανῶν,
517 3021 603 3091 ὅπου
626 3021 706 3116 αὐτή
729 3025 748 3117 ή
772 3023 849 3112 άγία
871 3034 1042 3112 παρθένος
1062 3035 1116 3094 καί
1141 3033 1253 3116 κληρσ·
1272 3068 1295 3083 -

241 3121 341 3205 νόμος
362 3121 421 3187 σύν
443 3126 490 3207 τῷ
513 3123 587 3209 ἰδίῳ
610 3131 741 3212 νυμφίῳ
764 3126 797 3192 ἐν
820 3121 948 3212 οὐρανῷ
972 3126 1044 3207 λ’σχε
1063 3126 1123 3192 τὸν
1139 3131 1295 3216 κλήροι-

241 3223 295 3286 καί
316 3218 374 3308 τήν
396 3220 621 3305 κληρονομίαν.

327 3325 356 3384 3.
395 3321 459 3384 Καὶ
489 3321 622 3401 πρῶτον
648 3321 723 3403 μὲν,
758 3314 850 3384 &ab
879 3320 960 3398 θεὸς
989 3316 1006 3385 ὃ
1035 3321 1091 3387 ἐπὶ
1120 3323 1295 3390 πάνταΓ

204 3412 319 3502 θυήμῖν
342 3414 422 3491 θεὸς
444 3411 584 3498 ὑπάρχει
605 3427 677 3494 τοῖς
699 3417 733 3483 ἑκ
754 3420 812 3505 τής
835 3412 929 3501 άγίας
950 3418 1069 3504 ταύτης
1087 3419 1295 3508 ἐκκλησίῶ

241 3519 464 3595 γεννηθεῖσιν·
489 3510 660 3592 ἀπόδειξις
681 3514 742 3599 γὰρ
766 3510 846 3599 αύτη
870 3514 985 3602 πρώτη
1001 3519 1078 3598 περὶ
1095 3513 1295 3605 άληθείύ

242 3611 294 3674 καὶ
318 3608 486 3691 ἑδραίωμα
508 3618 654 3688 πίστεως
675 3614 732 3724 τής
753 3612 855 3698 μόνης
868 3612 988 3733 ταύτης
1003 3621 1181 3697 παρθένου
1208 3616 1295 3684 τό

242 3701 337 3791 ἁγίας
358 3712 554 3792 περιστερᾶς
575 3711 628 3774 καὶ
645 3703 776 3788 ἀκάκου,
799 3712 878 3792 περὶ
894 3700 933 3798 ἧς
949 3706 967 3775 ὁ
982 3711 1093 3795 κύριος
1108 3712 1143 3778 ἐν
1160 3716 1295 3782 mab

241 3830 322 3886 ματι
342 3807 389 3889 τιῦ
411 3806 550 3887 Σολοχ
511 3830 604 3871 ιωντι
625 3799 892 3873 άπεκάλυπτεν
878 3833 911 3873 εν
926 3806 1052 3893 ᾄσματι
1067 3812 1135 3876 τῶν
1149 3792 1295 3930 ᾇσμξ

202 3912 306 3968 θλτων
328 3905 381 3967 καὶ
405 3903 540 3987 ἔλεγεν
544 3901 708 3989 ιἑξήκοντά
736 3904 801 3970 εἰσι
828 3911 909 3989 βασί
896 3906 1032 3983 ίλισσαι,
1062 3910 1117 3972 καί
1142 3884 1295 3998 δγδοηᾹ

241 4022 339 4067 κοντα
360 4001 544 4078 παλλακαι,
575 4004 627 4067 καί
650 3991 844 4078 νεάνιδες
817 4028 863 4068 ων
891 3997 949 4067 οὐκ
976 4002 1065 4069 ἐστιν
1094 3998 1295 4090 άριθμοςῖ

242 4101 302 4177 μία
323 4095 391 4163 ἐστί
416 4097 595 4181 περιστερά
616 4122 689 4180 μου,
712 4101 822 4165 τελεία
842 4103 934 4183 μου,”
956 4098 1039 4182 μετά
1049 4105 1295 4216 προσθήκηρ

241 4194 300 4257 τοῦ
314 4216 378 4276 μου
393 4197 445 4261 καί
461 4218 535 4277 μου.
566 4188 666 4262 αὐτοῦ
681 4194 766 4280 γάρ
758 4196 937 4279 περιστερὰ
951 4192 1060 4262 ‘aui'
1022 4222 1125 4264 αυτσυ
1108 4202 1295 4282 “vatia-,r
