2867 5084
507 984 626 1036 mm
648 984 975 1035 ππττνπιτοπιποτ.
1193 975 1254 1037 335

232 1134 339 1222 ἡμῶν,
369 1137 422 1201 καὶ
445 1135 484 1200 τὸ
506 1136 701 1218 μεσότοιχον
724 1138 783 1200 τοῦ
806 1140 958 1220 φραγμοῦ
982 1136 1091 1214 λύσας,
1121 1137 1180 1223 τὴν
1206 1139 1254 1222 ἕχ-

232 1241 325 1316 θραν
348 1233 382 1299 ἓν
404 1236 443 1319 τῇ
467 1237 561 1314 σαρκὶ
592 1229 708 1310 αὐτοῦ,
744 1231 801 1297 τόν
830 1233 930 1313 νόμον
958 1236 1023 1299 τῶν
1052 1234 1192 1302 ίντολῶν
1222 1237 1255 1302 ἐν

233 1331 378 1414 δόγμασι
402 1331 615 1414 καταργήσας,
647 1332 702 1396 ἵνα
725 1329 802 1407 τοὺς
825 1331 882 1393 δύο
906 1337 998 1416 κτίσῃ
1023 1331 1055 1397 ίν
1080 1333 1185 1419 ἑαυτῷ
1209 1335 1255 1413 είς

233 1429 293 1494 ἕνα
315 1427 428 1493 καινόν
450 1425 661 1510 όίνθρωπον.”
692 1421 777 1492 εἶναι
800 1426 898 1491 δὲτὰ
921 1428 1002 1513 ἔθνη
1019 1428 1179 1512 σόσσωμα
1200 1437 1253 1498 καί

233 1531 426 1607 συμμίτοχα
448 1528 501 1590 καί
526 1524 772 1610 συνκληρονόμα
794 1527 851 1608 τῆς
867 1525 1063 1608 ἐπαγγελίας
1079 1526 1278 1608 ίκίλετνσεν,σ

233 1620 340 1689 είπιόν
364 1625 478 1689 “δει”·τε
499 1623 584 1705 πρός
605 1648 647 1704 με
669 1621 792 1698 πάντες
815 1621 846 1685 οἱ
862 1626 1044 1698 κοπιῶντες
1057 1627 1109 1689 καί
1126 1650 1254 1712 πεφορ·

181 1726 392 1801 ςαρτισμίνοι,
416 1714 504 1803 κάγῶ
528 1715 711 1784 άναπαόσω
735 1716 829 1800 ὑμᾶς.
854 1724 964 1783 τοίνυν
980 1720 1014 1784 ἐν
1030 1709 1057 1804 ᾧ
1073 1721 1136 1804 ίγῶ
1152 1719 1254 1807 ἠσθέ·

231 1841 311 1884 νουν
334 1817 391 1881 διίι
411 1820 469 1902 τῆς
492 1815 620 1899 σαρκὸς,
646 1811 816 1901 άπεστάλη
838 1840 896 1897 μοι
920 1812 1062 1901 όσωτηρ
1081 1818 1114 1884 ίν
1131 1815 1254 1902 ὁμοιῶ-

229 1940 314 1997 ματι
348 1913 468 1998 σαρκός
501 1910 663 1996 ἁμαρτίας
697 1915 887 1994 οἰκονομίαν
919 1916 1074 1999 τοιαύτην
1107 1918 1252 2002 πληρῶν,

231 2011 289 2077 ίνα
317 2035 358 2093 με
386 2013 537 2088 δουλείας
565 2010 762 2096 ἐξαγοράσῃ,
794 2011 849 2075 ἵνα
876 2037 917 2091 με
945 2016 1095 2097 φθορᾶς,
1130 2014 1186 2079 ἵνα
1212 2030 1293 2098 μείο

230 2106 393 2174 θανάτου.
424 2111 477 2172 καί
502 2107 627 2191 ίγίνετό
649 2132 706 2189 μοι
732 2108 921 2193 δικαιοσύνη
945 2109 997 2173 καί
1015 2107 1177 2195 ἁγιασμὸς
1199 2116 1251 2177 καὶ

230 2198 482 2287 ἀπολύτρωσις·
506 2205 695 2290 δικαιοσύνη
719 2207 779 2288 μὲν
799 2205 856 2270 διά
871 2213 1017 2283 πίστεως
1032 2203 1132 2271 αι’·τού
1148 2204 1254 2290 ἁμαρ-

228 2309 306 2367 τίαν
328 2302 438 2379 λύσας,
464 2300 625 2387 ἁγιασμὸς
648 2304 682 2367 δὲ
700 2298 878 2380 δι’,ύδατος
900 2304 953 2367 καί
978 2303 1175 2386 πνεύματος,
1198 2307 1251 2370 καὶ

229 2398 264 2467 ἓν
287 2398 410 2484 ῥήματι
433 2396 532 2465 αύτοῦ
549 2399 792 2481 ἕλευθεριύσας·
817 2395 1048 2482 ἀπολύτρωσις
1065 2403 1098 2466 δὲ
1115 2402 1153 2465 τὸ
1170 2396 1253 2482 αἷμα

230 2491 345 2562 αύτοῦ.
376 2496 493 2580 λύτρον
515 2493 619 2579 ύμνοῦ
643 2493 792 2581 άληθοῦς
814 2493 897 2580 όπὲρ
915 2497 993 2578 ἐμοῦ
1011 2497 1127 2564 ἑαυτὸν
1143 2524 1253 2582 παρα·
1265 2514 1291 2562 15

202 2593 321 2673 Βδούς,
347 2594 535 2678 ἱλαστήριον
556 2594 753 2677 καθάρσεως
768 2594 901 2676 κόσμου,
926 2597 1129 2682 καταλλαγῆς
1144 2593 1253 2662 ἁπάν-

228 2717 297 2759 των
328 2687 468 2774 ούρανσύ
496 2695 550 2757 καί
579 2695 651 2775 γῆς,
684 2693 864 2773 μυστήριον
893 2691 931 2756 τό
961 2689 1161 2779 ἀπόκρυφον
1185 2692 1252 2777 πρὸ

229 2793 296 2855 τῶν
320 2788 450 2854 αίῶνων
471 2792 523 2855 καί
547 2792 665 2874 γενεῶν
689 2790 824 2874 πληρῶν
846 2799 973 2872 καιροῖς
987 2800 1059 2866 τοῖς
1075 2792 1252 2874 διωρισμέ-

229 2910 311 2964 νοις.
352 2881 370 2949 ὁ
398 2880 496 2962 αότός
519 2893 796 2970 μετασχηματίσει
825 2887 864 2950 τό
887 2890 983 2969 σῶμα
1005 2891 1063 2973 τῆς
1085 2888 1251 2955 ταπεινῶ-

230 3006 317 3060 σεως
337 2979 430 3068 ἡμῶν
453 2983 500 3059 είς
521 2982 560 3047 τὸ
582 2989 740 3066 γενέσθαι
769 2982 965 3069 σύμμορφον
994 2988 1052 3070 τῆς
1074 2984 1171 3070 δόξης
1194 2981 1291 3049 σύτο

229 3084 290 3147 τοῦ
321 3079 404 3146 κατὰ
434 3080 492 3164 τὴν
529 3080 691 3163 ἐνέργειαν
720 3083 778 3144 τοῦ
809 3080 975 3144 δύνασθαι
1003 3085 1055 3145 καὶ
1086 3078 1252 3158 ὑποτάξαι

230 3172 322 3264 αύτῷ
344 3176 386 3242 τά
408 3177 527 3255 πάντα,
553 3172 606 3242 ὅτι
625 3177 659 3243 ἐν
675 3171 763 3260 αύτῷ
780 3187 925 3242 κατοικεῖ
947 3181 1015 3241 πᾶν
1037 3177 1253 3262 τὸπλήρωμα

228 3279 286 3360 τῆς
308 3274 470 3358 θεότητος
493 3277 696 3357 σωματικῶς.

316 3378 346 3440 3.
381 3372 427 3437 Τὸ
452 3374 578 3455 δοχεῖον
600 3369 710 3437 τοίνυν
739 3373 796 3456 τῆς
819 3377 942 3456 σοφίας
969 3374 1021 3436 καί
1051 3375 1109 3457 τῆς
1130 3372 1252 3459 θεότη-

229 3494 287 3551 τσς
311 3464 329 3536 ὃ
351 3470 500 3553 Χριστὸς
520 3469 701 3552 μεσιτεύων
731 3469 784 3533 καί
814 3468 1049 3534 καταλλάσσων
1078 3469 1119 3536 τὰ
1142 3469 1291 3537 πάντανο

203 3570 303 3653 ἳθεῶ
328 3566 362 3633 ἓν
385 3561 483 3652 αύτῷ,
506 3567 551 3652 μὴ
567 3566 776 3651 λογιζόμενος
792 3561 964 3647 ἁμαρτίαν,
989 3561 1168 3653 άπόκρυφα
1191 3594 1252 3650 μυ-

229 3666 351 3752 στήρια
366 3666 510 3749 πληρῶν,
528 3671 642 3729 πίστει
658 3663 822 3747 διαθήκης
837 3658 937 3728 αὐτοῦ
953 3667 1011 3749 τῆς
1027 3668 1252 3750 προεπηγγελ-

227 3769 329 3849 μίνης
350 3757 417 3827 όπὸ
439 3765 500 3827 τού
527 3761 629 3844 νόμου
659 3762 712 3826 καί
743 3764 808 3825 τῶν
831 3764 1029 3847 προφητῶν,
1068 3760 1139 3838 υἱός
1168 3765 1251 3826 θεοῦ

227 3857 481 3946 κηρυσσόμενος,
511 3857 583 3935 υίὸς
604 3860 715 3943 Δαβίδ
737 3856 918 3941 λεγόμενος.
962 3856 1063 3944 ίίμφω
1086 3857 1147 3943 γάρ
1169 3857 1252 3935 θεὸς

227 3959 283 4023 καί
306 3952 501 4037 ἅνθρωπος,
524 3962 660 4041 μεσίτης
682 3959 766 4021 θεοῦ
788 3958 840 4020 καί
865 3950 1066 4037 άνθριόπων,
1091 3951 1290 4040 άληθινὸςθ]

226 4048 320 4131 σίκυς
340 4055 441 4132 θεοῦ,
475 4052 651 4137 ἱεράτευμα
680 4049 790 4137 ἅγιον,
825 4050 1013 4134 πνεύματος
1041 4050 1156 4136 δοτὴρ,
1192 4055 1251 4117 τοῦ

227 4144 474 4235 ίιναγεννῶντος
494 4152 547 4216 καὶ
572 4146 836 4230 άνακαινίζοντος
868 4138 969 4226 αὖθις
996 4148 1039 4214 τά
1066 4148 1178 4214 πάντα
1203 4152 1250 4232 τῷ

225 4250 310 4335 θεῷ.
366 4250 439 4313 “wi
470 4243 488 4313 ὃ
516 4246 614 4333 λόγος
636 4245 720 4331 σάρξ
748 4247 890 4332 ἐγένετο,
923 4244 978 4313 καί
1007 4245 1188 4333 ἐσκήνωσεν
1216 4244 1251 4313 ἐν
1282 4324 1362 4600 ι
