2867 5084
595 980 701 1034 τισιν.
720 985 899 1037 Ammoi.
1195 976 1259 1039 359

201 1154 372 1202 υσκοποι.
421 1132 577 1219 πλήθους
598 1135 634 1201 δὲ
655 1134 699 1221 μή
724 1133 819 1214 ὄντος
852 1133 910 1219 ούχ
931 1132 1121 1224 ηὑρέθησαν
1144 1137 1177 1204 ἔν
1200 1132 1260 1205 αὖ·

232 1240 309 1307 τοῖς
331 1229 550 1313 πρεσβύτεροι
577 1237 844 1320 κατασταθῆναι,
878 1237 934 1300 καὶ
962 1229 1171 1321 ήρκέσθησαν
1201 1235 1260 1305 ἐπὶ

234 1331 283 1412 τιή
305 1327 389 1392 κατὰ
410 1326 516 1393 τύπον
537 1329 628 1414 μόνην
651 1329 882 1416 ἐπισκύπιμ.’
869 1357 945 1398 ανεν
962 1333 997 1397 δὲ
1013 1332 1197 1399 διακόνου)
1184 1340 1259 1400 επί·

233 1447 364 1490 σκοπον
388 1419 550 1490 ἀδύνατον
567 1421 660 1492 εἶναι.
687 1454 741 1493 και
766 1423 1030 1512 ε’·πεμελήσατο<
1015 1452 1032 1492 ο
1041 1426 1150 1546 ἅγιος
1171 1425 1259 1497 διπό-

233 1523 357 1599 στολος
379 1520 550 1600 διακόνους
573 1518 657 1589 εἶναι
682 1529 729 1609 τιύ
759 1524 934 1612 ἑπισκόιτηι
963 1526 1020 1591 διὰ
1047 1527 1106 1611 τήν
1134 1522 1256 1613 ύπηρε·
1265 1554 1282 1604 5

233 1627 324 1698 σίαν,
349 1615 435 1684 ούτιυ
458 1645 515 1706 της
538 1619 708 1704 ἐκκλησίας
730 1621 894 1708 λαβούσης
916 1649 958 1688 τα
944 1622 1101 1707 ιιληρώγ
1103 1648 1179 1689 ιατα
1200 1627 1257 1709 τής

210 1717 436 1803 ,οἰκονομίας
483 1668 569 1782 δύτω
597 1714 669 1784 κατ’
695 1719 799 1785 ἐκεῖνο
827 1722 942 1802 καιροῦ
971 1709 1054 1805 ήσαν
1084 1721 1116 1786 οἱ
1138 1720 1257 1787 τύποι·

234 1820 290 1878 καλ
313 1813 374 1897 γὰρ
397 1814 534 1881 ἕκαστον
550 1819 686 1899 πρᾶγμα
702 1811 759 1881 ούκ
781 1812 837 1882 ἀπ’
856 1812 956 1902 ἀρχής
970 1819 1012 1882 τὰ
1027 1817 1138 1884 πάντα
1154 1818 1255 1900 ἔσχεν,

234 1906 322 1977 ἀλλὰ
344 1919 585 1995 προβαίνοντος
606 1917 664 1979 τοῦ
685 1913 804 1997 χρόνον
825 1914 867 1980 τὰ
889 1915 975 1997 πρὸς
995 1917 1164 1983 τελείωσιν
1190 1919 1257 1983 τῶν

232 2012 355 2093 χρειῶν
377 2011 596 2095 κατηρτίζετο.
1268 2038 1298 2088 1⁰

183 2126 230 2178 οο9
323 2115 353 2173 5.
383 2102 497 2185 Εύθὺς
511 2110 571 2191 μὲν
585 2108 646 2192 γὰρ
658 2112 809 2194 Μωασής
823 2115 993 2193 πέμπεται
1010 2110 1056 2187 είς
1066 2112 1255 2194 Αἴγυπτον,

233 2206 318 2271 κατὰ
344 2203 404 2289 τήν
433 2205 581 2270 παλαιὰν
611 2207 774 2291 διαθήκην
802 2207 914 2291 ῥύβδην
943 2208 1037 2293 μόνη.
1098 2203 1163 2272 ύπδ
1196 2211 1255 2272 τού

233 2306 319 2370 θεοῦ
343 2304 380 2368 δὲ
400 2297 649 2383 ἀπεσταλμένος
677 2304 710 2369 ἐν
744 2307 790 2387 τῷ
820 2305 985 2370 εἰσελθεῖν
1009 2304 1056 2381 εἰς
1077 2306 1256 2388 Αἴγυπτον

232 2407 461 2483 προστίθεται
483 2396 571 2485 αύτῷ
596 2401 642 2478 εἰς
663 2399 827 2485 βοήθειαν
840 2396 970 2482 Ἀαριύν
994 2395 1175 2486 δύδελφὸς
1197 2395 1256 2467 αύ-

231 2502 302 2564 τού.
345 2493 416 2564 εἶτα
437 2497 520 2582 μετὰ
542 2498 580 2562 τὸ
603 2501 782 2564 πιστεῦσαι
812 2493 901 2583 αύτῷ
929 2496 986 2562 τὸν
1009 2492 1154 2584 ἀδελφὸν
1178 2522 1255 2564 συν·
1267 2518 1295 2569 1⁸

231 2596 320 2680 ήχθη
345 2595 430 2679 πρὸς
452 2592 552 2661 αὐτὸν
574 2593 593 2681 ή
616 2602 775 2711 γερουσία
797 2596 852 2660 καὶ
874 2595 906 2660 οἱ
929 2590 1061 2680 ἀρχηγοὶ
1091 2598 1149 2660 τοῦ
1173 2597 1255 2661 λαοῦ

231 2689 300 2760 κατ’
326 2693 430 2759 ἐκεῖνο
453 2697 577 2775 καιροῦ.
622 2718 675 2759 και
698 2692 782 2776 μετὰ
804 2697 907 2758 ταῦτα
928 2717 1080 2775 κρατυνοι
1081 2699 1167 2758 ιίνου
1195 2696 1255 2759 τοῦ

232 2790 329 2875 ἔργου
357 2791 412 2856 καὶ
440 2816 498 2875 της
519 2786 723 2909 ἀκολουθίας
751 2796 970 2905 συναγομένης
998 2789 1230 2872 διεπέρασε
1197 2816 1255 2876 την

232 2888 420 2954 θάλασσαν.
466 2895 520 2953 καὶ
543 2885 639 2953 ούπω
661 2912 745 2974 ησαν
768 2891 850 2955 κατὰ
878 2888 935 2953 τὸν
960 2887 1074 2968 νόμον,
1108 2887 1171 2965 εἰος
1199 2881 1255 2953 ὅτε

208 2987 345 3071 σκύριος
367 2979 466 3050 αὐτὸν
488 2986 638 3051 καλά’
610 3011 656 3063 εις
678 2986 716 3051 τὸ
740 2985 826 3069 ύρος.
872 2988 991 3052 δίδωσι
1020 2986 1055 3050 δὲ
1083 2981 1171 3070 αύτῷ
1195 2982 1294 3062 τὰςνι)

232 3084 360 3166 πτύχας
387 3085 441 3149 καὶ
472 3079 704 3149 ὑποδείκνυσιν
736 3080 824 3169 αύτῷ
854 3082 970 3168 σκηνήν
1001 3081 1252 3175 κατασκευάσαρ,

231 3179 393 3267 δρχηγούς
420 3206 457 3247 τε
485 3179 762 3266 προστήσασθαι,
794 3180 983 3263 δεκάρχοος,
1014 3177 1254 3261 νιεντηκοντύρ-

228 3304 322 3363 χούς,
358 3276 626 3359 ἑκατοντάρχους,
660 3279 858 3359 χιλιάρχους.
907 3280 959 3341 καὶ
996 3271 1074 3359 ὁρᾷς
1111 3278 1184 3350 πῶς
1212 3273 1254 3340 τὰ

231 3378 412 3462 πράγματα
427 3374 627 3441 πλατύνεται
636 3404 646 3453 ,·
675 3372 746 3457 ὅρα,
764 3373 856 3458 φησὶ,
877 3371 1030 3457 ποιήσεις
1045 3371 1155 3437 στάντα
1171 3371 1254 3438 κατὰ

231 3474 290 3541 τὸν
317 3473 424 3540 τύπον
452 3473 510 3538 τὸν
538 3474 712 3553 δειχθέντα
745 3494 801 3535 σοι
833 3469 867 3535 ἔν
894 3472 941 3554 τῷ
971 3466 1040 3551 ὄρει
1063 3471 1154 3535 Σινᾶ.
1199 3474 1294 3547 zaim

231 3570 312 3660 δρᾷς
334 3575 409 3648 πῶς
430 3576 621 3654 προσετέθη
649 3572 689 3654 τῇ
711 3573 897 3653 νομοθεσίᾳ
920 3565 1107 3648 ἑπτύμυξος
1128 3567 1252 3649 λυχνία,

231 3670 362 3756 ποδήρη
387 3667 534 3753 ἱερατικά
562 3666 741 3749 ἐνδύματα,
777 3665 926 3742 κώδιονίς
952 3691 988 3730 τε
1014 3664 1069 3729 καὶ
1096 3665 1250 3747 μανδύαι,

230 3769 400 3851 ἐπωμίδας
421 3792 457 3832 τε
478 3769 531 3831 καὶ
555 3763 709 3847 κιδάρεις,
733 3769 848 3843 μίτραι
869 3787 905 3829 τε
926 3765 981 3827 καὶ
1003 3761 1110 3826 λίθων
1130 3761 1253 3845 διαφύ-

231 3892 298 3950 ρισν
321 3870 506 3941 συνθέσεις,
529 3865 662 3938 κύαθοι,
695 3865 842 3938 θυίοκαι,
875 3862 1036 3942 λουτήρες,
1066 3858 1251 3943 θυσιαστή·

209 3986 297 4047 τρια,
321 3962 469 4045 τρυβλία,
492 3960 694 4043 μασμαρὼθ,
718 3955 815 4025 ύτινύ
831 3959 902 4024 ἐστι
918 3955 1140 4040 διύληστή-ρια,
1161 3956 1295 4037 μιδι-θθ

233 4059 318 4138 κεδθ,
343 4055 440 4124 ἅτινα
461 4059 638 4124 καλοῦνται
660 4058 799 4133 κύαθοι,
828 4051 1011 4137 μαχιυνιὺθ,
1041 4053 1164 4128 αἵτινες
1187 4051 1249 4119 εἰσί

230 4156 363 4242 βάσεις,
393 4159 445 4222 καί
470 4152 598 4236 ὅσαπερ
629 4149 770 4236 δνδμος
793 4153 993 4234 διαλέγεται,
1022 4151 1174 4231 Χεροβίμ
1196 4152 1250 4216 καὶ

229 4256 272 4321 τὰ
285 4251 382 4332 ἄλλα,
405 4252 544 4338 κιβωτὸς
560 4250 732 4336 διαθήκης,
756 4245 936 4336 ἀναφοραῖς
950 4269 985 4311 τε
1001 4249 1055 4312 καὶ
1073 4243 1250 4328 δακτύλιοι,
1314 4338 1324 4350 Ι
