2867 5084
266 925 330 986 434
497 935 703 986 σαιολσιον
720 935 815 985 κιαι
834 935 1021 983 mmmm
1037 936 1066 982 r.

259 1111 328 1164 τως
355 1085 411 1153 καὶ
438 1081 585 1163 ἀπαθῶς
611 1086 811 1172 γεννησάσης
845 1084 901 1149 τὸν
929 1086 1105 1169 μονογενῆ,
1140 1077 1293 1165 ἀχρὸνως

260 1182 317 1250 καὶ
339 1180 496 1267 ἀνάρχως,
519 1187 571 1249 καὶ
597 1183 632 1261 ἐξ
652 1178 752 1269 αὖνής
775 1182 993 1267 ἐξαγαγοόσης
1009 1181 1047 1248 τὸ
1069 1177 1165 1264 άγισν
1184 1184 1292 1247 πνεῦ·

260 1306 316 1363 μα,
340 1284 394 1346 καὶ
418 1275 475 1345 οὐκ
498 1281 532 1359 ἐξ
554 1275 610 1345 οάκ
634 1277 748 1357 ὄντων,
773 1282 890 1364 σαφῶς
913 1279 946 1344 ἐν
969 1282 1008 1364 τῇ
1027 1274 1105 1364 ἁγίᾳ
1120 1279 1289 1364 καθολικῇ

261 1375 415 1464 ἐκκλησίᾳ
437 1372 630 1462 ἀρθοδόξως
653 1373 832 1459 όμοοόσιος
854 1373 981 1461 ήτριάς
996 1374 1200 1491 κηρύττεται,
1225 1402 1289 1488 μη-

237 1472 355 1552 δάενὸς
384 1479 450 1542 τῶν
478 1481 694 1588 κεκτισμένων
724 1476 905 1555 δυναμένου
932 1478 979 1559 τῷ
1010 1470 1150 1556 ὀνόματι
1177 1471 1316 1558 τοίτιμο

261 1573 450 1651 καλεῖσθαι,
476 1573 532 1638 διὰ
553 1571 592 1637 τό
614 1571 696 1657 μήτε
717 1571 801 1637 κατά
824 1568 926 1657 φύσιν
949 1566 1035 1637 εἶναι’
1056 1596 1089 1635 τι
1105 1567 1227 1653 ὅμοιον
1242 1573 1288 1655 τῷ

260 1680 432 1754 μονογενεῖ
464 1695 517 1734 και
540 1673 587 1754 τιό
611 1665 694 1754 άγίφ
716 1668 882 1785 πνεήματι
906 1667 987 1754 μήτε
999 1650 1092 1734 κατὰ
1113 1667 1153 1733 τὸ
1174 1674 1287 1752 σέβας.

259 1764 303 1831 τά
329 1768 389 1847 μὲν
422 1766 483 1849 γάρ
514 1767 603 1832 ἐστιν
636 1767 671 1844 ἐξ
698 1760 757 1831 οὐκ
787 1763 891 1831 όντων
919 1772 1126 1848 κεκτισμίνα,
1161 1768 1221 1831 καὶ
1250 1760 1289 1830 οὗ

259 1864 479 1945 προσκονητά,
503 1859 522 1948 ή
546 1864 581 1928 δὲ
603 1863 697 1946 τριάς
721 1858 773 1929 άεί
796 1864 895 1942 ἐστιν,
920 1858 938 1928 ὁ
961 1863 1070 1948 πατήρ
1097 1862 1211 1949 πατὴρ
1235 1868 1288 1927 τέ-

222 1959 358 2037 ίῡλειος,
382 1960 437 2025 καὶ
460 1956 477 2024 ὁ
500 1960 571 2038 οἷὸς
594 1960 665 2038 υἱὸς
686 1962 811 2038 τέλειος
832 1961 866 2027 ἐκ
881 1961 1009 2044 πατρὸς
1023 1962 1206 2046 γεννηθεὶς,
1233 1967 1287 2025 καὶ

258 2056 299 2126 τὸ
321 2061 452 2139 πνεῦμα
474 2057 512 2122 τὸ
529 2053 631 2180 άγιον
654 2061 785 2140 πνεῦμα
807 2059 932 2125 τέλειον
955 2057 989 2124 ἒκ
1011 2057 1139 2142 πατρὸς
1162 2059 1290 2141 προελ-

258 2157 325 2223 θόν
347 2158 401 2220 καὶ
424 2159 482 2220 τοῦ
506 2156 577 2221 οιοῦ
539 2156 778 2339 γλαμβάνον.
824 2159 878 2221 καὶ
901 2155 1012 2221 πάντα
1034 2150 1112 2240 ἡμῖν
1135 2155 1289 2240 φωτεινὰ

260 2284 367 2416 οὐδὲν
361 2277 565 2429 σκολιὸν,γ”
544 2378 562 2436 η
588 2306 745 2428 ἒνάντίον,
770 2345 789 2434 ή
813 2291 1083 2436 στραγγαλιῶδες.

222 2465 250 2515 15
343 2447 409 2513 κδ’.
445 2448 487 2513 Εἰ
515 2452 554 2532 τῇ
584 2451 641 2512 τοῦ
669 2447 869 2532 γεννήματος
897 2443 995 2535 οὐσίᾳ
1023 2455 1337 2533 σονεμφαίνεταιίλῖῦ

260 2541 304 2623 ὥς
327 2541 418 2610 αἰτία
441 2540 459 2628 ή
483 2540 656 2630 ἀγέννητος
684 2543 886 2624 ὑπόστασις,
921 2546 1003 2612 κατὰ
1032 2546 1142 2629 πάσης
1172 2546 1288 2626 αἰτίας

257 2641 296 2707 τὸ
320 2637 574 2723 ἀπαράλλακτον
604 2642 731 2722 ἐ’χονσα,
761 2639 941 2709 αὖτοουσία
964 2648 1053 2709 ἐστὶν
1076 2639 1285 2727 ἀσύγκριτος,

259 2733 317 2805 οάκ
354 2737 479 2815 ἔξωθεν
517 2747 766 2824 σονοφαίνοσσα
803 2740 840 2805 τό
878 2736 1078 2825 ἀπρόσιτον,
1123 2735 1208 2806 αὐτὸ
1250 2745 1286 2809 δὲ

257 2830 467 2919 ὑπάρχουσα,
508 2829 700 2919 ἀσύγκριτος
740 2841 793 2903 καὶ
835 2832 1033 2922 ἀπρόσιτος,
1075 2838 1192 2925 ἐπειδὴ
1230 2844 1285 2906 καὶ

219 2925 440 3016 λθάγέννητος.

340 3024 538 3117 Ἀνατροπή.
570 3031 738 3107 Πολλάκις
759 3032 842 3098 κατὰ
864 3036 929 3098 τῶν
946 3028 1197 3111 αάτῶνἈέτιος
1222 3041 1312 3120 spele

255 3151 358 3211 ρεται,
393 3124 507 3210 ὥσπερ
536 3131 588 3193 καὶ
619 3123 717 3205 αὐτὸς
746 3131 906 3208 πολλάκις
934 3131 1026 3216 ἔφην,
1057 3131 1104 3208 εἰς
1130 3132 1286 3213 κάματον

254 3222 357 3306 μόνον
379 3221 465 3309 ἡμᾶς
488 3232 597 3312 φέρων
620 3230 672 3292 καὶ
697 3222 792 3293 οὐδὲν
808 3229 1054 3343 περισσότερον.
1089 3228 1144 3293 διὸ
1166 3232 1224 3295 καὶ
1250 3230 1286 3296 ἐν

255 3344 302 3404 τῳ
331 3322 475 3406 παρόντι
497 3318 636 3409 ἀνάγκην
666 3325 801 3406 ἔσχομεν
832 3330 878 3411 τῷ
908 3324 1042 3410 καμάτῳ
1070 3332 1288 3408 προσθεῖναι

218 3439 308 3492 nnat
332 3417 373 3484 τά
395 3416 478 3484 αὐτὰ
500 3431 571 3498 τοῖς
595 3416 708 3499 αὐτοῖς
731 3424 982 3507 ὁεοτερολογεῖν,
1017 3422 1202 3508 ἐπειδήπερ
1227 3426 1287 3491 καὶ

256 3505 345 3599 αὐτῷ
369 3511 474 3593 οὕτως
497 3518 615 3596 ἔδοξεν.
663 3521 692 3586 εἰ
721 3520 782 3604 γὰρ
804 3519 920 3606 καλιῇ
949 3519 1151 3605 γεννήματος
1181 3517 1288 3611 ουσίᾳ

255 3618 512 3747 σονεμφαίνεται
540 3611 559 3701 ή
577 3613 767 3733 ἀγέννητος
791 3617 990 3730 γεννήσασα,
1025 3611 1120 3683 οὐδὲν
1156 3619 1288 3689 διοίσει

253 3711 313 3774 τοῦ
336 3702 524 3793 ἀξιώματος
545 3716 591 3798 τιῦ
614 3717 729 3797 γεννᾶν
753 3740 770 3778 ο
792 3716 953 3801 γεννήτωρ
976 3715 1014 3780 τὸ
1034 3724 1286 3803 γεγεννημένον.

254 3802 350 3885 ἐξί
311 3830 413 3872 αοτσο
434 3807 496 3892 γάρ
518 3809 685 3895 ἐγέννησεν
709 3806 880 3890 οὗσιωδως
902 3816 1033 3895 πνεῦμα
1062 3812 1098 3879 ίκ
1126 3815 1288 3900 πνεύμα-

214 3926 318 3983 εοιος,
342 3907 396 3970 καὶ
419 3902 457 3971 οὐ
480 3911 577 3991 σῶμα
599 3907 633 3974 ἐκ
655 3907 818 3991 σώματος.
855 3909 908 3975 διὸ
930 3906 1133 3994 άσογιρίτως
1157 3937 1286 3999 συνεμ-

254 4009 408 4115 φαίνεται
435 4012 640 4089 σομπρέπων
670 4001 687 4069 ὃ
714 4005 875 4119 γεννήτωρ
903 4032 950 4092 τιμ
972 4014 1198 4119 γεγεννημένῳ
1227 4018 1317 4081 καλε

253 4092 271 4160 ὁ
298 4109 526 4211 γεγεννημένος
553 4129 599 4223 τφ
627 4101 839 4188 γεγεννηκότι
883 4102 958 4171 οὒτε
985 4107 1048 4190 γάρ
1076 4111 1287 4197 προσθήκης

253 4193 413 4263 δεῖται
382 4219 420 4259 το
443 4200 589 4277 θεῖον,“
574 4226 628 4265 ινα
650 4201 734 4264 ποτὲ
756 4201 866 4287 πατήρ
890 4202 1008 4287 κληθεί
1009 4228 1037 4286 η,
995 4205 1149 4270 ίποτὲ
1167 4205 1275 4274 δὲ
1230 4231 1286 4290 ου,
