2867 5084
266 941 306 1003 74
490 952 697 1005 τιτιυιυιου
712 954 809 1004 xm
826 954 1013 1004 κιυτττιιυ
1029 956 1059 1004 υ.

349 1112 400 1175 53.
435 1103 485 1170 Τά
514 1104 551 1171 δὲ
578 1102 662 1171 ἄλλα
687 1104 804 1193 χλεόης
831 1105 973 1188 ἔμπλεα,
1005 1102 1050 1184 ὡς
1078 1105 1111 1172 σί
1139 1104 1285 1174 ἐκλεκτοί

264 1197 372 1272 αότιόν
400 1201 604 1286 καλούμενοι.
649 1201 705 1268 καὶ
733 1206 780 1288 τῷ
807 1203 867 1286 μέν
896 1200 967 1269 όντι
996 1202 1187 1290 ἐξελέγησαν
1214 1198 1285 1271 όπό

262 1305 321 1368 τοῦ
351 1301 509 1387 διαβόλου
532 1299 579 1379 εἰς
600 1299 799 1384 κατάκριμα,
830 1296 924 1379 ὅπως
945 1303 1110 1389 πληρωθῇ
1132 1300 1171 1366 τὸ
1194 1301 1285 1388 είρη-

262 1405 360 1482 μένον
390 1401 463 1466 “nai
492 1398 534 1464 τὰ
559 1396 720 1484 βριόματα
750 1391 849 1463 αότοό
878 1397 1034 1466 ἔκλεκτά”.
1078 1398 1198 1467 ἐκεῖνοι
1218 1398 1283 1485 γὰρ

240 1495 481 1579 οκαθεζόμενοι
501 1499 642 1584 κηφῆνες
663 1499 717 1562 καὶ
740 1497 841 1582 μηδὲν
864 1495 1089 1581 ἐργαζόμενοι,
1112 1490 1197 1563 άλλά
1219 1521 1284 1563 πε-

262 1593 507 1681 ριεργαζόμενοι
529 1597 583 1661 καλ
604 1595 687 1680 μηδὲ
708 1594 922 1678 γινώσκοντες
945 1588 996 1672 οἷς
1013 1593 1310 1681 έπικηρυκεόεταιΒ

263 1689 281 1760 ό
304 1689 397 1778 όίγιος
419 1689 624 1770 ἀπόστολος,
654 1693 756 1777 λέγων
782 1687 827 1770 ιός
848 1691 931 1758 κατὰ
953 1698 1160 1778 προφητείαν
1182 1691 1284 1777 γινώ-

263 1815 348 1857 σκων
377 1786 430 1855 ότι
451 1784 510 1854 οόκ
532 1788 567 1855 έκ
588 1792 646 1874 τῆς
667 1792 726 1854 τοῦ
749 1791 833 1854 θεοῦ
856 1791 1071 1867 διδασκαλίας
1094 1789 1283 1875 ἐπιφοιτῶ-

263 1911 325 1968 σιν,
350 1883 433 1955 άλλά
456 1886 490 1953 έκ
511 1890 569 1952 τοῦ
593 1885 751 1970 διαβόλου
775 1886 1067 1973 ἐμβεβροντημένοι
1083 1888 1169 1964 τινές
1185 1880 1282 1971 άρμολ

226 1987 316 2053 ίθκαὶ
340 1979 501 2063 αόθάδεις
523 1986 639 2062 κακῶν,
672 1983 792 2070 φάσκει
815 1986 916 2070 λέγων
940 1979 979 2048 “ό
1001 1984 1045 2069 μὴ
1069 1983 1285 2070 ἐργαζόμενος

261 2084 344 2169 μηδὲ
368 2084 521 2162 ἐσθιέτω,
545 2082 600 2148 ἵνα
622 2080 838 2168 παραχαράξη
860 2081 919 2149 τίν
934 2085 1000 2147 τῶν
1015 2088 1188 2167 παρέργων
1204 2081 1285 2148 τοό·

261 2207 327 2249 των
351 2177 526 2249 ὑπόθεσιν.
572 2178 852 2262 παρακελεύονται
879 2168 1029 2258 οὖντοῖς
1052 2176 1159 2246 αὐτῶν
1181 2205 1285 2266 κατη-

259 2286 432 2364 χουμένοις
458 2285 591 2366 τρέφειν
614 2275 734 2355 αότοός
757 2278 918 2360 δαψιλῶς.
964 2277 996 2343 οἱ
1020 2277 1055 2344 δὲ
1077 2280 1145 2344 πᾶν
1169 2272 1284 2344 ότιοῦν

261 2373 437 2464 ἀναγκαῖον
460 2383 691 2464 προσφέρουσι
713 2385 785 2454 τοῖς
808 2375 969 2454 ἐκλεκτοῖς
991 2374 1124 2454 ἑαυτῶν,
1149 2375 1204 2441 ἵνα
1223 2375 1284 2461 δη-

226 2484 322 2544 ίδθεν
346 2474 481 2562 εὐσεβὴς
503 2471 627 2561 ὀφθείη
650 2480 781 2560 τρέφων
803 2474 862 2550 τάς
884 2473 992 2557 ψυχὰς
1013 2470 1072 2550 τὰς
1095 2473 1310 2557 &alelmi-c

262 2600 327 2653 νας.
360 2575 391 2640 οί
416 2575 451 2639 δὲ
468 2572 631 2656 λαβόντες,
657 2567 702 2648 ιός
716 2569 845 2654 γέλοιόν
861 2569 950 2638 ἔστιν
967 2569 1083 2649 εἰπεῖν,
1107 2571 1283 2655 προφάσει

259 2676 318 2738 τοῦ
341 2669 505 2750 εόξασθαι
526 2664 610 2751 όπὲρ
633 2671 698 2732 τῶν
723 2666 930 2752 ἕνηνοχότων,
953 2668 1078 2753 μᾶλλον
1102 2669 1138 2733 δὲ
1160 2667 1279 2750 σχεδὸν

260 2769 403 2851 κατάραν
427 2763 540 2843 αὐτοῖς
563 2766 795 2842 ἐπιτιθέασιν,
820 2763 1142 2851 έπιμαρτυρησαντες
1164 2759 1282 2845 αὐτοῖς

260 2872 374 2932 κακίαν
401 2866 526 2947 μᾶλλον
557 2858 575 2946 ἢ
605 2859 842 2946 άναθωσόνην·
874 2863 1039 2950 φάσκουσι
1066 2861 1128 2947 γὰρ
1156 2859 1280 2941 οὕτως·

222 2959 313 3028 τσότι
342 2962 404 3048 ἐγώ
435 2957 492 3026 οἰκ
516 2958 655 3042 έσπειρά
678 2983 730 3038 σε,
762 2954 819 3025 οόκ
842 2959 981 3045 έθέρισό
1004 2983 1056 3038 σε,
1087 2955 1144 3026 οόκ
1166 2958 1280 3047 ἤλεσα,

260 3060 307 3138 είς
334 3062 488 3143 κλίβανον
518 3053 574 3124 οόκ
597 3058 744 3140 ἔβαλλον.
791 3054 890 3136 ἄλλος
912 3056 1037 3141 ἤνεγκε,
1067 3065 1120 3123 καί
1144 3058 1278 3144 ἔφαγον.

259 3152 407 3236 άναίτιός
430 3157 507 3239 εἰμι.
531 3159 584 3221 καί
606 3156 732 3236 μᾶλλον
748 3154 996 3240 πονηροποιοός
1013 3152 1186 3233 ὑπέδειξαν
1202 3155 1282 3235 τοὶς

259 3256 383 3323 ἑαυτῶν
405 3264 550 3342 τροφεῖς.
581 3250 717 3336 καὶγὰρ
742 3247 874 3337 άληθές.
906 3253 973 3318 ἔδει
995 3251 1055 3336 γὰρ
1078 3251 1136 3316 τόν
1159 3246 1280 3336 άρνοό-

258 3376 355 3436 μενον
384 3353 440 3417 τὸν
470 3350 552 3418 θεὸν
579 3349 636 3415 τὸν
665 3350 853 3434 ποιήσαντα
878 3347 989 3416 πάντα
1010 3351 1094 3436 μηδὲ·
1117 3344 1186 3416 άπὸ
1211 3352 1279 3416 τιόν

220 3453 317 3519 τοτοό
345 3452 429 3515 θεοῦ
457 3453 643 3535 τρέφεσθαι
671 3441 739 3512 κατ’
765 3448 942 3530 εἰρωνείαν.
988 3441 1082 3514 αὐτοὶ
1105 3448 1141 3513 δὲ
1164 3442 1203 3513 οό
1225 3454 1307 3514 τέ·[)

257 3569 378 3631 μνουσι
394 3544 451 3611 τόν
466 3545 595 3629 βότρυν,
620 3540 703 3610 άλλά
719 3544 875 3611 ἐσθίουσι
889 3545 946 3611 τὸν
960 3543 1092 3630 βότρυν,
1116 3545 1171 3610 ἵνα
1187 3544 1278 3631 ἔλεγ-

256 3647 369 3729 χθῶσι
395 3643 594 3709 παντάπασι
625 3648 733 3728 μέθην
764 3644 890 3725 μᾶλλον
925 3643 1052 3723 ἔχοντες
1082 3639 1166 3729 ἥπερ
1196 3637 1278 3729 άλη-

258 3747 357 3819 θείας
379 3733 554 3826 ἀνάληψιν.
586 3751 686 3806 ποῖον
708 3739 769 3826 γάρ
793 3740 924 3807 ἔστιτὸ
948 3738 1131 3824 δεινότερον
1139 3769 1150 3821 ,·
1174 3734 1192 3805 ό
1215 3743 1276 3824 μὲν

257 3839 318 3926 γὰρ
346 3840 470 3922 τρυφῶν
508 3833 600 3916 ἅπαξ
635 3837 729 3921 ἔτεμε
765 3837 822 3904 τόν
857 3837 995 3921 βότρυν,
1027 3832 1044 3902 ό
1079 3839 1115 3903 δὲ
1148 3836 1275 3904 ἐσθίων

218 3936 315 4008 υοδιόι
345 3937 411 3999 τῶν
442 3933 638 4021 μασητηρων
668 3936 721 4000 καί
758 3935 814 4001 διά
841 3938 899 4000 τοό
930 3935 1170 4018 καταδαμάζειν
1201 3936 1276 4002 ἕκα-

258 4058 337 4102 στον
361 4030 474 4097 κόκκον
501 4033 626 4116 μᾶλλον
659 4034 901 4110 πολυιτλασίως
923 4031 1099 4115 ἕβασάνισε
1121 4035 1175 4098 καὶ
1206 4033 1272 4100 έτε·

257 4157 316 4218 με,
346 4131 400 4195 καὶ
430 4124 487 4211 οὐχ
516 4125 631 4213 ὅμοιος
660 4125 767 4196 οὐκέτι
801 4130 894 4196 έσται
921 4132 967 4213 τῷ
1000 4135 1153 4214 τέμνοντι
1182 4126 1277 4210 ἅπαξ

257 4226 276 4299 ὁ
305 4225 536 4311 μασησάμενος
569 4229 621 4293 καί
649 4227 937 4313 καταδαπανησας.
983 4221 1051 4293 ἀλλ’
1083 4227 1139 4294 ἰ’να
1167 4225 1271 4311 μόνον
