2867 5084
253 976 316 1041 348
360 962 367 981 ’
489 990 689 1039 nummo?
706 989 801 1037 xm
819 984 1049 1037 μυττωτοῦ.

249 1140 308 1206 τόν
331 1142 470 1208 συνόντα
492 1138 630 1216 τούτοις.
671 1148 817 1205 κατοικεῖ
839 1138 875 1204 δὲ
897 1137 930 1204 ίν
953 1133 1042 1223 αὐτῷ
1063 1144 1125 1221 μία
1147 1137 1271 1223 θεότης

251 1237 436 1323 άφθαρτος,
460 1244 520 1317 μία
536 1235 657 1319 θεότης
673 1231 900 1319 άπερινόητος,
918 1231 1158 1320 άκατάληπτσς,
1177 1231 1312 1301 άνεκ-(ἕ

252 1334 418 1419 διηγητος,
448 1329 603 1416 δόρατος,
639 1332 756 1418 ἑαυτὴν
784 1331 989 1416 γινώσκουσα
1016 1332 1116 1417 μόνη,
1153 1333 1271 1418 ἑαυτὴν

252 1430 477 1517 ἐμφανίζουσα
500 1427 551 1507 οἷς
572 1429 742 1512 βούλεται,
778 1429 946 1511 μάρτυρας
967 1428 1065 1514 ἑαυτῇ
1089 1431 1273 1512 διεγείρου-

227 1540 303 1605 boa,
320 1530 475 1605 καλοῦσα,
493 1528 726 1610 προορίζουσα,
744 1525 935 1604 δοξάζουσα,
953 1522 1110 1605 ἒξῖίιδου
1124 1521 1272 1607 ῦιμοῦσα,

251 1619 439 1710 δγιάζουσα,
459 1625 662 1691 ἑνοποιοῦσα
677 1624 779 1688 πάλιν
791 1621 877 1704 πρὸς
891 1623 950 1709 τὴν
966 1622 1083 1708 ἑαυτῆς
1098 1623 1199 1701 δόξαν
1215 1627 1271 1688 καί

250 1729 365 1785 πίστιν
376 1718 416 1786 τά
431 1729 503 1803 τρία
515 1725 627 1796 ταῦτα,
638 1720 828 1801 ἐπουράνια,
838 1723 890 1784 καί
904 1719 1042 1803 ἐπίγεια,
1051 1718 1271 1801 καταχθόνια,

249 1822 388 1898 πνεῦμα,
415 1818 529 1903 ψυχὴν,
554 1817 667 1898 σάρκα,
692 1825 816 1894 πίστιν,
841 1817 971 1893 ἐλπίδα,
988 1812 1127 1900 ἀγάπην,
1144 1818 1274 1898 παρελ-

250 1913 366 1991 θόντα,
377 1915 548 1991 ἐνεστῶτα,
556 1916 728 1996 μέλλοντα,
737 1914 842 1978 αἰῶνα
855 1914 984 1991 αίῶνος,
994 1914 1117 1990 αἰῶνας
1127 1912 1271 1991 αίῶνιον,

212 2010 399 2094 1οσάββατα
408 2011 592 2095 σαββάτων,
602 2010 784 2096 περιτομὴν
794 2011 922 2093 σαρκὸς,
932 2010 1270 2096 περιτσμηνκαρδίας.

250 2107 431 2192 περιτομὴν
454 2111 603 2191 Χριστοῦ
626 2108 659 2172 ίν
682 2112 721 2191 τῇ
745 2103 923 2174 ἀπεκδύσει
944 2111 1003 2172 τοῦ
1026 2107 1180 2189 στόματος
1201 2111 1325 2173 naun·

249 2200 428 2289 ἁμαρτιῶν.
452 2206 600 2271 καθόλου
611 2214 838 2288 καθαροποιεῖ
851 2204 948 2290 ἑαυτῇ
964 2205 1073 2270 πάντα
1084 2203 1126 2269 τά
1139 2199 1271 2288 άόρατα

249 2302 367 2368 καὶτὰ
390 2299 507 2385 όρατὰ,
532 2304 690 2386 θρόνους,
721 2305 928 2385 κυρτότητας,
958 2296 1071 2384 άρχὰς,
1105 2302 1269 2381 ἐξουσίας,

250 2400 412 2481 δυνάμεις.
456 2402 489 2465 ίυ
512 2405 597 2465 πάσι
627 2403 662 2466 δὲ
686 2396 701 2463 ί
732 2397 812 2483 αότίγ
841 2408 946 2485 σοφία
973 2403 1025 2464 καὶ
1056 2398 1148 2485 φωνίγ
1179 2394 1270 2483 άγία,

145 2512 147 2517 “
210 2523 239 2572 15
249 2491 318 2561 άπὸ
341 2497 438 2582 δόξης
460 2499 507 2574 είς
530 2497 638 2574 δόξαν,
662 2494 755 2580 ἅγιος
777 2494 870 2580 άγιος
892 2493 983 2581 άγιος
1008 2500 1176 2582 φωνοῦσα,
1201 2522 1271 2560 πα-

248 2599 326 2674 τίρα
349 2594 381 2658 ίν
404 2594 475 2676 υίῶ,
506 2594 577 2658 υἱόν
601 2595 636 2657 δὲ
659 2592 692 2656 ίν
715 2598 816 2676 πατρὶ
846 2592 904 2657 σόν
927 2590 1008 2679 άγίφ
1031 2591 1206 2674 πνεύματι,
1242 2582 1271 2677 ᾦ

247 2684 267 2773 ἡ
298 2689 378 2766 δόξα
406 2694 458 2754 καί
488 2692 527 2753 τό
555 2689 673 2770 κράτος
702 2691 749 2766 είς
776 2690 852 2766 τοὺς
881 2690 1003 2766 αίιῦνας
1030 2692 1096 2754 τῶν
1126 2687 1272 2755 αίῶνων.

247 2779 341 2869 ἄμην.
387 2790 439 2848 καί
463 2786 531 2867 ίρεῖ
553 2779 571 2848 ὃ
595 2782 681 2849 οὕτω
705 2785 880 2866 πιστεύων,
904 2793 1032 2871 γένοιτο
1053 2792 1193 2870 γε’νσιτσ.

421 2986 665 3099 Πεπλήρωται
692 3003 738 3076 τὰ
765 3013 833 3078 τοῦ
853 3006 1101 3106 Ἀγκυρωτοῦ.

206 3203 238 3254 20
337 3180 380 3237 ΙΙ.
414 3175 477 3237 Καὶ
500 3176 603 3238 ταῦτα
625 3179 683 3254 μέν
707 3172 797 3239 ἔστιν
820 3170 841 3238 ἃ
862 3171 923 3260 ἤδη
950 3176 1026 3257 περὶ
1042 3175 1100 3257 τῆς
1115 3179 1321 3252 πίστεωςθυο

247 3268 374 3352 πατρός
395 3272 449 3335 καί
474 3271 545 3335 υἱοῦ
567 3273 620 3336 καί
645 3266 739 3355 άγίου
768 3269 955 3352 πνεύματος
976 3269 1159 3355 γράφοντες
1182 3272 1270 3336 κατὰ

245 3364 284 3430 τό
305 3366 508 3448 βραχύτατον
530 3363 621 3453 ἡμῶν
643 3372 700 3453 τῆς
721 3364 934 3453 μετριότητος
956 3365 1191 3453 ἐξηγησόμεθα
1214 3368 1271 3433 καὶ

245 3460 280 3527 ἐκ
301 3465 367 3525 τῶν
397 3471 655 3545 προρρηθέντων
683 3470 915 3546 παρεθέμεθα.
958 3466 1007 3530 ἔτι
1030 3466 1064 3528 δὲ
1089 3463 1273 3546 ἐπιμενοῦ-

243 3583 303 3640 μεν
326 3559 373 3635 είς
395 3558 554 3624 σιῗστασιν
575 3565 633 3644 τῆς
656 3561 781 3627 ἑαυτῶν
804 3563 894 3645 ζωῆς,
920 3556 1062 3644 εὐσεβῶς
1082 3569 1273 3645 μαρτυρίας

202 3661 401 3742 ᾖφίρσντες
422 3657 476 3720 καὶ
499 3655 535 3733 ἐξ
556 3653 663 3740 ὀρθοῦ
686 3661 844 3743 λογισμοῦ
869 3654 1010 3741 εῦσεβῶς
1032 3660 1111 3740 περὶ
1140 3658 1266 3745 θεότη·

247 3776 300 3832 τος
322 3751 610 3836 διαλαμβάνοντες.
657 3751 710 3819 ότι
732 3757 791 3837 μὲν
813 3754 874 3838 γὰρ
904 3754 938 3820 ίν
959 3765 1031 3831 τοῖς
1053 3753 1120 3837 πρὸ
1144 3754 1270 3821 τούτου

244 3846 428 3934 ἀπεδείχθη
457 3850 514 3915 διὰ
543 3851 677 3916 πολλῶν
704 3855 895 3936 μαρτυριῶν
929 3846 946 3914 ό
975 3850 1152 3936 μονογενὴς
1180 3874 1270 3937 συμ-

243 3947 398 4032 πράττων
421 3950 467 4032 tq]
492 3951 593 4030 πατρί
622 3951 675 4013 καὶ
702 3947 745 4014 τά
777 3949 834 4014 ίσα
857 3948 890 4013 ἐν
914 3945 1023 4014 άπασι
1051 3949 1187 4013 τελετῶν
1210 3956 1268 4015 καὶ

241 4044 461 4127 χαριζόμενος,
486 4040 530 4122 ῶς
546 4046 581 4125 ἐξ
595 4040 695 4110 αὐτοῦ
719 4039 774 4122 ῶν,
798 4047 851 4108 καὶ
867 4040 925 4110 οῦκ
945 4039 1079 4122 ἀλλοῖος
1095 4044 1189 4126 παρὰ
1205 4046 1268 4131 τὴν

201 4145 299 4208 θθτσῦ
323 4140 451 4225 πατρὸς
474 4142 611 4224 δύναμιν
633 4145 685 4208 καί
709 4140 865 4227 θεότητα,
890 4137 974 4207 ἀλλὰ
992 4137 1170 4222 όμοοάσισς
1192 4163 1296 4211 rto-B

241 4238 304 4322 τρὶ,
335 4232 372 4300 οὐ
400 4240 501 4321 μόνον
525 4242 559 4306 δὲ
589 4234 607 4303 ὁ
634 4239 720 4317 υίὸς,
755 4232 839 4304 ἀλλὰ
865 4242 919 4305 καλ
948 4239 987 4304 τὸ
1012 4235 1105 4324 ἅγιον
1130 4240 1267 4322 πνεῦμα
