2867 5084
234 916 297 978 448
465 926 779 978 ιιιιιοιυτουιιιτι
798 927 1029 976 mmmm.

234 1080 370 1164 μικροὺς
392 1076 621 1164 ὀνομάζοντες,
651 1081 709 1167 τῆς
731 1083 830 1155 θείας
857 1080 986 1164 γραφῆς
1016 1069 1117 1141 αῦτὸν
1139 1078 1251 1160 σαφοῦς

232 1179 432 1264 ἐλεγχούσης,
467 1182 519 1243 καί
544 1180 620 1260 περὶ
644 1176 771 1258 πατρὸς
800 1177 860 1257 μὲν
883 1174 1038 1260 λεγούσης
1067 1169 1113 1252 ιῦς
1135 1169 1154 1238 ὃ
1177 1175 1273 1250 θεδςο

233 1273 409 1361 ἀληθινὸς,
444 1279 497 1342 καί
521 1276 599 1358 περὶ
622 1275 694 1339 υἱοῦ
717 1273 755 1338 τὸ
778 1273 860 1349 θεὸς
889 1268 1060 1349 ὡσαύτως,
1097 1274 1150 1336 καὶ
1182 1275 1253 1354 περὶ

234 1373 361 1456 πατρὸς
382 1375 420 1439 τὸ
445 1378 517 1460 φῶς
541 1370 558 1437 ὁ
581 1371 672 1448 θεὸς,
708 1377 785 1453 περὶ
816 1371 851 1435 δὲ
874 1371 957 1447 υἱοῦ,
988 1358 1026 1452 ἦν
1054 1367 1094 1433 τὸ
1118 1372 1192 1454 φιῦς
1219 1369 1253 1433 τὸ

208 1466 405 1556 τάληθινὸν,
444 1475 497 1537 καί
527 1472 604 1553 περὶ
638 1465 733 1553 ἁγίου
761 1466 949 1548 πνεύματος
983 1463 1036 1530 ὅτι
1064 1466 1105 1531 τὸ
1128 1470 1253 1550 πνεῦμα

234 1573 291 1654 τῆς
315 1566 484 1655 ἀληθείας.
525 1562 695 1648 ἀληθινῶς
716 1571 827 1652 τοίνυν
842 1561 919 1650 ἡμῖν
938 1559 957 1648 ἡ
973 1563 1067 1647 τριὰς
1082 1567 1254 1650 καταγγέλ-

235 1669 327 1731 λεται
350 1667 382 1732 ἐν
407 1672 511 1751 σοφίᾳ
534 1667 587 1729 καὶ
610 1664 714 1746 [λάθει
737 1661 892 1727 πλούτου.

320 1771 347 1828 2.
387 1758 470 1827 Είτα
502 1760 605 1825 πάλιν
639 1755 850 1838 ἀκολούθως,
886 1762 983 1846 φησὶ,
1018 1761 1072 1823 καί
1103 1755 1171 1824 ύπὸ
1201 1762 1252 1824 τοῦ

234 1856 481 1935 ἀποσταλέντος
501 1854 603 1941 Ἰησοῦ
626 1860 786 1941 Χριστοῦ,
811 1862 864 1921 καί
888 1853 945 1923 οῦκ
961 1851 1090 1941 ᾐδέσθη
1108 1853 1253 1936 άπαξαύ·

199 1970 226 2018 10
235 1980 295 2033 σας
318 1955 374 2021 τὸν
396 1958 554 2040 μονογενῆ
578 1958 661 2020 θεοῦ
686 1952 857 2037 ὀνόματος,
882 1949 967 2020 ἀλλά
984 1952 1087 2036 μόνον
1111 1955 1196 2039 ψιλῇ
1218 1956 1250 2038 τη

235 2056 320 2132 λέξει
342 2059 500 2139 κέχρηται,
537 2048 581 2129 ιύς
604 2051 637 2117 ἕν
659 2063 731 2129 τοῖς
754 2047 912 2117 ἀνεστάτω
936 2047 1129 2137 ὡμολόγησε
1156 2046 1252 2138 κεφα-

236 2154 351 2229 λαίοις,
377 2153 438 2229 ἕως
462 2153 563 2236 ψιλῆς
587 2144 768 2232 ὀνομασίας
797 2155 901 2231 νέμων
933 2152 980 2233 τηῦ
1011 2150 1070 2234 υἱῷ
1095 2150 1134 2213 τὸ
1162 2156 1269 2233 γέραςί

235 2253 292 2314 τοῦ
317 2245 488 2332 ὀνόματος.
528 2250 613 2331 λέγει
643 2249 678 2312 δὲ
702 2247 768 2329 πρὸ
797 2246 926 2312 αἰώνων
954 2242 1151 2311 ὑποστάντα
1180 2242 1253 2332 ἀλη-

236 2351 308 2424 θοῦς
336 2347 392 2411 καὶ
421 2347 500 2413 ὄντα
534 2341 670 2430 ἀληθοῦς
692 2348 844 2429 γεννητης
871 2341 1098 2421 ὑποστάσεως.
1146 2347 1259 2430 διατη-

200 2459 226 2506 15
236 2445 328 2529 ρησει
357 2446 407 2521 δὲ,
438 2447 555 2530 φησὶν,
587 2438 656 2507 ἀπὸ
679 2445 736 2527 τῆς
760 2437 920 2525 ἀσεβείας.
966 2442 1070 2507 εἴωθε
1099 2444 1136 2508 δὲ
1165 2447 1259 2509 πᾶσα

236 2541 343 2627 φαύλη
367 2541 444 2627 γυνη
468 2541 545 2617 τοῦς
568 2535 667 2623 αῦτης
699 2538 845 2621 τρόπους
872 2538 986 2616 ἀλλοις
1009 2539 1279 2623 προλαμβάνειν

235 2642 344 2704 τεκαὶ
370 2638 590 2726 ἐπιφημίζειν.
641 2632 698 2717 οῦχ
728 2632 814 2719 ὁριῦν
841 2636 902 2721 γάρ
926 2637 973 2713 εἷς
1007 2632 1070 2701 ύσα
1098 2631 1278 2723 ἠσέβησεν

236 2734 352 2800 ἑαυτὸν
377 2730 492 2817 εῦσεβη
517 2734 650 2825 νομίζει,
684 2729 730 2810 ιύς
753 2734 785 2798 οἱ
808 2732 864 2818 τὴν
889 2736 1126 2817 παραπληξίαν
1148 2757 1302 2820 κεκτηκ

235 2837 329 2912 μένοι
363 2833 533 2912 νομίζουσι
562 2832 620 2911 μὲν
645 2831 781 2907 ἑαυτούς
811 2831 844 2896 ἓν
867 2831 1026 2917 φρονήσει
1058 2826 1153 2907 εἶναι,
1184 2833 1302 2910 wid

196 2931 271 2996 2065
295 2926 414 3005 ἀλλους
436 2931 682 3014 φρενιτιιῦντας.
715 2927 862 2993 ἐνταῦθα
886 2931 921 2994 δὲ
942 2929 975 2994 ἒν
993 2925 1302 3014 ΧριστηῦΊησοῦμ

114 3011 121 3029 ⁵
236 3022 312 3092 οῦδὲ
330 3029 395 3111 “τη”ι
412 3032 512 3111 κυρίῳ
528 3020 636 3111 ἡμῶν”
660 3024 837 3110 ἐτόλμησεν
853 3021 1049 3101 ἀποδοῦναι,
1075 3020 1144 3090 ἀλλ’
1163 3028 1302 3111 είρωκ

236 3127 332 3204 νικιῦς
348 3128 414 3211 “τηῦ
432 3126 556 3208 στατῆρι
570 3118 679 3206 ἡμιῦν”
692 3122 822 3208 ἔφησεν.
857 3122 911 3187 καὶ
927 3147 1011 3208 φησι
1027 3119 1089 3188 “δι’
1109 3114 1302 3192 ούπᾶσιύ

236 3223 316 3300 δόξα
338 3227 384 3308 τῷ
401 3224 513 3305 πατρὶ,
537 3221 590 3298 καὶ
608 3223 664 3284 νῦν
682 3223 735 3284 καὶ
752 3216 802 3285 άεὶ
826 3225 879 3284 καὶ
897 3222 943 3298 εἰς
959 3220 1035 3298 τοῦς
1051 3222 1176 3300 αιίῦνας
1191 3226 1254 3288 τιῦν
1272 3238 1301 3261 “

236 3321 374 3384 αίιύνων.
406 3315 518 3406 ἀμην.”
565 3321 618 3382 καὶ
649 3312 729 3382 αῦτὸ
761 3318 795 3381 δὲ
818 3314 987 3383 τὸείπεῖν
1012 3323 1129 3385 “πᾶσα
1159 3308 1301 3399 δύξα”’

196 3430 226 3480 25
236 3412 329 3493 ὅπως
351 3417 508 3500 περιάροι
530 3415 586 3480 τὸν
610 3414 680 3479 υἱὸν
704 3409 774 3479 ἀπὸ
796 3417 853 3499 τῆς
875 3419 972 3500 τιμῆς
994 3442 1029 3481 τε
1056 3420 1109 3482 καί
1142 3418 1256 3504 δόξης·
1286 3423 1302 3439 ”

236 3502 274 3576 οὗ
303 3508 410 3590 οὐδεὶς
444 3509 592 3590 ἀνέξοιτύ
621 3535 705 3577 ποτε
738 3514 804 3576 τιῦν
835 3507 977 3594 εῦοεμιῦν
1011 3517 1064 3579 καὶ
1095 3515 1130 3580 ἐκ
1159 3515 1258 3583 πνεύ-
1290 3539 1302 3553 ·

235 3632 338 3691 ματος
361 3605 455 3694 άγίου
478 3609 535 3693 τὴν
565 3608 690 3692 δωρεάν
717 3613 776 3693 τῆς
804 3603 966 3694 ἀληθινῆς
995 3617 1142 3691 πίστεως
1172 3614 1259 3700 εἰλη-

236 3731 358 3793 φοτων.

321 3811 349 3869 3.
385 3808 497 3869 Ταῦτα
526 3804 561 3869 δὲ
590 3803 702 3869 πάντα
731 3804 944 3887 διαλαβόντες
972 3805 1014 3871 τά
1042 3802 1110 3872 άπὸ
1140 3809 1259 3875 τούτου

197 3905 293 3967 δθτοῦ
314 3897 444 3968 Ἀετίου
468 3902 620 3986 εἰρημένα
644 3902 676 3967 ἒν
700 3903 885 3988 διαλεκτικῇ
911 3928 978 3968 τινι
993 3909 1086 3990 τέχνη
1109 3909 1165 3972 καί
1181 3908 1261 3972 συλ-

236 4002 402 4085 λογιστικῇ
438 3995 579 4084 ῦπονοίᾳ
614 3994 831 4082 ἀνθρωπίνης
859 4006 1058 4083 μαγγανείας
1093 4000 1127 4067 ἐν
1158 4028 1263 4090 κεφα-

236 4098 343 4174 λαίοις
366 4096 427 4176 λζ’,
458 4093 508 4175 οἷς
530 4099 689 4178 νουνεχῶς
719 4092 802 4176 ύμῦς
825 4097 967 4178 ἐντυχεῖν
991 4101 1261 4183 παρακαλοῦμεν.

234 4196 288 4279 καὶ
305 4189 406 4270 εῦθῦς
419 4196 479 4276 μὲν
496 4194 640 4272 εἴσεσθε,
666 4182 920 4273 αλλ’ριοτιανιῦν
938 4196 1058 4273 παῖδες
1073 4195 1130 4262 καὶ
1146 4199 1265 4267 δοῦλοι
