2867 5084
486 954 606 1007 LXXVI.
626 957 821 1006 Αποιιοιοι.
1101 946 1162 1007 397

134 1108 294 1193 μεμηνώς
315 1130 400 1173 ποτε
421 1106 573 1192 γεννητὸν
596 1106 717 1175 ἐνενόει
736 1108 828 1174 θεόν.
860 1102 929 1175 ἀλλ’
953 1103 1030 1174 οὐδὲ
1050 1115 1163 1193 χρείαν

137 1207 236 1287 ἔσχον
259 1204 366 1271 εἰπεῖν
391 1199 564 1291 ἀγέννητον
587 1204 668 1272 θεὸν
690 1204 793 1289 μόνον
815 1212 945 1287 πατέρα
972 1207 1027 1273 διὰ
1049 1206 1106 1271 τὸν
1129 1205 1165 1285 ἐξ

138 1300 242 1369 αὐτοῦ
264 1309 510 1388 γεγεννημένον,
549 1304 604 1369 ἰ’να
630 1302 674 1388 μή
702 1329 754 1380 τις
782 1303 837 1369 ἐπὶ
867 1308 913 1387 τῶ
942 1307 1044 1389 πατρὶ
1071 1304 1163 1391 μόνῳ

137 1406 260 1485 νομίσῃ
283 1403 382 1466 τοῦτο
406 1402 636 1484 πληροῦσθαι,
672 1396 757 1466 ἀλλὰ
788 1403 843 1466 καὶ
871 1402 927 1467 ἐπὶ
955 1406 1002 1487 τῳ
1026 1403 1086 1487 υἱῷ
1108 1405 1163 1470 καλ

106 1499 199 1569 ὓέπί
227 1502 274 1582 τῶ
297 1494 379 1584 ἀγίῳ
403 1498 582 1580 πνεύματι,
616 1502 673 1584 τῆς
702 1501 852 1576 διανοίας
885 1501 942 1584 τῆς
971 1493 1077 1585 ὀρθῆς
1109 1502 1187 1570 καλό

135 1599 198 1661 τοῦ
228 1595 415 1678 πνεύματος
444 1599 501 1660 τοῦ
536 1593 630 1682 ἀγίου
663 1597 878 1674 διδάσκοντος
911 1595 1039 1675 πάντας
1072 1597 1164 1675 υἱοὺς

137 1689 304 1779 ἀληθείας
335 1688 397 1778 ἀφ’
428 1694 553 1760 ἑαυτῶν
582 1693 626 1779 μη
661 1694 694 1759 ἐν
724 1697 917 1778 θαυμασμῷ
947 1698 1044 1761 τοῦτο
1069 1695 1162 1777 ἔχειν,

137 1788 226 1857 ἀλλὰ
248 1790 389 1856 κατὰτὸ
413 1787 658 1875 ἀπαιτούμενον
681 1795 735 1857 καὶ
759 1792 793 1857 έν
808 1792 914 1876 ἑαυτῷ
935 1789 1081 1876 όπάρχον
1103 1795 1163 1858 τοῦ

138 1890 228 1974 πρὸς
261 1885 428 1972 εὐσέβειαν
459 1892 617 1975 λογισμοῦ
647 1892 725 1973 περὶ
753 1893 836 1956 θεοῦ
867 1890 998 1956 εἰδέναι.
1048 1891 1099 1957 δεῖ
1127 1892 1163 1958 δέ

139 1985 259 2052 διὰτὸ
282 1981 456 2074 ἀγέννητον
479 1983 579 2054 αὐτόν
599 1982 693 2066 εἶναι,
718 1990 1022 2072 συνομολογεῖοθαι
1045 1990 1081 2054 δὲ
1104 1983 1160 2075 ἀφ’
1175 2010 1202 2057 ιο

137 2081 233 2171 ἡμῶν
255 2088 369 2164 τοῦτο,
405 2083 474 2151 ἀπὸ
501 2088 629 2172 γραφῆς
657 2086 693 2150 δὲ
723 2084 766 2171 μη
796 2085 879 2166 έχειν
902 2089 959 2171 της
982 2080 1163 2169 ὀνομασίας

137 2185 199 2247 τοῦ
228 2181 326 2267 λόγου
355 2183 413 2269 τὴν
442 2182 618 2261 σύστασιν,
656 2177 731 2247 ἀλλ’
763 2178 825 2269 ἀφ’
857 2183 982 2248 ἑαυτῶν
1012 2184 1068 2251 διὰ
1097 2188 1163 2250 τῶν

138 2283 308 2365 λογισμῶν
329 2278 388 2366 την
411 2275 579 2363 εὐσέβειαν
601 2280 722 2365 ταότην
745 2280 867 2346 εἰδέναι
889 2279 928 2344 τὸ
944 2277 1050 2359 οότιυς
1067 2276 1162 2347 εἶναι.

138 2378 189 2456 εἷς
211 2384 244 2444 τί
265 2377 325 2463 γὰρ
350 2375 465 2456 οόσίας
488 2378 581 2445 ἔσται
597 2378 771 2455 διάστασις
792 2376 831 2442 τό
845 2381 1012 2463 γεννηθὲν,
1037 2378 1066 2444 εί
1081 2378 1165 2445 κατὰ

85 2471 304 2560 οίνάληθειαν
331 2479 390 2541 τοῦ
418 2480 635 2562 γεγεννῆσθαι
659 2477 723 2557 ἔχει
745 2476 784 2539 τὸ
812 2474 917 2556 ὄνομα
946 2480 1067 2564 φυσικῇ
1097 2502 1164 2544 τινι
1176 2494 1202 2544 15

138 2578 194 2640 καὶ
225 2568 354 2660 ἀρρήτῳ
388 2575 629 2661 συμπρεποόση
659 2577 705 2658 τῳ
734 2576 805 2659 θεῷ
843 2573 897 2638 καὶ
926 2578 972 2658 τῳ
1002 2574 1036 2653 ἐξ
1064 2569 1164 2642 αὐτοῦ

139 2678 359 2758 γεγεννημένῳ
382 2667 528 2756 ἀχρόνως
550 2676 602 2738 καὶ
627 2668 776 2756 ἀνάρχιυς
798 2671 832 2737 έν
855 2665 1007 2757 ἀληθείᾳ,
1042 2677 1094 2739 καὶ
1125 2667 1163 2739 οό

137 2772 380 2855 καταχρηστικῇ
402 2796 468 2835 τινι
490 2766 651 2856 όπονοίῳ,·
676 2768 829 2836 ἐντεῦθεν
852 2764 889 2833 οό
906 2769 1038 2856 κτιοτην
1055 2796 1163 2858 φαμεν

138 2867 200 2953 τὴν
223 2861 348 2946 οὖσίαν,
373 2861 449 2934 οὐδὲ
472 2862 648 2951 ἀλλοτρίαν
672 2862 717 2944 ῶς
736 2867 887 2954 ποιητὴν,
912 2863 995 2934 ἀλλὰ
1010 2869 1163 2955 γεννητὴν

139 2960 323 3043 οόσιιυδῶς,
346 2971 399 3031 καὶ
424 2959 481 3030 οὐκ
504 2960 640 3030 ἀλλοίαν
663 2964 757 3049 παρὰ
778 2965 836 3030 τόν
851 2965 1071 3050 γεγεννηκότα.
1111 2966 1204 3036 διὸθο

138 3061 197 3130 καί
219 3061 373 3140 ἀκτιστος
396 3064 543 3145 διαμένει
576 3066 628 3128 καὶ
652 3058 691 3127 οὐ
714 3069 912 3148 ποιηθεῖσα,
948 3058 1032 3129 ἀλλά
1053 3089 1165 3148 γεννη-

138 3167 247 3227 θεῖσα
276 3160 310 3227 έκ
337 3163 395 3246 τῆς
423 3154 524 3246 αὐτῆς
551 3154 667 3237 οὐσίας
696 3163 797 3238 θεοῦ,
831 3154 870 3225 οὐ
897 3159 1002 3243 χρόνῳ
1036 3156 1165 3226 ἀποπί-

139 3280 284 3324 πτουσα.
323 3252 443 3341 οὐγὰρ
467 3252 484 3321 ό
507 3256 662 3343 γεννήσας
686 3257 719 3323 έν
743 3252 887 3341 ἀληθείᾳ
909 3254 1014 3341 χρόνῳ
1037 3254 1165 3325 ὑπέπε-

140 3378 209 3434 σεν,
232 3355 289 3421 ἵνα
307 3356 459 3442 χρονικην
483 3350 708 3455 όπορτησεται
724 3349 849 3419 οόσίαν.
880 3350 1000 3419 ὁποῖον
1015 3353 1076 3439 γάρ
1093 3354 1165 3422 ἐστι

138 3452 179 3518 τὸ
202 3458 354 3538 γέννημα,
377 3457 529 3531 τοιοῦτος
552 3449 570 3518 ό
591 3451 764 3538 γεννήτωρ,
794 3453 848 3517 καί
872 3448 991 3529 όποῖος
1014 3448 1032 3517 ό
1053 3453 1205 3540 γεννή-το

112 3574 219 3635 οτωρ,
242 3553 395 3628 τοιοῦτος
416 3550 471 3616 καὶ
494 3546 511 3615 ό
534 3555 771 3636 γεγεννημένος.

228 3646 268 3729 ς’.
306 3649 348 3714 Εἰ
369 3647 408 3713 τὸ
432 3643 604 3735 ἀγέννητον
632 3648 806 3734 έγεννηθη,
843 3653 877 3712 τί
904 3646 942 3713 τὸ
971 3650 1097 3712 κωλῦον
1125 3647 1164 3714 τό

138 3744 295 3831 γεννητὸν
318 3740 492 3833 ἀγέννητον
520 3752 704 3832 γεγονέναι,·
741 3747 867 3829 μᾶλλον
896 3745 957 3830 γὰρ
984 3749 1043 3810 τοῦ
1073 3741 1165 3811 ἀνοι-

137 3849 231 3910 κείου
253 3842 313 3911 έπλ
334 3843 373 3908 τό
396 3839 496 3931 αὐτῆς
518 3844 640 3910 οἰκεῖον
664 3843 831 3927 ἐπείγεται
852 3846 948 3908 πᾶσα
971 3842 1080 3928 ῳόσις.

223 3933 426 4027 Ἀνατροπή.
464 3942 506 4008 Εἰ
527 3940 566 4006 τὸ
590 3936 764 4026 ἀγέννητον
783 3940 921 4026 ἐποίησε
936 3943 990 4007 καί
1006 3936 1064 4006 οὐκ
1079 3940 1205 4026 έγίν-οο

138 4062 249 4124 νησεν,
273 4037 331 4105 έπλ
354 4043 412 4127 τῆς
432 4043 512 4123 μιᾶς
534 4038 734 4125 ταυτότητος
756 4044 956 4124 ταττομένης
970 4042 1028 4124 τῆς
1044 4033 1166 4122 ὀνομα-

111 4143 229 4215 ῦσίας,
252 4138 307 4201 καί
330 4142 476 4221 θατέρου
498 4142 633 4224 θατέρῳ
655 4134 699 4223 μη
716 4141 1011 4220 παρειτεινομένου
1035 4133 1091 4200 διὰ
1108 4138 1167 4222 τῆς

136 4234 227 4302 κατὰ
249 4231 413 4321 ἀλήθειαν
435 4230 652 4320 ἀντωνυμίας,
674 4230 693 4321 ἦ
717 4234 856 4318 δύναμις
878 4238 936 4321 τῆς
951 4238 1093 4317 σχέσεως
1108 4233 1167 4301 ἐπὶ

1073 4490 1286 4632 Α
