2867 5084
271 927 334 989 534
505 936 707 985 εσιοεσιοκ
726 936 820 984 xm
838 936 1025 985 Αινεαιιειιι
1040 936 1070 985 r.

269 1087 327 1155 διά
347 1087 386 1152 τὸ
410 1086 442 1154 έν
472 1079 615 1171 ἀληθεία
643 1090 871 1170 γεγεννημένον
903 1088 956 1151 καλ
985 1085 1024 1151 τὸ
1052 1085 1087 1151 ίκ
1114 1090 1202 1154 θεοῦ
1231 1085 1290 1176 555

266 1190 462 1268 τεταγμένον
485 1184 537 1247 καλ
560 1186 607 1266 εηῦ
630 1184 747 1266 δικαίην
770 1182 1067 1268 έπιγεγεννημένον.

355 1290 383 1347 6.
422 1282 489 1345 Καὶ
516 1279 624 1364 πάντη
653 1278 712 1356 τὰς
739 1278 870 1364 γραφὰς
905 1276 1032 1361 ὁρῶμεν
1064 1282 1347 1365 όιηγοομέναςλοέ]

265 1374 405 1456 Ἡσαΐας
426 1377 487 1462 γὰρ
510 1375 728 1459 προκηρότιει
756 1378 833 1457 περὶ
861 1377 927 1440 τῶν
949 1376 1137 1456 μελλόντων
1165 1378 1214 1457 είς
1235 1377 1290 1443 τόν

247 1474 340 1542 δαλόν
362 1478 420 1541 τοῦ
443 1477 526 1539 θεοῦ
549 1475 782 1556 πληροῦσθαι,
815 1474 917 1556 λέγων
941 1472 1044 1551 “5505,
1072 1470 1092 1562 5
1116 1481 1291 1557 παρθένος

268 1571 303 1638 έν
324 1574 439 1656 γαστρὶ
463 1571 537 1650 ἕξει,
561 1573 613 1634 καὶ
625 1572 753 1649 τέξεται
768 1570 849 1646 οἶόν,
866 1569 922 1634 καὶ
935 1571 1113 1637 καλέσουσι
1128 1571 1168 1638 τό
1185 1570 1291 1656 όνομα

269 1663 370 1735 αόιοῦ
390 1663 619 1755 Ἑμμανοοηλ.”
662 1670 715 1732 καλ
740 1666 855 1754 ἐπειδὴ
879 1673 1051 1751 παρθένος
1074 1659 1111 1756 ἦν
1136 1665 1155 1757 5
1179 1670 1290 1758 γεννη-

267 1789 355 1833 σασα
376 1767 431 1830 naz
453 1763 535 1842 θεὸς
564 1759 581 1828 ό
604 1759 681 1846 μεθ’
705 1759 798 1852 ἡμῶν
826 1763 1082 1880 ἑρμηνευόμενος
1104 1765 1140 1832 έν
1161 1769 1288 1850 γυναικί

265 1861 491 1945 κνϊσκόμενος,
523 1861 582 1927 ίνα
608 1861 719 1948 μὴν
686 1861 719 1928 έν
750 1856 959 1945 δισταγμιῦ“
942 1867 1104 1939 οπονοίας
1132 1866 1180 1949 τῷ
1205 1887 1289 1948 προ-

231 1976 353 2047 ιοφητη
376 1953 548 2044 γένηται(
530 1986 548 2046 η
572 1952 772 2047 555555‘
755 1961 818 2042 ορᾷ
846 1983 880 2023 εν
904 1953 1019 2042 ὁράσει
1047 1962 1100 2024 καλ
1124 1960 1289 2046 διηγεῖται

266 2055 302 2123 &a
330 2055 517 2138 πνεύματος
549 2050 643 2138 ἁγίου
678 2049 938 2140 ἀναγκαζόμενος
966 2050 984 2119 ό
1013 2055 1199 2143 προφήτης,
1236 2057 1289 2123 καὶ

267 2155 348 2240 φησὶ
383 2155 455 2218 “aaz
485 2152 622 2241 εἰσῆλθε
649 2152 735 2237 πρὸς
762 2152 820 2241 νην
848 2155 1045 2240 προφῆτιν,”
1074 2153 1289 2239 διηγούμενος

265 2252 342 2333 περὶ
365 2253 423 2338 τῆς
437 2253 495 2315 τοῦ
512 2247 659 2336 Γαβριὴλ
675 2246 880 2337 εῦαγγελικῆς
895 2248 1041 2328 είσόόοο,Ι
1061 2246 1098 2327 ῦς
1113 2245 1286 2332 ἀπεστάλη

264 2341 333 2412 ῦπὸ
354 2350 438 2414 θεοῦ
462 2347 688 2435 διηγήσασθαι
720 2346 778 2434 την
799 2350 996 2431 μονογενοῦς
1022 2346 1095 2413 οἱοῦ
1118 2350 1178 2412 τοῦ
1203 2348 1311 2416 θεοῦΒ

229 2445 396 2520 ιεείσοόον
420 2444 466 2520 είς
488 2444 544 2508 τόν
560 2442 683 2526 κόσμον
705 2446 759 2508 καὶ
774 2449 923 2529 γέννησιν
946 2440 1015 2510 άπὸ
1030 2450 1179 2525 Μαρίας.
1214 2450 1287 2512 “nai

265 2540 300 2608 έν
314 2543 429 2626 γαστρί
447 2541 560 2623 ἔλαβέ
583 2543 665 2626 φησὶ
689 2542 763 2606 “καλ
783 2540 888 2607 έτεκεν
906 2541 986 2606 οίόν.
1015 2543 1068 2606 καὶ
1085 2535 1161 2608 εἷπε
1175 2541 1288 2627 κύριος

263 2638 350 2721 πρός
370 2664 420 2721 με,
454 2638 591 2703 κάλεσον
614 2637 652 2701 τό
676 2634 782 2720 ὄνομα
803 2632 915 2716 αῦτοῦ,
944 2643 1067 2719 ταχέως
1094 2637 1287 2719 σκόλεοσον,

264 2729 365 2813 ὀξέως
386 2733 624 2816 προνόμεοσον,
654 2737 735 2817 πρὶν
757 2727 778 2821 5
799 2737 922 2817 γνῶναι
951 2735 990 2799 τὸ
1012 2735 1151 2800 παιδίον
1172 2739 1287 2803 καλεῖν

262 2837 392 2912 πατέρα
413 2826 434 2918 5
455 2836 589 2916 μητέρα,
624 2829 768 2918 λήψεται
797 2831 935 2914 δύναμιν
956 2835 1139 2914 Δαμασκοῦ
1167 2837 1288 2901 καὶτὰ

225 2929 367 2998 νοσκῦλα
387 2930 593 3009 Σαμαρείας”
615 2928 671 2992 καὶ
693 2927 735 2993 τό
757 2928 839 3016 ἑξῆς.
870 2931 924 2994 καλ
941 2928 1051 2994 πάντα
1066 2932 1172 2995 ταῦτα
1188 2928 1287 2997 οῦπω

262 3014 301 3114 ἦν
323 3025 545 3107 τετελεσμένα.
588 3023 708 3112 Ιη’μελλε
737 3026 773 3090 δὲ
791 3028 892 3096 ,τοῦτο
914 3032 1070 3110 γίνεσθαι
1092 3026 1127 3091 έν
1150 3031 1199 3111 τῷ
1226 3029 1286 3114 εἴη]

260 3127 320 3188 τοῦ
343 3125 436 3200 θεοῦ,
469 3122 524 3188 καὶ
546 3124 763 3208 πληροῦσθαι
790 3121 875 3235 μετὰ
894 3125 986 3205 χίλια
1008 3123 1062 3208 ίτη
1090 3122 1147 3188 καὶ
1169 3124 1287 3203 ἑξακό-

260 3243 328 3298 σια,
353 3222 459 3286 πλείω
482 3219 621 3285 ε’λάσσω.
652 3222 705 3284 καὶ
730 3218 812 3299 μετὰ
834 3219 996 3298 τοσαῦιας
1017 3220 1130 3305 γενεάς
1148 3221 1191 3286 τὰ
1206 3225 1286 3304 μέλ-

261 3312 408 3382 λοντα“
384 3342 428 3394 ως
449 3315 510 3404 555
532 3315 690 3401 γενόμενα
712 3314 800 3399 ἑώρα
816 3312 834 3380 5
849 3315 1033 3432 150055155.
1062 3307 1128 3431 595
1144 3322 1311 3403 ψεῦσμαΰ

221 3402 315 3501 2555,-
348 3413 392 3501 μη
421 3420 558 3496 γένοιτο.
604 3409 688 3478 ἀλλὰ
716 3407 877 3498 άσφαλῶς
910 3413 991 3479 τό
982 3415 1076 3498 παρὰ
1107 3419 1167 3481 τοῦ
1198 3422 1285 3485 θεοῦ

260 3510 489 3594 οίκονομηθὲν,
514 3506 558 3587 ιῦς
575 3507 634 3598 555
651 3510 949 3592 ιετελειιομένον,’
935 3510 1135 3594 εκηρόττετο,
1160 3514 1219 3578 ἵνα
1239 3515 1284 3603 μη

260 3600 435 3693 άπισιηθη
459 3602 704 3722 5551555,
698 3608 752 3672 ίνα
779 3606 823 3695 μὴ
854 3608 900 3684 εἷς
930 3607 1108 3692 δισταγμὸν
1139 3610 1266 3734 5555:
1252 3637 1286 3678 εν

232 3699 403 3789 ῦπονοίᾳ
424 3707 482 3768 τοῦ
505 3703 681 3791 προφήτου
709 3702 748 3767 τὸ
771 3708 921 3769 τοιοῦτον
945 3704 1114 3789 έκθαμβον
1145 3710 1199 3773 καὶ
1234 3712 1286 3775 ἴκ-

258 3803 403 3888 ιιληκεον
424 3800 604 3888 μυστήριον
632 3801 752 3883 μέλλον
781 3801 930 3867 έσεσθαι.
972 3796 991 3889 5
1014 3797 1072 3884 οῦχ
1094 3797 1177 3890 όρᾷς
1200 3801 1285 3871 αῦκὸ

217 3897 296 3969 3οτό
317 3897 463 3981 κίρογμα
485 3895 523 3961 τὸ
547 3897 805 3983 ἐπιφερόμενον,
840 3893 885 3975 ιός
914 3900 1000 3983 λέγει
1022 3894 1121 3977 αῦτός
1146 3896 1164 3965 5
1187 3899 1287 3988 όίγιος

254 3991 394 4071 Ἠσαίας
417 3989 483 4070 “ιῦς
506 3994 675 4079 πρόβατον
699 3995 755 4060 ἐπὶ
779 3992 908 4082 σφαγὴν
935 3992 1020 4083 η’χθη
1043 3999 1097 4062 καὶ
1114 3993 1163 4075 (ῦς
1179 3994 1287 4082 ἇμνός

257 4091 404 4158 ἐναντίον
420 4094 485 4156 ’τοῦ
508 4099 673 4175 κείροντος
695 4085 794 4156 αὐτόν
810 4089 954 4179 ἄφωνος,
978 4089 1085 4173 οῦιως
1107 4089 1169 4161 οῦκ
1192 4092 1288 4167 5505-

254 4213 306 4273 γει
327 4186 366 4251 τὸ
390 4188 496 4271 στόμα
519 4183 629 4254 αι’·τοῦ.
667 4188 726 4275 νην
757 4190 792 4254 δὲ
819 4188 932 4274 γενεάν
961 4184 1063 4256 αὐτοῦ
1092 4196 1146 4270 τίς
1168 4194 1288 4287 διηγη-
