2867 5084
232 911 297 971 414
467 921 664 971 summor
681 922 777 971 xm
795 921 982 972 ιτνιιετοκ
998 923 1028 972 r.

233 1072 448 1152 ἐξισοῦσθαι,
482 1074 539 1157 τῆς
568 1066 730 1157 ἀληθείας
764 1067 814 1138 ἀεί
842 1072 1004 1158 μενούσης
1034 1074 1090 1138 καὶ
1121 1072 1261 1158 ἑκάστης

230 1169 410 1254 χρειώδοος
437 1167 560 1247 τάξεως
593 1168 685 1234 ἐνῐ
654 1173 714 1255 vm]
739 1173 821 1237 θεοῦ
850 1168 884 1236 ἐν
907 1165 1051 1257 ἀληθείᾳ
1080 1170 1122 1235 τὸ
1151 1172 1258 1256 σαφὲς

233 1266 461 1352 διδασκοόσης.
499 1263 575 1331 οότε
605 1265 665 1383 γάρ
689 1273 819 1381 πατέρα
840 1292 904 1350 μου
933 1270 986 1333 καί
1010 1263 1185 1380 πατέραι
1166 1272 1257 1350 νμιῦν

232 1365 314 1432 κατά
337 1364 394 1450 τὴν
418 1362 522 1448 σάρκα
545 1364 592 1441 εἰς
608 1344 726 1442 αῦτοός
749 1366 941 1451 πληρωτέον
963 1369 1052 1442 (πῶς
1065 1363 1134 1484 γάρ
1145 1386 1282 1477 πατηρσ

207 1461 353 1548 σσαρκὸς
387 1458 405 1527 ό
433 1461 516 1539 θεὸς
545 1456 562 1525 ό
593 1460 698 1543 σάρκα
726 1487 770 1546 μη
805 1462 1055 1546 ἐνὸνσάμενσςς)
1092 1461 1171 1529 οὔτε
1200 1464 1256 1527 τόν

232 1561 314 1628 θεόν
336 1584 400 1644 μου
433 1559 489 1625 καὶ
510 1558 593 1624 θεὸν
616 1555 707 1642 ῦμιῦν
745 1559 828 1625 κατά
850 1559 908 1645 την
931 1564 989 1625 τοῦ
1013 1560 1085 1625 υίοῦ
1110 1559 1257 1645 θεότητα

231 1662 286 1724 καί
319 1656 403 1723 κατὰ
437 1655 495 1742 την
527 1659 690 1742 μαθητῶν
724 1656 898 1723 υἱοθεσίαν
927 1659 1137 1741 πληρωτέον,
1173 1651 1257 1723 ἄλλά

232 1756 314 1822 θεόν
335 1779 400 1838 μον
422 1757 475 1819 καὶ
498 1754 581 1819 θεὸν
603 1749 704 1836 όμιῦν,
736 1753 792 1819 διὰ
820 1752 878 1839 τήν
904 1749 1063 1840 ἡμετέραν
1086 1752 1258 1837 ἔνανθρώ-

232 1877 344 1939 πησιν,
373 1852 612 1936 μυστηριωδῶς
639 1845 657 1914 ὁ
681 1846 855 1936 ἀληθεύων
884 1851 918 1917 ἒν
947 1847 1056 1917 ἅπασι
1085 1850 1165 1930 τούς
1192 1876 1256 1935 μα-

195 1950 341 2034 ιοθητὰς
361 1943 571 2034 ησφαλίζετο.
619 1954 749 2032 πατέρα
779 1951 900 2031 δέμον
922 1951 975 2014 καὶ
1000 1955 1141 2070 πατμέρα
1152 1943 1254 2032 ὑμῶν,

232 2048 288 2113 διὰ
319 2046 356 2111 τὸ
378 2045 457 2128 ἐμοῦ
487 2044 572 2128 πρὸς
602 2040 701 2110 αὐτὸν
734 2043 817 2112 κατά
846 2045 947 2133 φόσιν
976 2049 1028 2111 καὶ
1059 2045 1141 2129 ε’μσῦ
1170 2045 1254 2130 πρὸς

231 2141 316 2229 ῦμᾶς
345 2145 593 2222 ἕπικοινωνίας,
627 2132 665 2228 ἦς
695 2142 759 2228 ἐγὼ
786 2145 845 2226 μὲν
875 2143 959 2209 κατὰ
990 2145 1253 2228 φιλανθρωπίαν

231 2243 416 2330 ἐνόημησας
439 2236 582 2307 ἐ’όωκα(
567 2267 643 2325 υμιν
665 2242 704 2305 τὸ
727 2241 904 2319 κοινωνοὺς
929 2247 1099 2325 γενέσθαι,
1124 2240 1182 2307 διά
1196 2243 1276 2314 τοῦο

231 2341 330 2427 ῥητοῦ
356 2338 500 2406 “famer
523 2333 638 2416 αότοίς
661 2336 812 2417 ἐξουσίαν
834 2344 929 2404 τέκνα
962 2343 1046 2405 θεοῦ
1068 2340 1253 2424 μενέσθαι.”

194 2438 348 2521 ίοόιόπερ
378 2439 431 2502 καὶ
454 2431 553 2513 αότός
583 2431 660 2520 παρ’
686 2432 800 2513 αὐτοῖς
821 2436 994 2520 γενόμενος
1021 2435 1156 2523 μορφὴν
1179 2433 1253 2502 ‹3015-

231 2537 289 2602 λοο
313 2537 418 2618 ἔλαβε,
442 2532 648 2618 προσφάτως
670 2533 857 2619 προσφάτῳ
881 2532 1155 2619 ε’πικοινωνήσας,
1188 2536 1252 2598 τῶν

231 2627 449 2715 άρχαϊζόντων
464 2632 630 2711 μενόντων
647 2630 680 2697 ἐν
696 2631 872 2717 ταυτότητι
894 2634 946 2696 καὶ
969 2629 1013 2716 μη
1031 2632 1079 2709 είς
1100 2631 1251 2715 σύγχυσιν

229 2726 504 2811 μεταβαινόντων,
529 2728 608 2792 νίῶν
631 2730 691 2808 μὲν
714 2724 916 2810 ἀνθρώπιον,
952 2728 1008 2793 όιά
1035 2731 1094 2815 τῆς
1116 2730 1250 2812 μετοχῆς

230 2826 277 2903 εἰς
306 2819 503 2911 ἀφθαρσίαν
532 2826 843 2908 μεταβαλλομένων,
881 2822 942 2892 άλλ
976 2821 1033 2890 οῦκ
1063 2825 1111 2904 εἷς
1134 2821 1248 2908 όμοοο-

191 2923 367 3008 λθσιότητα
391 2927 633 3004 σονενοομένων
655 2924 708 2987 καὶ
733 2928 791 2987 τοῦ
813 2923 872 3007 τὴν
892 2922 1025 3009 μορφὴν
1053 2923 1173 2989 δοῦλον
1194 2926 1246 2986 λα·

228 3020 355 3105 βόντος,
392 3017 448 3083 διὰ
470 3021 528 3083 τοῦ
550 3020 610 3100 μὲν
635 3020 793 3103 λαβόντος
821 3020 860 3085 τὸ
888 3019 1087 3105 πρόσφατον
1117 3021 1242 3107 δηλοῦν-

228 3143 295 3197 τος,
323 3116 430 3183 διὰδὲ
452 3119 510 3181 τοῦ
535 3116 569 3182 ἓν
583 3121 696 3231 μορφῇ
720 3121 804 3183 θεοῦ
829 3113 1033 3200 ὑπάρχοντος
1057 3118 1104 3196 είς
1125 3114 1273 3240 τροπηνσί

228 3243 271 3302 μη
295 3219 551 3330 παρερχομένου.
589 3215 715 3279 τούτων
745 3212 835 3280 όόί
804 3211 908 3293 οότως
932 3211 1037 3280 όντων
1066 3242 1120 3280 και
1145 3215 1177 3281 ἒν
1195 3235 1237 3276 τε·

230 3314 302 3399 λείᾳ
324 3312 443 3396 γνώσει
466 3308 571 3389 οῦτως
594 3312 687 3396 παρὰ
702 3323 774 3389 τοις
789 3311 1023 3389 θεοόιόάκτοις
1037 3316 1156 3399 σαφῶς
1170 3306 1234 3392 όμο·

189 3410 444 3494 Ἀλογονμίνων,
474 3407 549 3475 οότε
573 3408 609 3473 τό
632 3409 740 3491 θεός
737 3434 799 3475 nov
823 3413 874 3475 καί
900 3407 981 3487 θεός
1005 3404 1106 3525 ὑμῶν,
1135 3394 1231 3474 οῦτιῦ

229 3530 339 3591 πατηρ
361 3529 426 3587 μου
448 3531 501 3571 και
525 3532 605 3571 πατι
602 3506 634 3591 ηρ
658 3504 758 3589 ὑμῶν,
781 3502 852 3571 άπὸ
875 3511 933 3593 της
950 3506 1034 3572 κατὰ
1055 3506 1095 3571 τό
1118 3504 1229 3586 εὔλογον

229 3602 461 3679 ἐπικοινωνίας
485 3603 540 3669 διὰ
562 3608 620 3669 τοῦ
645 3599 820 3686 όμωνόμον
837 3607 1012 3671 διοίσει
974 3629 1033 3688 της
1048 3595 1228 3705 ἀκραιφνοῦς

229 3696 354 3778 οόσίας,
390 3695 420 3765 ά
418 3698 459 3765 τό
482 3726 539 3786 της
562 3696 724 3816 όπερρχης
745 3728 803 3788 της
826 3703 913 3779 ἰδίας
936 3701 1104 3788 ἰδιότητος
1125 3688 1228 3775 πατρὸς

229 3799 314 3883 πρὸς
336 3797 408 3863 υἱον
430 3800 482 3863 καὶ
507 3798 580 3864 οιοῦ
603 3799 689 3883 πρὸς
711 3807 841 3883 πατέρα
866 3799 921 3864 καὶ
945 3794 1041 3883 άγίοο
1065 3797 1228 3882 avebam&
1290 3864 1291 3869 ,

190 3892 396 4008 θθιόσαότως.

315 4018 366 4078 ιη.
405 3989 486 4059 Εἰ<
469 4020 486 4080 η
511 3988 684 4079 ἇγέννητος
706 3989 805 4060 σόσία
826 4001 981 4080 κρείττων
997 3993 1069 4060 ἐστὶ
1086 4000 1229 4079 γενέσεις,

228 4090 405 4157 οικοθεν”
388 4115 506 4172 εχοισα
527 4090 566 4156 τὸ
589 4102 745 4174 κρεῖττον,
764 4087 944 4158 αότοονσία
959 4090 1051 4157 ἐστιν
1068 4087 1230 4178 άγὲννητθί·
1289 4110 1291 4189 η

227 4182 265 4252 οῦ
281 4186 343 4270 γάρ
357 4184 598 4271 βουλόμενοςο
580 4211 633 4254 οτι
653 4188 808 4271 βουλειαι
824 4189 980 4274 γενέσεώς
996 4189 1071 4256 ἐστι
1085 4187 1233 4274 κρείττοθν
