2867 5084
456 936 604 991 me.
623 939 1020 990 ΑΝΤιΔιιεοωιντΑισιτΑι.
1186 928 1248 990 517

228 1114 337 1174 ματος
367 1085 471 1175 ἆγίου.
519 1085 602 1156 ἀλλὰ
629 1093 681 1156 καὶ
712 1093 758 1175 τῷ
784 1092 949 1203 Φιλίππῳ
970 1094 1018 1176 τῷ
1042 1085 1251 1177 εύαγγελιστῇ

228 1191 428 1273 τέσσαρες]
411 1212 494 1254 υσαν
516 1193 696 1273 θυγατέρες
711 1189 999 1309 προφητεύουσαι
1023 1188 1254 1305 ἐπροφήτευον

231 1280 306 1350 δ”’
285 1311 349 1369 αρα
372 1280 462 1351 δι’“
444 1313 482 1371 ην
504 1286 716 1371 κατηξιουντσ
741 1282 1037 1368 ίχεινπαρθενίαν.
1071 1312 1127 1353 κατ
1119 1286 1253 1352 Θέκλα

230 1384 292 1466 μὲν
321 1387 464 1469 συναντᾷ
492 1383 617 1468 Παύλῳ
646 1387 692 1467 τῷ
722 1379 820 1469 ἁγίῳ,
855 1385 909 1448 καί
939 1383 1107 1449 διαλύεται
1134 1383 1249 1468 γάμου,

231 1476 399 1563 ὁρμαστὸν
423 1483 541 1562 ἔχουσα
564 1475 799 1558 εύειδέστατον,
824 1480 1037 1563 πρωτεύοντα
1059 1482 1095 1547 δὲ
1110 1480 1278 1558 πόλεως,5

231 1576 441 1644 πλούσιον’
419 1604 510 1663 αγαν,
535 1573 764 1662 εὐγενέστατον
787 1578 860 1643 δὲ)
846 1603 879 1644 εν
901 1581 948 1663 τῷ
970 1585 1033 1662 βίω
1055 1604 1116 1643 και
1099 1579 1252 1699 διαφα-

232 1681 406 1741 νέστατον
441 1679 496 1741 καί
524 1686 722 1761 περιφρονεῖ
748 1678 814 1741 τῶν
837 1670 1038 1759 ἐπιγείων(
1020 1702 1038 1762 η
1068 1671 1160 1760 άγία,
1196 1674 1253 1740 ίνα

232 1775 300 1838 τῶν
332 1772 538 1857 ἐπουρανίων
572 1773 726 1858 ἐγκρατης
758 1779 897 1858 γένηται.
954 1773 983 1839 εί
1015 1779 1126 1839 τοίνυν
1160 1760 1253 1838 οὗτοι

201 1871 379 1948 οταύτα,
371 1868 467 1954 πύσφ
489 1896 551 1954 γε
548 1865 712 1954 ιιᾶλλονῖ
736 1876 865 1959 Μαρία,
900 1865 950 1957 ἐφ’
975 1868 1013 1957 ἢν
1034 1866 1054 1955 ἡ
1077 1876 1253 1953 θαυμασία

232 1971 330 2034 πᾶσα
353 1967 524 2051 οἰκονομία
545 1972 731 2052 γεγένηται,·
764 1967 873 2034 πόθεν
895 1975 1005 2034 τοίνυν
1028 1969 1157 2047 συνάξω
1180 1969 1253 2034 δια·
1262 1977 1293 2028 10

233 2072 327 2143 νοέας
350 2065 396 2142 εἷς
418 2064 456 2129 τὸ
479 2060 608 2177 ἀγαθὸν
639 2064 693 2129 καὶ
723 2065 870 2149 ἕκτρέψω
898 2066 955 2132 τὸν
985 2065 1086 2152 ζόφον
1118 2092 1183 2131 των
1211 2065 1254 2131 τά

233 2162 375 2230 δεινόν’
362 2163 639 2248 εγεισσησάντων,
673 2162 828 2245 καθάπερ
862 2169 1043 2277 γέγραπται
1077 2164 1254 2244 ’συνέλαβε

233 2259 340 2327 πόνον
362 2263 416 2325 καὶ
440 2260 544 2327 ἔτεκεν
567 2255 742 2342 άνομίαν;”
765 2247 857 2325 ούτοι
879 2260 939 2345 γὰρ
957 2255 1093 2344 άληθῶς
1109 2263 1255 2342 συλλαμ-

232 2357 376 2443 βάνουσι
398 2357 503 2424 πόνον
520 2355 760 2443 διανοημάτων,
783 2364 930 2424 τίκτουσι
946 2359 981 2424 δὲ
997 2355 1135 2441 ἀνομίαν
1151 2358 1255 2442 βλασ-

235 2459 379 2544 φημιῶν.
1265 2464 1293 2513 15

326 2561 373 2619 17.
401 2546 503 2618 Ἀλλὰ
532 2550 575 2637 μή
605 2576 655 2628 τις
684 2550 791 2619 έκεῖνο
820 2548 1020 2630 ύπονοείτω,
1054 2556 1108 2617 καί
1136 2551 1255 2635 ἑτέρως

236 2646 321 2717 αύτά
344 2646 561 2732 ύποσπείρειν
585 2649 690 2734 ἑαυτῷ
714 2648 918 2734 πειρώμενος
942 2651 1069 2733 λεγέτω.
1108 2653 1182 2727 πῶς
1197 2637 1255 2714 ούν

177 2743 372 2819 malm
340 2773 379 2813 το
408 2742 641 2832 εύαγγέλιον”
623 2772 675 2812 οτι
704 2743 874 2863 ηύρέθη’
861 2774 894 2814 εν
926 2770 1041 2833 γαστρι
1074 2747 1194 2829 ἔχουσα
1221 2746 1255 2813 ἐκ

236 2845 424 2928 πνεύματος
446 2842 539 2930 άγίου
562 2840 580 2931 ἡ
604 2850 734 2962 Μαρία,
764 2848 844 2929 πρὶν
872 2839 893 2932 ἢ
921 2846 1095 2912 συνελθεῖν
1117 2838 1254 2923 αύτούς,·

236 2933 302 3028 ἆρα
324 2945 381 3009 οὗν
410 2938 686 3026 προσεδοκᾶτο“
668 2969 686 3028 η
717 2944 904 3022 συνέλευσις
932 2948 984 3009 καί
1012 2941 1130 3007 τούτου
1159 2940 1254 3024 χάριν
1274 2949 1307 3000 ‘2⁰

236 3036 343 3110 ελπε·
347 3039 423 3124 πρὸ
445 3044 503 3105 τού
533 3040 742 3121 συνελθεῒν;”
778 3035 862 3106 ἀλλὰ
889 3043 943 3107 καὶ
971 3038 1074 3105 πάλιν
1102 3039 1135 3106 έν
1165 3036 1254 3123 άλλη)

236 3137 333 3224 τύπῳ
355 3136 394 3202 τὸ
417 3133 498 3203 αύτὸ
527 3136 629 3203 πάλιν
659 3132 845 3223 εὐαγγέλιόν
868 3161 952 3225 φησι
982 3139 1053 3202 “nal
1078 3132 1197 3221 εὑρέθη
1221 3134 1255 3200 ἓν

235 3235 355 3324 γαστρί
378 3235 497 3318 έχουσα
518 3239 597 3320 πρὶν
621 3234 786 3302 εἰσελθεῖν
799 3230 945 3314 αύτούς,”
967 3228 987 3321 ἢ
1008 3237 1063 3301 καί
1085 3234 1255 3319 “ε’·γέννησε

235 3336 291 3401 καὶ
315 3328 372 3399 ούκ
395 3333 475 3418 ἔγνω
498 3329 626 3419 αύτην,”
664 3326 760 3419 ἢκαὶ
785 3333 954 3417 “ίγέννησε
975 3330 1032 3396 τὸν
1061 3331 1132 3397 υίὸν
1156 3329 1256 3416 αὐτῆς

235 3431 296 3498 τὸν
311 3431 524 3516 πρωτότοκον
549 3433 603 3496 καὶ
619 3425 676 3495 οὐκ
691 3429 764 3517 ᾔδει
780 3426 906 3518 αύτήν,”
927 3433 982 3495 καὶ
1006 3424 1083 3496 *οὐκ
1099 3429 1181 3514 ἔγνω
1197 3423 1294 3494 ‹th-25

236 3529 307 3616 τὴν,
338 3529 399 3607 ἕως
428 3524 505 3594 ότου
529 3527 676 3614 ἐγέννησε
697 3529 755 3594 τὸν
784 3527 855 3595 υίόν
878 3522 977 3612 αὐτῆς
1003 3527 1061 3593 τὸν
1084 3525 1256 3609 πρωτότο-

235 3630 325 3694 κον.”
360 3629 413 3692 καὶ
443 3621 501 3691 ούκ
528 3626 660 3691 οίδασιυ
695 3626 727 3690 σί
759 3624 817 3704 τὰς
845 3632 991 3710 θεωρίας
1022 3628 1088 3691 τῶν
1120 3625 1256 3710 γραφῶν

204 3723 381 3807 Βδιαιρεῖν
404 3722 681 3808 ἐπαγγελλόμενοι
702 3725 756 3787 καὶ
778 3722 819 3788 τὰ
840 3729 989 3807 μετέωρα
1011 3724 1064 3788 καὶ
1080 3721 1256 3806 βαθύτατα

236 3821 519 3906 περιεργάζεσθαι
551 3821 792 3903 ἐπιχειροῦντες
825 3816 878 3886 ὅτι
904 3816 923 3905 ἡ
946 3826 1076 3904 θεωρία
1104 3821 1255 3884 τοιοῦτον

237 3920 307 4004 ἔχει
326 3921 385 3985 τὸν
407 3919 541 4002 τρόπον.
574 3917 603 3984 εί
624 3917 685 4002 γὰρ
700 3917 804 3984 πάλιν
819 3917 985 4003 ἐγέννησεν
1001 3913 1019 4003 ἦ
1035 3922 1164 4000 Μαρία,
1190 3915 1296 3981 έδειθο

235 4016 296 4085 καὶ
325 4021 391 4084 τῶν
425 4015 533 4083 ἄλλων
566 4011 720 4101 ἀδελφῶν
749 4014 856 4082 εἰπεῖν
884 4014 926 4081 τὰ
956 4009 1111 4097 ὀνόματα.
1157 4010 1187 4078 εί
1220 4013 1256 4078 δέ

236 4113 356 4203 ἐπειδὴ
378 4113 590 4197 πρωτότοκός
623 4112 693 4179 ίστι
721 4112 832 4199 πάσης
858 4118 994 4189 κτίσεως
1023 4105 1041 4176 ὁ
1069 4106 1254 4193 μονογενὴς,

234 4211 284 4301 μὴ
300 4214 460 4297 θορυβού.
498 4207 535 4277 ού
556 4209 618 4297 γάρ
635 4205 727 4278 εἶπεν
743 4204 796 4276 ὅτι
811 4209 959 4296 ἐγέννησε
972 4207 1029 4274 τὸν
1045 4205 1256 4292 πρωτότοκον

1125 4554 1320 4650 A
