2867 5084
210 919 274 982 532
439 931 641 982 σσισκυιον
658 931 754 980 xm
773 930 960 981 ιιεεειιαμ
976 931 1006 980 r.

210 1083 403 1165 δπιχέουσα,
433 1081 473 1146 τὸ
495 1087 654 1167 σφέτερον
678 1078 889 1169 ἡδυπαθείας
919 1080 1133 1169 ἐργαζομένη,
1164 1075 1233 1148 ἇπὸ

207 1185 268 1247 τοῦ
291 1185 508 1264 προκειμένου
531 1179 593 1257 ἔξω
614 1186 742 1263 βαίνειν
764 1179 822 1264 τήν
836 1177 996 1244 τάλαιναν
1013 1182 1081 1244 τῶν
1099 1176 1234 1261 ἀνθρώ-

210 1303 285 1343 πων
308 1276 409 1363 φῦσιν
438 1276 599 1358 έπιχειρεῖ
625 1272 834 1361 ἀναγκάζειν,
872 1270 956 1342 ἀλλὰ
984 1274 1048 1361 μὴν
1081 1280 1143 1342 τοῦ
1163 1272 1234 1360 'Iden

211 1373 386 1457 δεξώμεθα
408 1373 446 1438 τὸ
469 1373 623 1459 φρόνημα
644 1373 683 1438 τὸ
695 1373 829 1456 στερεὸν
843 1376 902 1439 τοῦ
919 1368 1080 1458 ἀθλητοῦ,
1098 1375 1256 1453 §orric-fl

186 1471 352 1554 οσώμεθα
373 1470 431 1557 τήν
455 1471 584 1536 δικαίαν
607 1466 786 1554 ἀπόκρισιν
815 1470 870 1536 έπί
894 1481 966 1548 τοῖς
986 1472 1130 1552 χείλεσιν
1154 1466 1232 1537 ἂνα-

211 1571 380 1653 λαγίόντες,
420 1569 566 1649 είιιιυμεν
588 1572 644 1633 καὶ
665 1565 760 1634 αὐτοὶ
790 1565 926 1652 “ὡ’σπερ
953 1574 1014 1649 μία
1035 1571 1104 1634 τῶν
1126 1563 1234 1654 ἆφρὸ·

210 1694 275 1734 νων
297 1669 458 1751 γυναικῶν
481 1665 669 1751 ίλάλησας.”
705 1665 816 1732 πόθεν
838 1664 899 1748 γὰρ
930 1661 988 1730 οὐκ
1011 1664 1233 1750 ἐμβρόντητον

209 1765 247 1830 τὸ
269 1765 421 1828 τοιοῦτον
444 1762 628 1848 φανήσεται
650 1767 751 1829 παντί
774 1765 821 1846 τῷ
843 1761 977 1852 σῦνεσιη
996 1761 1105 1843 ἔχοντι
1127 1761 1185 1828 καί
1200 1762 1232 1827 ἐν

210 1865 282 1944 θεῷ
317 1865 516 1946 κεκτημένφς
560 1859 670 1924 πόθεν
704 1855 763 1925 οῦκ
791 1859 1012 1925 είδωλοποιδν
1043 1858 1084 1924 τὸ
1117 1858 1234 1944 ἐπινή-

174 1960 315 2041 Ιοδευμα
336 1958 391 2023 καὶ
412 1953 451 2021 τδ
468 1957 640 2042 ἐγχείρημα
656 1956 865 2040 διαβολικόνς
902 1954 1075 2042 προφάσει
1096 1955 1160 2041 γὰρ
1185 1959 1234 2022 δι-

209 2062 305 2122 καίου
339 2048 392 2120 ἀεὶ
421 2048 628 2119 δπεισδῦνων
661 2054 721 2140 τήν
755 2052 905 2120 διάνοιαν
934 2049 953 2119 δ
982 2053 1140 2137 διάβολος
1168 2058 1233 2119 τιῦν

209 2148 403 2237 ἀνθρώπων
425 2150 483 2238 τήν
506 2149 631 2236 θνητήν
654 2152 756 2237 φύσιν
771 2155 947 2217 θεοποιιῦν
969 2152 1016 2229 είς
1032 2147 1234 2236 ὀφθαλμοὺς

210 2247 402 2334 ἀνθρώπων
426 2243 636 2332 ἇνδροείκελα
658 2244 830 2334 ἀγάλματα
854 2249 911 2315 διὰ
926 2249 1096 2326 ποικιλίας
1111 2252 1257 2331 τεχνῶνς

212 2349 380 2432 διέγραψε.
424 2345 479 2410 καί
505 2345 686 2430 τεθνήκασι
712 2349 773 2430 μὲν
802 2347 834 2413 σί
862 2345 1164 2428 προσκυνούμενον,
1194 2345 1235 2411 τὰ

174 2445 248 2510 ιῠδέ
269 2444 395 2509 τούτων
419 2437 592 2527 ἀγάλματα
612 2445 782 2528 μηδέποτε
811 2443 953 2529 ζήσαντα
985 2441 1075 2521 (οῦτε
1097 2443 1160 2528 γὰρ
1184 2470 1235 2511 νε-

210 2539 271 2625 κροὶ
293 2540 431 2607 δύναται
452 2546 610 2624 γενέσθαι
638 2541 680 2606 τὰ
706 2542 875 2626 μηδέποτε
898 2541 1051 2627 ζήσαντα)
1086 2565 1235 2625 προσκυ-

211 2639 291 2725 νητὰ
313 2637 564 2722 παρεισάγουσι,
589 2638 646 2704 διὰ
667 2638 888 2726 μοιχευσάσης
909 2641 1058 2716 διανοίας
1082 2632 1154 2704 ἀπὸ
1176 2642 1234 2703 τοῦ

210 2736 282 2813 ἑνὸς
304 2734 359 2800 καὶ
379 2733 483 2816 μόνου
505 2739 600 2815 θεοῦ,
625 2731 669 2815 ὡς
690 2734 709 2822 ή
734 2735 931 2815 πολύκοινος
951 2736 1063 2855 πήρνη
1074 2735 1134 2802 ἐπὶ
1150 2738 1236 2803 πολ-

211 2832 269 2918 λήν
292 2828 436 2897 ἀτοπίαν
465 2833 666 2914 πολυμιξίας
694 2833 916 2920 ἔρεθισθεῖσα
945 2836 998 2899 καί
1027 2831 1065 2899 τὸ
1096 2837 1235 2953 σιῦφρρν

172 2925 469 3012 ιοᾶποτριιμαμένη
492 2933 550 3016 τῆς
572 2934 630 2996 τοῦ
654 2929 727 3009 ἑνὸς
749 2926 868 3013 ἀνδρὸς
891 2926 1003 3013 εῦνομί
1005 2955 1052 3007 ας.
1092 2956 1147 2996 ναι
1171 2932 1235 3019 μήν

212 3022 305 3111 ἅγιον
328 3015 367 3113 ήν
389 3023 428 3088 τὸ
451 3029 547 3108 στῦμα
569 3032 627 3113 τής
650 3034 803 3111 Μαρίας,
839 3024 876 3093 οῦ
898 3028 963 3149 μήν
985 3027 1075 3105 θεὸς,
1116 3029 1174 3094 ναί
1197 2986 1233 3117 δή

210 3130 421 3210 παρθένος,
405 3149 442 3188 νν
466 3119 482 3209 ή
508 3131 679 3206 παρθένος
700 3135 753 3191 καὶ
777 3132 982 3212 τετιμημένη,
1010 3119 1079 3191 ἀλλ’
1105 3120 1165 3192 οῦκ
1190 3128 1236 3203 εἰς

210 3220 433 3307 προσκύνησιν
457 3217 534 3308 ήμῖν
557 3224 708 3302 δοθεῖσα,
745 3218 830 3289 αλλὰ
856 3226 1089 3306 προσκυνοῦσα
1117 3222 1178 3288 τὸν
1201 3225 1260 3303 ε’ξο

212 3315 311 3406 αὐτῆς
343 3318 440 3400 σαρκὶ
471 3325 717 3406 γεγεννημένον,
749 3315 818 3386 ἀπὸ
848 3319 997 3403 οδρανιῦν
1025 3321 1061 3386 δὲ
1095 3320 1130 3385 ίκ
1159 3321 1236 3386 κόλ-

172 3430 286 3482 ἳθπων
308 3416 472 3501 πατρῴων
495 3417 771 3502 παραγενόμενον.
807 3422 859 3484 καί
884 3417 941 3484 διὰ
962 3420 1060 3482 τοῦτο
1082 3417 1123 3481 τὸ
1138 3415 1237 3504 εῦαγ-

211 3515 319 3598 γε’λιον
354 3513 617 3600 έπασφαλίζεται
649 3511 736 3602 ήμῦς
764 3516 873 3599 λέγον,
907 3511 1008 3580 αἰετοῦ
1037 3517 1097 3579 τοῦ
1120 3523 1236 3599 κυρίου

212 3610 395 3733 φήσαντος,
409 3608 497 3677 b'n‘
501 3620 543 3677 τί
565 3612 637 3695 ἐμοὶ
661 3615 714 3678 καί
739 3615 809 3689 σοί,
838 3612 950 3698 γῦναι,·
987 3609 1083 3677 οῦπιυ
1115 3609 1234 3736 ήκειη

212 3705 281 3790 ὥρα
303 3712 395 3791 μου.”
431 3709 486 3773 ἵνα
509 3704 690 3774 ἆπὸτοῦ“
694 3709 848 3795 “γῦναι,τ
830 3709 900 3776 τέί
901 3712 958 3792 μοὶ
982 3733 1038 3774 και
1060 3714 1157 3789 σοί
1191 3712 1236 3801 μή

210 3829 298 3881 τινες
319 3810 482 3885 νομίσωσι
504 3806 742 3890 περισσότερον
765 3802 850 3873 εἶναι
866 3806 923 3892 τήν
939 3802 1034 3891 ἁγίαν
1048 3814 1237 3889 παρθένον,

172 3914 202 3961 20
210 3910 347 3986 γυναῖκα
369 3901 488 3989 ταύτην
511 3904 668 3986 κέκληκεν,
693 3901 739 3981 ὠς
753 3903 982 3991 προφητεύων,
1005 3906 1072 3969 τῶν
1095 3908 1240 3987 μελλόν-

210 4023 276 4064 των
300 3999 440 4065 έσεσθαι
463 4001 518 4066 ἐπὶ
542 4003 600 4086 τής
626 4004 684 4087 γής
707 4000 897 4083 σχισμάιων
925 4027 960 4067 τε
987 4003 1041 4066 καὶ
1072 4002 1238 4086 αἱρέσεων

209 4094 313 4179 χάριν,
343 4096 398 4160 ἵνα
425 4097 469 4186 μή
492 4123 579 4175 τινες
602 4092 768 4183 ὑπερβολῇ
792 4097 1027 4181 θαυμάσαντες
1053 4097 1114 4186 τήν
1139 4099 1239 4189 ἁγίαν
1251 4125 1289 4178 1oe

211 4191 258 4268 είς
279 4195 377 4255 τοῦτο
402 4189 600 4261 ῦποπέσωσι
622 4198 680 4282 τής
702 4195 860 4278 αἱρέσεως
882 4195 920 4260 τὸ
943 4196 1166 4285 ληρολόγημα.

104 4480 316 4651 ἢ
