2867 5084
484 544 489 569 λ

584 1017 678 1071 υκαι.
697 1021 902 1072 mmmm.
1212 1010 1253 1074 69

234 1166 270 1234 ἓν
293 1167 356 1252 γάρ
380 1172 427 1254 τῷ
450 1168 560 1236 σκότει
581 1169 692 1237 πάντα
716 1171 837 1259 φάσκει
860 1168 953 1254 εἶναι,
976 1176 1064 1262 πλήν
1080 1171 1179 1242 αύτού
1194 1176 1255 1260 μό-

234 1288 303 1331 νου.
335 1269 389 1332 καί
411 1265 472 1352 γὰρ
496 1269 528 1332 οἱ
549 1271 668 1354 τυφλοί
690 1269 805 1355 χλεύης
827 1270 919 1337 ἕνεκα
940 1273 1066 1356 μᾶλλον
1081 1274 1174 1358 παρὰ
1188 1276 1254 1339 τῶν

236 1359 390 1448 ὁρώντων
423 1365 460 1430 τὸ
493 1365 684 1454 κακόφημον
724 1367 921 1448 ἐκκλίνοντες
954 1371 1041 1436 πολύ
1074 1373 1255 1456 βλέποντες

236 1457 404 1527 ἀκούουσι.

323 1565 373 1625 48.
405 1555 488 1626 Εἶτα
510 1562 631 1648 φάσκει
653 1561 771 1641 πάλιν,
801 1562 914 1645 ἑτέρας
941 1562 1033 1642 τινάς
1055 1565 1278 1644 κατασκευὰςῠ

185 1652 314 1742 σοιήμίν
343 1660 395 1723 καί
420 1653 660 1741 άρχιτεκτονίας
683 1658 911 1743 ἐργαζόμενος,
942 1656 986 1739 ὡς
1008 1654 1126 1746 παριύν
1149 1663 1253 1730 ἐκεῖσε

235 1758 287 1818 καί
312 1756 557 1840 φανταζόμενος
579 1758 620 1822 τὰ
641 1756 685 1842 μή
709 1755 805 1837 ὄντα,
837 1755 889 1824 ότι
911 1757 986 1824 τότε
1008 1764 1106 1825 τοῦτο
1128 1759 1167 1825 τὸ
1191 1760 1253 1840 ζῶν

234 1856 367 1934 πνεῦμα
390 1855 511 1931 ἔκτισε,
536 1858 627 1941 φησί,
652 1855 708 1921 τὸν
730 1856 862 1940 κόσμον.
894 1860 947 1922 καί
971 1853 1051 1922 αύτό
1074 1869 1163 1944 τρεῖς
1185 1857 1254 1924 ἑτέ·

234 1975 294 2032 ρας
317 1951 473 2034 δυνάμεις
495 1958 639 2039 φορίοαν
663 1956 715 2018 καί
739 1953 903 2021 κατελθὸν
923 1950 1074 2040 ἀνήνεγκε
1095 1954 1172 2033 τούς
1195 1953 1254 2041 όὶρ-

232 2071 361 2129 χσντας,
385 2052 438 2114 καὶ
463 2050 657 2133 ἐστερέωσεν
680 2051 713 2116 ἐν
736 2056 782 2136 τῷ
806 2053 1017 2136 στερειόματι,
1044 2050 1062 2117 ό
1085 2053 1174 2119 ἐστιν
1196 2049 1254 2118 αύ-
1264 2064 1293 2114 10

233 2149 301 2210 τῶν
323 2140 344 2230 ή
367 2158 504 2233 σφαῖρα.
536 2151 588 2212 καὶ
611 2148 732 2229 τὸμὲν
755 2148 933 2235 ἀνήνεγκεν,
958 2145 1034 2216 οὐδὲ
1057 2160 1126 2215 νοεῖ
1146 2145 1254 2236 όκτη-

198 2279 202 2285 ·
233 2242 341 2327 νιύόής
363 2248 438 2322 πῶς
460 2245 565 2330 ἑαυτῷ
582 2242 803 2328 άντιμάχεται,
828 2251 879 2312 καί
897 2246 938 2312 τά
955 2242 1031 2330 παρ’
1051 2242 1139 2330 αύτῷ
1156 2246 1254 2311 ε’παι·

234 2336 427 2425 νετάψέγει,
452 2345 505 2407 καὶ
528 2341 569 2407 τὰ
592 2342 796 2426 ψογιζόμενα
818 2344 864 2421 είς
880 2345 1018 2410 ἔπαινον
1035 2350 1138 2428 φέρει,
1163 2344 1253 2428 δίκην

235 2437 420 2520 μεθύοντος
447 2442 500 2504 καί
534 2447 811 2525 παραφερομένου
839 2445 891 2505 καί
918 2442 1011 2524 ἕτερα
1035 2434 1109 2505 ἀνθ)
1135 2438 1253 2524 ἑτέρων

236 2537 514 2618 παραλαλούντος.
547 2537 667 2622 φάσκει
689 2537 753 2621 γάρ
775 2538 851 2615 τούς
869 2537 1028 2623 ἄρχοντας
1042 2537 1130 2602 κάτω
1145 2531 1253 2621 ύπάρ-
1265 2550 1292 2599 1⁵

233 2655 353 2714 χοντας
380 2634 413 2700 ἐν
441 2639 492 2720 τήν
518 2635 626 2701 σκότει
657 2639 806 2721 πονηρᾶς
839 2631 924 2701 εἶναι
954 2634 1171 2712 ὑποστάσεως
1198 2636 1252 2699 καί

208 2734 370 2816 εφθορᾶς
393 2731 430 2795 τὸ
452 2741 581 2816 χωρίον.
623 2735 675 2798 καί
701 2733 730 2799 εἰ
753 2734 787 2799 ἐκ
809 2735 928 2820 ταύτης
950 2738 1008 2819 τής
1031 2735 1175 2819 φθορᾶς,
1198 2734 1251 2798 καὶ

234 2829 263 2895 εί
290 2829 325 2894 ἐκ
353 2833 412 2893 τοῦ
440 2836 559 2913 μέρους
587 2834 645 2895 τοῦ
676 2831 815 2909 σκότους,
835 2831 873 2896 τὸ
897 2834 1027 2913 πνεῦμα
1050 2828 1253 2914 βιασάμενον

232 2927 309 3004 τούς
333 2926 492 3010 ἄρχοντας
515 2928 561 3005 εἰς
582 2927 624 2993 τὰ
647 2926 715 2994 άνω
735 2924 913 3015 ἀνήνεγκεν,
939 2929 994 2994 ἐπὶ
1012 2933 1155 3012 τιμωρίᾳ
1168 2928 1253 3010 μᾶλ-
1327 2956 1334 2975 ·

232 3025 300 3103 λον,
326 3024 462 3112 φαύλων
486 3027 522 3091 δὲ
542 3032 670 3109 χωρίων
688 3026 746 3113 τήν
761 3025 962 3108 μετάστασιν
979 3024 1178 3107 ποιούμενον
1194 3024 1293 3090 ίπὶίθ

231 3129 377 3209 τιμωρία
398 3129 605 3205 μετέσπαοεν
629 3122 675 3200 είς
697 3121 738 3188 τά
761 3120 845 3203 άνω,
874 3118 983 3188 ούκίτι
1006 3117 1098 3188 ἔσται
1121 3120 1162 3186 τά
1185 3118 1253 3187 άνω

232 3217 349 3305 ἀγαθὰ
370 3223 424 3285 καί
447 3216 664 3297 ὑποστάσεως
683 3220 827 3306 ζωτικῆς,
853 3215 937 3285 ἀλλὰ
951 3220 1077 3302 μᾶλλον
1093 3217 1252 3283 θανάτου.

230 3321 286 3383 καὶ
315 3316 358 3383 τὰ
385 3317 473 3383 κάτω
503 3312 610 3382 οὐκέτι
639 3324 797 3400 τιμωρία,
829 3314 912 3383 ἀλλὰ
935 3312 1065 3401 άγαθής
1087 3339 1176 3393 τινος
1198 3309 1254 3380 ού-

232 3413 325 3493 σίας,
357 3415 392 3493 ἐξ
413 3405 457 3480 ού
484 3415 591 3480 τόπου
619 3419 786 3500 βουλήίίὲν
807 3415 846 3480 τὸ
869 3418 1000 3496 πνεῦμα
1024 3413 1070 3491 είς
1091 3420 1252 3497 τιμωρίαν

231 3514 433 3597 μεταβαλεῖν
460 3512 538 3590 τοὺς
558 3511 725 3595 ἰ’ίρχοντας
755 3507 824 3578 άπὸ
851 3516 917 3578 τῶν
945 3509 1050 3604 ήόέων
1078 3515 1131 3576 καὶ
1155 3507 1293 3596 ἀνάγ-25

234 3617 339 3676 καίων
362 3609 417 3675 ε’πί
440 3610 498 3694 τὸν
520 3612 665 3693 τιμωρόν
680 3609 786 3675 τόπον
801 3609 994 3695 μετήγαγεν,
1011 3604 1051 3675 ‘iv'
1070 3605 1174 3685 οὕτως
1196 3602 1255 3672 αύ-

234 3706 315 3786 τούς
336 3706 568 3793 τιμιορήσοιτο.
599 3711 651 3773 καί
676 3705 792 3786 άλλως,
818 3708 899 3773 εἰτὸ
915 3710 1045 3790 πνεῦμα
1059 3707 1115 3771 τὸν
1131 3704 1254 3787 κόσμον

206 3813 418 3891 επεποίήκε,
447 3810 521 3884 πῶς
542 3803 645 3871 πάλιν
668 3807 772 3889 λέγεις
792 3803 849 3870 τόν
871 3804 993 3886 κόσμον
1014 3803 1058 3889 μή
1081 3799 1148 3867 ὑπὸ
1171 3805 1254 3867 θεοῦ

234 3906 456 3990 γεγενήσθαις
482 3905 536 3970 καλ
566 3902 595 3969 εί
622 3906 689 3969 τῶν
718 3897 882 3985 ἀρχόντων
916 3902 1064 3986 τυγχάνει
1092 3902 1188 3981 σῶμα
1214 3897 1253 3962 τὸ

234 4005 417 4084 στερέωμα,
442 4000 475 4066 ἐν
496 4007 586 4086 ποίῳ
609 3997 674 4083 ἄρα
696 4002 827 4084 σταυρῷ
843 4000 1032 4085 προσέπηξε
1047 3995 1124 4073 τούς
1139 3993 1293 4079 ἄρχον-30

231 4123 313 4179 τας,·
336 4099 420 4164 ποτὲ
440 4098 500 4180 μὲν
522 4095 584 4182 γὰρ
607 4099 710 4183 λέγεις
729 4093 847 4175 αὐτούς
864 4097 897 4163 ἐν
912 4099 959 4181 τῷ
976 4092 1177 4178 στερεώματι
1192 4117 1254 4159 πε-

233 4198 387 4283 πῆχθαι,
420 4195 504 4261 ποτε
532 4196 569 4260 δὲ
591 4188 672 4260 αὐτὸ
693 4191 732 4258 τό
756 4199 923 4279 στερέωμα
945 4194 1042 4275 σῶμα
1062 4192 1129 4255 τῶν
1146 4186 1254 4259 αὐτῶν

237 4288 341 4379 ὁρίζῃ.
370 4294 425 4358 καὶ
448 4291 555 4378 πολλή
578 4313 638 4358 σου
660 4286 679 4378 ή
704 4285 926 4379 άσυναρτήσία
947 4291 1013 4355 τῶν
1035 4287 1155 4373 λόγων,
1181 4283 1254 4376 ἥτις

1289 4566 1362 4684 Δ
