2867 5084
550 982 644 1036 Lm.
665 986 935 1037 Αυοιοιωυιτω.
1193 974 1255 1037 237

232 1130 327 1218 ὥραν
356 1136 414 1200 τοῦ
438 1131 632 1218 πράγματος
653 1133 841 1220 γεγονότος,
871 1131 970 1224 ὀγδόη
994 1133 1076 1221 αότη
1100 1137 1258 1204 ἐκαλεῖτο.

233 1227 253 1296 6
286 1233 323 1298 δὲ
353 1229 453 1310 ἄλλος
476 1226 703 1320 εόαγγελιστὴς
727 1228 961 1320 όσφαλίζεται,
991 1236 1044 1300 καί
1067 1236 1155 1320 λέγει
1175 1233 1260 1318 μετὰ

202 1330 272 1408 σὲξ
293 1324 426 1414 ἡμέρας.
457 1322 514 1394 οὐκ
536 1325 703 1450 ἠρίθμησε
725 1330 787 1416 γὰρ
810 1330 844 1397 ἐν
866 1321 887 1417 ᾗ
908 1331 966 1398 τὸν
989 1330 1126 1417 λόγον’
1109 1356 1171 1418 εφη
1187 1342 1260 1410 τοῖς

232 1432 423 1511 μαθηταῖς,
454 1420 574 1493 0666'
560 1451 594 1493 εν
621 1454 641 1513 ῃ
670 1427 708 1492 τὸ
739 1428 831 1512 ἔργον
855 1428 1062 1507 ἐπετέλεσεν,
1094 1423 1178 1495 ἀλλὰ
1199 1427 1260 1507 τὰς

232 1529 339 1608 μέσον
362 1525 398 1602 ἓξ
419 1523 650 1607 πληρεστότας
673 1519 805 1639 ημέρας.
1267 1541 1283 1590 5

323 1627 373 1688 80.
400 1608 475 1686 Ωόὲ
499 1621 567 1686 δέ
557 1619 634 1706 περὶ
657 1620 715 1688 τὸν
739 1621 836 1707 λόγον
857 1621 1042 1742 γενόμενης
1054 1621 1111 1708 τὴν
1134 1620 1259 1708 φράσιν

233 1712 473 1797 ὖττέόειξεν,”
453 1741 547 1796 οπως
575 1718 779 1803 παραλαβών
802 1726 932 1838 Πέτρογ
959 1721 1012 1786 καλ
1033 1714 1182 1836 Ἰωάννην
1204 1717 1260 1784 καλ

230 1810 431 1900 ἷίάκωβον’
413 1814 583 1903 ανηνεγιεν
612 1810 732 1895 αὐτοὺς
760 1817 807 1896 εἷς
835 1817 872 1883 τὸ
901 1814 993 1903 όρος,
1023 1820 1076 1882 καὶ
1099 1841 1260 1903 μετεμορ-

235 1912 359 2000 φώθη,
387 1914 440 1978 καί
471 1912 601 1998 ἔλαμψε
628 1912 666 1978 τὸ
694 1912 881 2000 πρόσωπον
910 1909 1011 1981 αὐτοῦ
1041 1910 1085 1993 ὡς
1114 1910 1258 2001 affatos,

204 2010 275 2078 οτὸ
305 2009 340 2079 έν
323 2016 463 2096 νσαρκλ
491 2009 676 2095 πρόσωπον
708 2010 806 2077 συνὸν
829 2013 925 2079 έν
886 2039 924 2099 τη
948 2012 1095 2098 θεότητι.
1140 2015 1193 2078 καὶ
1217 2036 1259 2078 τα
1270 2027 1298 2077 10

236 2109 355 2192 ἱμάτια
383 2103 484 2174 αότοῦ
513 2104 656 2175 λευκὰ“
632 2133 678 2186 ως
692 2106 792 2225 χιὼν,
823 2105 1016 2195 δηλονότι(
998 2137 1017 2195 η
1042 2104 1163 2194 0695‘
1147 2136 1164 2172 υ
1189 2103 1259 2174 ἀπὸ

234 2211 377 2291 Μαρίας
398 2194 492 2284 οὖσα,
515 2208 568 2271 καὶ
593 2205 627 2272 ἐκ
649 2209 706 2272 τοῦ
731 2201 888 2290 ἡμετέρου
910 2212 1023 2291 γένους
1043 2204 1258 2290 τυγχάνουσα.

233 2306 290 2369 καὶ
324 2306 573 2388 μετεμορφσῢτο
609 2303 656 2381 είς
689 2301 804 2381 δόξαν,
840 2303 939 2382 δόξαν
969 2303 1174 2387 έττικτωμένη
1202 2303 1261 2415 της

234 2399 414 2486 θεότητος,
437 2398 497 2486 τὴν
519 2399 616 2485 τιμήν
639 2425 675 2466 τε
703 2402 757 2464 καὶ
792 2399 982 2486 τελειότητα
1003 2405 1056 2464 καὶ
1081 2399 1180 2477 δόξαν
1202 2423 1260 2483 την

234 2496 452 2580 ἕπουράνιον,
480 2495 520 2584 ἢν
548 2497 592 2582 μὴ
623 2491 706 2579 εἶχεν
734 2493 754 2583 ἦ
778 2497 861 2582 σὰρξ
883 2491 940 2563 ἀπ’
966 2491 1080 2582 ἀρχῆς,
1113 2496 1259 2562 ἐνταῦθα
1272 2513 1299 2563 15

234 2595 271 2667 δὲ
301 2597 451 2680 λαβοῦσα
480 2593 514 2661 ἒν
543 2597 582 2680 τῇ
614 2593 791 2661 συνενιόσει
813 2599 871 2660 τοῦ
895 2598 977 2661 θεοῦ
1002 2594 1108 2679 λόγου.
1155 2588 1261 2669 οἱῗτως

233 2692 277 2759 τὰ
299 2697 523 2779 προειρημένα
546 2691 623 2770 νόει,
649 2688 701 2757 ότι
724 2692 782 2778 τὴν
805 2696 918 2759 πᾶσαν
941 2698 1048 2777 κρίσιν
1071 2692 1191 2756 δέδωκε
1213 2692 1260 2774 τῷ

234 2790 316 2874 υλῷ·
347 2785 400 2855 ότι
429 2790 547 2856 ἔδωκεν
571 2783 660 2873 αὐτῷ
684 2790 852 2869 ἐξουσίαν,
882 2791 937 2856 ἵνα
961 2787 997 2855 ὃν
1021 2791 1115 2855 θέλει
1139 2789 1261 2872 ζωογο-

183 2887 409 2977 ῠδνήση,ἱὶ’να
430 2886 488 2973 τὴν
509 2888 569 2970 μέν
593 2887 728 2972 πρώτην
752 2883 851 2975 ἀρχὴν
875 2888 962 2973 δείξη
986 2886 1044 2973 τὴν
1068 2888 1184 2954 ἕνωσιν
1203 2887 1261 2969 τῆς

235 2988 317 3069 μιᾶς
344 2983 507 3071 θεότητος
534 2987 586 3050 καλ
614 2982 652 3048 τό
676 2987 709 3050 ’ἐν
733 2987 865 3071 θέλημα
888 2985 946 3052 εἰεί
968 2984 1026 3051 τὸν
1048 2990 1177 3067 πατέρα
1201 2988 1300 3067 (γε’-20

238 3107 308 3165 ρειν
329 3080 370 3148 τὰ
392 3077 454 3148 ὅλα
476 3085 535 3168 τῆς
558 3076 794 3169 ἀγαθωσύνης,
818 3082 873 3148 καὶ
896 3082 954 3148 ἒττλ
976 3081 1034 3167 τὴν
1055 3087 1135 3164 μίαν
1158 3074 1259 3164 ἀρχὴν

238 3182 292 3245 καλ
326 3179 472 3262 θεότητα
502 3181 570 3244 τῶν
599 3182 700 3263 τριῶν
731 3175 839 3245 οόσιῦν
868 3180 1002 3246 τελείων
1031 3173 1260 3253 όντοστάυεων,

236 3280 317 3361 μιᾶς
339 3278 374 3344 δὲ
396 3277 569 3363 θεότητος,
594 3276 724 3361 πατρὸς
746 3281 798 3342 καὶ
823 3277 896 3342 υἱοῦ
918 3279 972 3341 καλ
996 3270 1091 3359 ἁγίου
1114 3271 1262 3355 πνεύμα-

236 3399 308 3455 τος,
338 3372 394 3441 καὶ
420 3378 479 3460 τῆς
510 3373 668 3458 ἒνσάρκου
700 3373 803 3440 πάλιν
832 3379 1019 3459 παρουσίας
1041 3372 1261 3455 προσλαμβα-

238 3470 356 3557 νούσης
383 3470 468 3555 μετὰ
495 3497 553 3588 της
559 3470 744 3588 θεότητος
772 3471 829 3556 τὴν
859 3465 928 3537 ἀπὸ
956 3469 1085 3555 πατρὸς
1111 3470 1165 3534 καὶ
1189 3468 1300 3534 υιοῦευ

238 3575 470 3656 κεχαρισμένην
492 3563 574 3656 αὐτῇ
596 3572 656 3634 τοῦ
680 3512 868 3651 ἆξιώμότος
891 3567 1016 3651 δωρεάν
1039 3592 1074 3634 τε
1096 3570 1149 3632 καὶ
1170 3565 1262 3644 ἐξου-

241 3674 313 3742 σίαν
336 3670 391 3735 καλ
412 3666 620 3753 τελειότητα,
650 3670 703 3733 καλ
728 3666 774 3745 εἰς
795 3671 875 3750 μίαν
897 3663 1060 3751 θεότητος
1081 3690 1176 3747 πνευχ
1178 3689 1263 3729 ιατι-

242 3765 296 3852 τὴν
319 3771 509 3832 συνένωσιν.

183 3866 230 3919 Β
324 3868 376 3931 81.
407 3865 475 3928 Καὶ
502 3859 593 3945 μάλα
619 3858 718 3945 μόλις
747 3859 965 3945 διεόράσαμεν
999 3857 1037 3924 τὸ
1072 3854 1263 3923 όυσθολάτ·

245 3982 311 4027 τιον
333 3963 433 4026 τοῦτο
453 3965 585 4042 χωρίον,
609 3960 661 4024 καὶ
684 3957 742 4044 τὴν
765 3961 879 4024 πᾶσαν
894 3957 1014 4043 ταύτην
1031 3954 1302 4041 θηριοβολίαν,30

245 4053 339 4144 ἄγρια
365 4082 402 4146 τε
429 4055 583 4140 κυμάτων
609 4053 823 4141 κυρτιόματα,
855 4049 1044 4141 ἂφρισμσὺς
1067 4052 1177 4118 δὲκαὶ
1202 4049 1263 4117 σά-

245 4151 317 4234 λους
345 4153 489 4235 δεινοὺς,
518 4154 596 4240 βέλη
625 4178 661 4220 τε
684 4153 840 4220 ἐναντίων
862 4155 914 4217 καί
939 4148 1081 4235 θυρεοὺς
1102 4146 1263 4214 κατακαό-

247 4271 357 4333 σαντες
383 4251 468 4319 κατὰ
495 4251 552 4318 τὸν
583 4245 689 4337 ὀρθὸν
711 4248 870 4335 λογισμὸν
893 4248 927 4316 έν
950 4249 1095 4334 διανοίᾳ,
1125 4244 1206 4326 τόξα
1227 4270 1264 4313 τε

1190 4420 1362 4600 Ι
