2867 5084
448 965 565 1018 lxm
585 967 877 1020 κοικτοιιικιτοι.
907 1004 910 1010 ,
1102 960 1160 1021 531

146 1122 263 1199 κυρίου
292 1120 345 1184 καί
376 1118 499 1205 πρώτῳ
528 1117 705 1204 ἐπισκόπῳ
724 1114 965 1201 Ἱεροσολύμων.
1010 1120 1046 1200 ἐξ
1066 1109 1171 1204 οὗπερ

147 1213 339 1280 ἐπισκόπου
361 1219 414 1280 καὶ
436 1220 502 1282 τῶν
518 1222 767 1302 προειρημένων
791 1211 991 1283 ἀποστόλων
1013 1217 1172 1284 κατεστά-

146 1317 262 1394 θησαν
291 1312 442 1394 διαδοχαὶ
472 1313 667 1379 ἐπισκόπων
694 1316 749 1379 καί
780 1319 1010 1397 πρεσβυτέρων
1034 1315 1068 1381 ἐν
1091 1316 1171 1401 οέκφ

100 1415 118 1424 ’
636 1411 670 1476 ἐν
690 1410 823 1488 τούτοις
844 1411 1042 1497 κατεστάθη.
1086 1400 1171 1499 ἦσαν

147 1505 195 1583 δὲ,
226 1508 319 1592 φησί,
342 1513 500 1590 τέσσαρες
528 1513 710 1591 θυγατέρες
735 1510 900 1593 Φιλίππῳ
928 1511 975 1592 τῷ
1005 1504 1196 1591 εύαγγελι·5

147 1605 211 1688 στῇ
234 1604 516 1690 προφητεύουσαι,
541 1599 579 1669 ού
597 1605 661 1693 μην
679 1604 916 1689 ίερουργοῦσαι.
950 1607 1005 1670 καὶ
1019 1593 1172 1691 ἦν”Αννα

146 1705 318 1787 προφῆτις
340 1699 489 1786 θυγάτηρ
514 1701 679 1790 Φανουὴλ,
704 1697 773 1767 ἀλλ’
798 1697 856 1784 ούχ
879 1703 1041 1786 ἱερατείαν
1067 1727 1172 1768 πεπι-

115 1804 317 1880 ςστευμένη.
362 1798 428 1887 ἐδεγ
456 1798 517 1883 γάρ
545 1801 762 1882 πληροῦσθαι
790 1800 830 1865 τὸ
860 1798 1171 1887 ’προφητεύσουσιν

146 1893 182 1958 οἱ
203 1895 269 1959 υἱοὶ
295 1890 384 1977 ὑμῶν
406 1896 460 1961 καὶ
476 1896 511 1962 αἱ
526 1902 707 1981 θυγατέρες
722 1892 814 1978 ὑμῶν
829 1896 998 1976 ἐνυπνίοις
1016 1897 1172 1964 ἐνυπνια-

145 1991 346 2078 σθήσονται,
380 1992 434 2058 καί
465 1994 496 2059 οἱ
525 2004 690 2061 νεανίσκοι
718 1990 810 2077 ὑμῶν
840 1990 973 2076 δράσεις
1000 1992 1211 2077 &thomasio

144 2093 199 2154 καί
226 2085 360 2172 ὅτιμὲν
383 2091 604 2156 διακονισσῶν
619 2090 727 2174 τάγμα
744 2091 833 2157 ἐστίν
854 2092 901 2168 είς
915 2091 973 2179 τὴν
989 2091 1170 2177 ἐκκλησίαν,

146 2180 217 2250 ἀλλ’
243 2181 313 2267 ούχί
338 2188 385 2265 εἰς
407 2188 445 2251 τὸ
469 2189 656 2272 ἱερατεύειν,
684 2183 761 2253 ούδέ
782 2214 815 2253 τι
838 2188 1017 2270 ἐπιχειρεῖν
1040 2187 1172 2272 ἐπιτρέ·

145 2307 243 2361 πειν,
273 2284 378 2350 ἕνεκεν
408 2285 443 2350 δὲ
472 2284 671 2370 σεμνότητος
697 2288 758 2349 τοῦ
786 2291 971 2369 γυναικείου
994 2291 1121 2369 γένους,
1150 2280 1172 2372 ἢ

147 2374 190 2445 δι’
206 2376 295 2462 ιύραν
318 2383 466 2464 λουτροῦ,
490 2377 511 2470 ἢ
533 2382 743 2464 ἐπισκέψεως
765 2381 911 2459 πάθους,
934 2375 956 2469 ἢ
978 2382 1094 2460 πόνου,
1116 2385 1171 2447 καὶ

148 2473 206 2543 ὅτε
238 2485 428 2564 γυμνωθείη
463 2482 559 2561 σῶμα
587 2485 738 2564 γυναίου,
777 2479 832 2544 ἵνα
864 2478 908 2567 μη
942 2474 1009 2544 άπὸ
1043 2473 1172 2561 ἀνδρῶν
1183 2496 1210 2546 15

149 2671 369 2739 ἐπιτάσσεται
398 2669 465 2738 ύπὸ
494 2677 552 2739 τού
584 2674 696 2756 ἱερέως
730 2673 970 2755 ἐπιμελεῖσθαι
999 2673 1085 2756 πρὸς
1112 2672 1171 2762 τὴν

113 2766 239 2853 ὓιύραν
261 2774 319 2858 τῆς
341 2770 556 2857 ἐπιδεομένης
577 2770 729 2856 γυναικὸς
752 2771 785 2837 ἐν
807 2774 846 2857 τῇ
870 2767 940 2857 ὥρᾳ
952 2774 1012 2858 τῆς
1029 2773 1089 2835 τοῦ
1106 2770 1171 2837 σώ-

144 2892 252 2951 ματος
282 2864 381 2955 αύτης
409 2868 621 2952 γυμνιύσεως,
651 2873 710 2934 τοῦ
741 2867 906 2953 τάγματος
933 2871 992 2956 τῆς
1021 2862 1172 2947 εύταξίας

144 2964 203 3030 καὶ
242 2965 508 3054 ἐκκλησιαστικης
542 2961 696 3050 εύνομιάς
732 2965 963 3052 ἐπιστημόνως
997 2964 1030 3031 ἐν
1062 2970 1210 3052 μέτρῳτθ

144 3061 283 3140 κανόνος
306 3062 438 3148 σφόδρα
465 3061 724 3151 ἠσφαλισμένοο.
774 3062 826 3128 διὸ
850 3061 926 3129 ούτε
948 3061 1123 3145 ἐπιτρέπει
1152 3059 1170 3126 δ

144 3166 244 3237 θεῖος
266 3159 363 3243 λύγος
384 3160 513 3245 γυναικὶ
535 3161 569 3226 ἐν
592 3160 745 3246 ἐκκλησίᾳ
768 3161 880 3226 λαλεῖν
903 3156 979 3224 ούτε
996 3154 1171 3225 αύθεντείν

147 3252 277 3341 άνδρός.
315 3260 368 3323 καί
392 3257 503 3322 πολλὰ
526 3258 596 3323 ἐστι
619 3260 694 3341 περί
718 3257 837 3321 τούτου
861 3258 974 3340 λέγειν.

136 3375 147 3385 ”
234 3362 263 3420 4.
295 3360 553 3440 Παρατηρητίον
584 3356 619 3421 δὲ
648 3351 700 3418 ὅτι
724 3351 798 3437 άχρι
822 3353 1041 3418 διακονισσῶν
1068 3351 1171 3434 μόνον

145 3449 186 3516 τὸ
210 3450 476 3537 ἐκκλησιαστικὸν
500 3450 665 3540 ἐπεδεήδη
688 3450 806 3535 τάγμα,
838 3450 940 3537 χήρας
961 3476 998 3516 τε
1018 3444 1209 3532 ιύνόμασεὶυ

147 3548 351 3614 καὶτούτων
380 3549 439 3626 τὰς
469 3549 517 3615 ἐτι
545 3556 725 3634 γραοτίρας
754 3547 992 3633 πρεσβύτιδας,
1024 3541 1170 3628 ούδαμού

88 3648 182 3718 σοιδέ
207 3648 468 3729 πρεσβυτερίδας
490 3641 511 3733 ἢ
535 3647 682 3729 ίερίσσας
707 3647 901 3730 προσέταξε.
935 3646 987 3709 καὶ
1011 3643 1071 3728 γάρ
1094 3641 1171 3711 ούδὲ

146 3743 296 3809 διάκονοι
324 3744 358 3809 ἐν
385 3746 425 3829 τῇ
454 3743 702 3829 ἐκκλησιαστικῇ
736 3744 827 3822 τάξει
861 3740 1110 3827 ἐπιστεύθησάν
1137 3767 1172 3807 τι

144 3840 325 3928 μυστήριον
349 3839 524 3918 ἐπιτελεῖν,
555 3836 639 3904 άλλά
666 3839 769 3922 μόνον
801 3841 966 3906 διακονεῖν
994 3836 1037 3902 τὰ
1059 3837 1169 3904 ἔπιτε·

146 3938 299 4020 λούμενα.
337 3936 448 4002 πόθεν
472 3938 508 4002 δὲ
530 3936 634 4002 πάλιν
655 3932 735 4023 ἡμῖν
767 3932 784 4001 ὃ
807 3936 920 4014 καινὸς
940 3938 1052 4018 μῦθος
1075 3925 1211 4014 ούτοςυο

146 4035 335 4123 ἐγήγερται,·
369 4032 479 4099 πόθεν
502 4037 663 4118 γυναικῶν
684 4036 790 4119 τῦφος
810 4032 867 4098 καὶ
887 4039 990 4116 μανία
1012 4057 1171 4116 γυναικω-

144 4144 248 4213 νῖτις,
294 4130 405 4198 πόθεν
427 4139 611 4218 τρεφομένη
639 4126 658 4219 ηλ
681 4136 778 4196 κακία
808 4127 865 4195 διά
892 4132 951 4217 τῆς
979 4128 1082 4194 πάλιν
1104 4128 1170 4214 θή-

145 4231 239 4310 λεος,
280 4223 359 4316 ἡμῖν
388 4228 428 4295 τὸ
456 4230 544 4315 θῆλυ
574 4233 634 4317 τῆς
661 4223 825 4306 ὑπονοίας
857 4231 929 4306 τοῖς
962 4226 1170 4315 φρονήμασιν

962 4330 1018 4380 31*
