2867 5084
233 911 295 973 146
458 921 662 973 συνοίκεον
678 920 774 970 xm
792 920 980 970 Αινεεεαπ
996 922 1025 969 ιι.

232 1072 355 1160 τηριον.
400 1073 580 1139 Σεκοῦνδον
607 1070 668 1156 γάρ
696 1077 754 1137 τὸν
776 1069 1021 1148 Πενταπάλεως
1048 1073 1102 1137 καὶ
1132 1069 1254 1149 ἄλλους

232 1171 363 1237 ἔπεισεν
387 1165 456 1252 άμα
477 1166 566 1254 αὐτῷ
590 1172 854 1254 συναπαχθηναι.
885 1167 1009 1252 ἐγίνετο
1032 1168 1067 1233 δὲ
1089 1171 1196 1233 ταῦτα
1219 1167 1252 1234 ἒν

230 1272 270 1354 τῇ
294 1267 445 1352 ἐκκλησίᾳ
467 1261 663 1350 ἀγνοοῦντος
685 1269 744 1329 τοῦ
767 1269 929 1347 μακαρίου
950 1259 1168 1348 Ἀλεξάνδρου
1191 1267 1249 1330 τοῦ

233 1364 434 1437 ἐπισκόπου,
468 1363 530 1441 ἕως
559 1358 613 1428 ὅτε
641 1363 810 1439 Μελέτιος
839 1356 857 1424 ό
885 1362 943 1444 τῆς
971 1361 1150 1444 Αἰγύπτου
1180 1358 1250 1428 ἀπὸ

207 1462 401 1548 οΘηβαίδος
424 1461 528 1526 δοκῶν
551 1453 645 1536 εἶναι,
668 1461 722 1523 καὶ
743 1452 842 1535 αότός
858 1451 1128 1541 ἀρχιεπίσκοπος,
1153 1454 1248 1544 δῆδη

229 1583 289 1642 μοι
318 1564 570 1642 προειρημένος·
600 1554 695 1621 οὔπω
725 1554 786 1638 γάρ
816 1552 858 1619 τά
885 1553 968 1620 κατὰ
995 1554 1052 1621 τὸν
1081 1556 1249 1621 Μελέτιον

231 1657 278 1734 εἷς
306 1660 427 1739 ἔχθραν
458 1649 601 1730 ἀτοπίας
630 1650 780 1737 ἐλήλακε·
811 1650 895 1737 ζήλῳ
925 1658 1035 1718 τοίνυν
1058 1646 1245 1734 ἐνεχθεὶςδ

228 1755 411 1828 Μελίτιος·
434 1744 610 1833 οὐδὲνγὰρ
632 1737 670 1834 ἦν
694 1750 928 1834 διηλλαγμένος
948 1752 987 1834 τῇ
1005 1756 1129 1827 πίστει,
1153 1743 1173 1834 ἢ
1187 1749 1248 1832 μό-

231 1874 286 1916 νον
309 1846 518 1932 προσχήματι
540 1845 859 1931 ἐθελοδικαιοσόνης,
884 1842 967 1929 ὅπερ
989 1849 1043 1912 καὶ
1064 1839 1165 1924 αὐτὸς
1182 1847 1247 1912 δει-

192 1946 286 2013 λθνόν
314 1970 347 2011 τι
377 1943 596 2027 ἓπειργάσατο
626 1945 672 2027 τῷ
700 1949 779 2027 βίῳ,
810 1938 854 2021 ὡς
882 1940 941 2028 ἤδη
964 1945 1120 2027 καὶπερὶ
1143 1938 1265 2014 αότοδε

230 2044 376 2125 ε’ίπομεν,
424 2037 574 2125 ἀνήνεγκε
595 2044 704 2106 τοίνυν
729 2040 775 2118 εἰς
796 2039 838 2106 τὰ
860 2028 929 2105 ὦτα
950 2042 1009 2104 τοῦ
1032 2036 1244 2124 ἀρχιεπισκό·

228 2165 295 2206 που
314 2136 532 2223 Ἀλεξάνδρου
556 2133 572 2202 ό
597 2131 857 2221 άρχιεπίσκοπος
869 2138 1034 2214 Μελέτιος
1057 2132 1174 2203 όκατά
1189 2136 1244 2221 τὴν

227 2239 414 2321 Αἴγυπτον,
440 2232 505 2301 ὑπὸ
529 2237 564 2301 δὲ
584 2245 677 2317 χεῖρα
690 2230 906 2317 Ἀλεξάνδρου
924 2233 1029 2301 ἐδόκει
1045 2228 1146 2300 εἶναι·
1170 2233 1244 2317 σόγ·

225 2359 341 2419 χρονος
369 2335 404 2400 δὲ
428 2323 523 2411 οὗτος
546 2328 564 2398 ό
586 2332 752 2409 Μελέτιος
773 2338 883 2416 γέγονε
904 2338 1035 2414 Πέτρου
1057 2335 1116 2397 τοῦ
1139 2356 1242 2414 μακα-

191 2439 316 2515 Ιυρίτου
341 2430 527 2498 ἐπισκόπου
550 2432 602 2495 καὶ
625 2429 806 2512 μάρτυρος,
831 2425 876 2506 ὡς
898 2430 989 2515 ἔφην.
1022 2424 1066 2506 ὡς
1088 2418 1146 2494 οὖν
1170 2428 1243 2514 ἔση-

224 2554 307 2611 μανε
328 2528 370 2594 τά
391 2528 474 2594 κατὰ
495 2526 552 2592 τὸν
568 2524 701 2609 Ἀρειον
724 2525 844 2604 πάντα,
869 2522 914 2603 ὡς
936 2525 1027 2603 ἐκτὸς
1048 2532 1167 2611 βέβηκε
1188 2529 1243 2611 τῆς

225 2621 402 2710 ἀληθείας,
432 2627 485 2689 καὶ
509 2619 553 2700 τός
575 2623 721 2700 πολλοὺς
743 2624 855 2705 ἔχρανε
877 2628 929 2688 καὶ
953 2617 1129 2708 ἠφάνισεν,
1161 2618 1240 2688 άπα-

225 2727 371 2808 φθείρας
400 2715 469 2786 ἀπὸ
496 2723 554 2804 τῆς
577 2716 682 2804 ὀρθῆς
705 2727 851 2797 πίστεως
872 2719 949 2798 τοὺς
971 2715 1059 2805 αὐτῷ
1083 2726 1242 2786 πεισθέν·

224 2842 298 2896 τας,
335 2817 412 2883 τότε
446 2819 743 2901 μεταστειλάμενος
776 2813 794 2881 ό
827 2816 1012 2893 ἐπίσκοπος
1048 2812 1148 2882 αὐτὸν
1185 2817 1240 2882 τὸν

186 2911 368 2997 λθἈρειον,
390 2908 501 3000 ἠρώτα
523 2912 689 2997 περὶτῶν
712 2913 936 2998 ἔνηχηθίντων
959 2913 988 2979 εἰ
1009 2916 1114 2979 ταῦτα
1136 2910 1241 2991 οὕτως

224 3012 298 3094 ἔχει.
345 3006 362 3076 ό
392 3013 428 3078 δὲ
456 3008 531 3076 οὔτε
564 3011 735 3078 ἐδίστασεν
768 3009 843 3078 οάτε
876 3011 1071 3088 ίδειλίασεν,
1107 3006 1176 3078 ἀλλ’
1208 3011 1267 3090 ίξο

222 3104 371 3196 ὑπαρχῆς
403 3113 621 3192 παρατρίψας
652 3106 690 3171 τό
723 3114 879 3191 μέτωπον
906 3107 965 3192 τὴν
993 3111 1106 3174 πᾶσαν
1139 3103 1241 3174 αὐτοῦ

223 3206 358 3293 ἐξήμεσε
379 3207 583 3285 κακοδοξίαν,
608 3199 652 3281 ιός
675 3204 709 3270 αἱ
732 3200 832 3271 αὐτοῦ
853 3203 1029 3271 ἐπιστολαὶ
1045 3205 1241 3285 δεικνύουσι,

221 3305 276 3368 καὶ
304 3298 413 3387 ἧκατ’
439 3298 537 3369 αότὸν
559 3307 712 3388 γενομένη
736 3301 811 3368 τότε
833 3300 988 3380 ἐξέτασις.
1031 3304 1242 3386 συγκαλεῖται

184 3404 332 3467 κοταίνυν
354 3398 393 3464 τὸ
416 3403 653 3483 πρεσβυτέριον
677 3394 694 3463 ό
716 3393 947 3483 Ἀλέξανδρος,
971 3397 1026 3463 καὶ
1048 3397 1169 3478 ἀλλους
1191 3427 1243 3468 τι·

222 3494 281 3574 νὰς
303 3494 508 3573 ἐπισκόπους
531 3493 708 3579 παρόντας,
736 3498 791 3562 καί
813 3489 966 3561 άνέτασιν
988 3497 1106 3562 τούτου
1128 3510 1243 3565 ποιεῖ-

220 3619 277 3659 ται
304 3595 358 3658 καλ
388 3587 568 3677 ἀνάκρισιν.
614 3588 659 3671 ὡς
688 3594 723 3659 δὲ
752 3589 809 3659 οὐκ
838 3592 981 3678 ἐπείσθη
1015 3596 1054 3679 τῇ
1084 3588 1240 3683 ἀληθείᾳ,

221 3689 308 3770 ἕξεοῖ
329 3682 429 3756 αὐτόν
452 3693 509 3776 τῆς
530 3689 709 3774 ἐκκλησίας,
735 3693 788 3757 καὶ
812 3689 1002 3778 ἕκκηρυκτσν
1025 3702 1120 3759 ποιεῖ
1142 3691 1177 3758 ἒν
1200 3720 1240 3780 τῃ

220 3787 327 3855 πόλει.
373 3784 432 3854 σὺν
461 3782 550 3872 αὕτη]
581 3787 617 3852 δὲ
646 3781 918 3875 ἀπεσπάσθησαν
941 3788 979 3855 ,αλ
1001 3796 1242 3875 προειρημέναι

179 3882 498 3970 ὃθπαρθενεόουσαι,
522 3886 578 3950 καὶ
598 3885 743 3969 κληρικαὶ
768 3885 800 3950 οἱ
822 3892 1057 3970 προειρημένοι
1071 3888 1123 3952 καλ
1142 3883 1242 3968 ὄχλος

219 3981 319 4060 ἄλλος
340 3981 455 4058 πολύς.

303 4085 333 4143 4.
363 4083 604 4165 Διατρίβοντος
630 4081 666 4147 δὲ
691 4076 823 4162 Ἀρείου
856 4076 961 4143 πολὺν
989 4079 1105 4164 χρόνον
1134 4079 1169 4148 ἒν
1198 4085 1296 4172 τῇῃη

219 4171 327 4250 πόλει,
351 4169 452 4254 εὐθὺς
473 4178 607 4264 τελευτᾷ
631 4172 648 4242 δ
672 4170 874 4259 δμολογητὴς
890 4177 1054 4254 ίίίελέτιος
1075 4179 1128 4243 καὶ
1150 4179 1242 4267 μάρ-
