2867 5084
475 984 597 1036 ιιικιιι.
616 988 816 1037 mmmm.
1095 978 1158 1041 285

135 1161 204 1200 των
228 1135 434 1214 σκανδάλων,
466 1136 641 1222 εἰρηνεύειν
669 1164 705 1204 τε
732 1141 785 1205 καὶ
815 1148 890 1217 ταῖς
913 1139 1079 1222 λατρείαις
1100 1144 1160 1206 τοῦ

111 1235 224 1299 ὓθεοῦ
248 1240 473 1316 προσανέχειν.
505 1234 620 1319 ἐπειδὴ
647 1236 691 1312 δέ,
716 1231 761 1313 ῶς
776 1236 890 1314 ἔοικεν,
914 1233 952 1300 οῦ
975 1238 1118 1303 παύεται
1141 1234 1160 1302 ὅ

138 1330 297 1414 διάβολος
320 1330 375 1396 διὰ
398 1334 464 1396 τῶν
487 1331 616 1397 οἰκείων
639 1335 762 1398 σκευῶν
779 1331 975 1411 σπουδάζων
990 1332 1066 1401 καθ’
1084 1335 1161 1401 ἑαυ-

137 1427 205 1505 τὸν,
231 1428 287 1492 ἵνα
310 1427 348 1514 δὴ
372 1427 507 1505 πάντως
529 1428 570 1494 τά
592 1455 628 1495 τε
657 1430 751 1512 παρὰ
780 1433 838 1494 τοῦ
866 1435 979 1512 κυρίου
1013 1456 1160 1518 προρρη-

137 1531 246 1590 θέντα
267 1527 322 1590 καὶ
345 1523 400 1591 διὰ
422 1528 480 1590 τοῦ
503 1522 598 1610 ἁγίου
625 1521 816 1592 ἀποστόλου
839 1525 1012 1611 σῦμιρωνα,
1036 1523 1081 1605 ῶς
1101 1529 1183 1595 έπλε

136 1622 338 1708 προφυλακῇ
372 1626 438 1688 τῶν
473 1627 603 1688 πιστῶν
638 1629 842 1709 κηρυχθέντα
872 1624 919 1701 εἷς
947 1617 1158 1690 ἀποστασίαν

137 1718 326 1804 ἐργάσηται,
350 1718 495 1785 ἐπινοῶν
517 1721 710 1803 καινισμοῦς
739 1720 822 1786 κατὰ
849 1724 908 1807 τῆς
934 1721 1159 1804 ἐκκλησιαστι-

134 1818 195 1900 κῆς
216 1821 372 1895 πίστεως,
396 1816 451 1882 καὶ
474 1821 529 1883 νῦν
553 1818 586 1883 ίν
608 1816 783 1903 μορφῶοει
804 1817 897 1896 τινάς
920 1812 1087 1902 εὐσεβείας
1109 1819 1160 1885 ol-

133 1912 357 1991 κειώαασθαι,
384 1917 437 1980 καὶ
459 1915 618 1999 βεβήλους
639 1922 863 2000 καινοφωνίας
886 1909 926 1980 δι’
952 1911 1060 1981 αῦτῶν
1083 1915 1159 1982 ἐπι-

133 2013 258 2094 νοῆσαι
279 2009 362 2076 κατὰ
383 2014 441 2095 τῆς
464 2008 617 2095 εὐσεβοῦς
639 2012 852 2096 γνησιάτητος
880 2015 938 2077 τοῦ
960 2017 1159 2096 μονογενοῦς
1169 2024 1197 2073 10

132 2109 211 2173 υἱοῦ
233 2111 294 2173 τοῦ
316 2112 410 2186 θεοῦ,
438 2109 601 2192 πρότερον
623 2112 682 2192 μὲν
706 2105 878 2187 άκοῦοντες
899 2109 983 2175 κατὰ
1003 2109 1062 2195 τῆν
1081 2106 1158 2176 Ἀν-

130 2204 284 2286 τιόχειαν
306 2208 486 2288 διατρέχειν
508 2205 609 2285 τινάς,
637 2201 795 2273 ἀλλὰκαὶ
818 2206 876 2291 τῆν
896 2202 1156 2289 Ἀλεξάνδρειαν,

85 2288 185 2370 Ὧέτι
217 2326 256 2367 τε
284 2305 338 2368 καὶ
367 2301 425 2388 τῆν
446 2305 597 2381 Λυδίαν,
640 2306 707 2370 εἴτε
739 2303 822 2369 κατὰ
853 2301 911 2388 τῆν
938 2297 1069 2379 Ἀσίαν,
1102 2305 1157 2369 καλ

127 2399 294 2484 ἐμβαλεῖν
334 2403 527 2485 σπινθῆρας
564 2396 717 2484 ἀσεβείας
759 2411 833 2477 ταῖς
868 2403 935 2464 τῶν
972 2394 1157 2466 ἁπλουστέ-

122 2522 203 2581 ρων
226 2507 367 2578 ψυχαῖς,
403 2497 578 2579 ἐλπίζομεν
601 2495 717 2563 διὰτὸ
739 2496 903 2582 τολμηρὸν
925 2499 982 2582 τῆς
1005 2490 1195 2580 άσεβείαςὶο

120 2597 188 2661 καλ
211 2596 373 2660 τοσοῦτον
396 2591 530 2672 ἀναιδὲς
551 2589 660 2659 αὐτῶν
686 2590 972 2676 ῦπερμαχοάντων,
1008 2597 1060 2660 καλ
1091 2597 1157 2660 τῶν

119 2689 220 2758 κατὰ
253 2689 360 2757 τόπον
392 2689 511 2775 κυρίων
545 2693 819 2775 συλλειτουργῶν,
853 2694 1067 2775 μαρανθῆναι
1099 2690 1157 2777 τῆν

125 2788 379 2872 ἐπενειχθεῖσαν
395 2790 523 2872 αἵρεσιν
546 2791 599 2854 καὶ
623 2792 810 2875 σβεσθῆναι
833 2787 890 2873 τὴν
906 2796 1030 2854 κακίαν.
1065 2789 1158 2854 ἒπει-

127 2886 171 2972 δῆ
206 2885 244 2951 δὲ
273 2884 346 2971 ἑξῆς
374 2886 410 2951 οἵ
429 2911 465 2952 τε
487 2886 521 2951 ἐκ
543 2889 609 2951 τῶν
631 2892 879 2971 προειρημένων
901 2885 1016 2951 τόπων
1039 2886 1157 2971 έπιδη-

130 2985 277 3064 μοῦντες
305 2986 359 3048 καὶ
393 2984 424 3048 οί
448 2977 517 3048 άπὸ
539 2986 605 3048 τῶν
626 2984 709 3049 κατὰ
738 2981 777 3048 τὸ
796 2978 968 3066 Ἰλλυρικὸν
992 2978 1196 3067 άπαγγέλ-ῖο

133 3080 262 3157 λουσιν,
296 3075 342 3156 ῶς
363 3079 512 3163 σπουδὴν
534 3087 684 3157 τιθέντες
707 3081 739 3145 οἱ
762 3080 879 3145 τοῦτου
902 3081 962 3145 τοῦ
983 3084 1081 3145 κακοῦ
1105 3080 1157 3158 ἔξ-

136 3173 281 3258 ευρεταὶ,
315 3175 371 3242 καὶ
399 3178 556 3255 πλείονας
582 3177 744 3261 βλάπτειν
772 3178 957 3259 τολμῶντες
989 3179 1044 3240 καὶ
1072 3175 1157 3257 πρὸς

136 3279 251 3340 κακίαν
274 3273 403 3356 ζυμοῦν,
428 3269 536 3340 σι’·κέτι
558 3270 775 3356 ἀνασχόμενοι
791 3270 1049 3356 ὑπερτίθεσθαι,
1073 3266 1157 3337 ἀλλὰ

118 3371 189 3437 λιταὶ
211 3380 285 3448 τοῖς
306 3371 495 3456 γράμμασιν
523 3371 769 3457 ἐντυγχάνοντες
797 3381 869 3447 τοῖς
895 3373 954 3434 τοῦ
984 3364 1156 3453 ὁμοιβάχου

136 3469 387 3553 συλλειτουργοῦ
409 3466 502 3554 ἡμῶν
524 3476 554 3534 Γ
553 3477 689 3553 εωργίου
718 3471 777 3532 τοῦ
799 3471 856 3553 τῆς
877 3467 1083 3544 Λαοδικείας
1105 3470 1194 3532 {vt-2¹>

135 3567 288 3650 κλησίας,
321 3556 367 3632 ῶν
398 3567 440 3632 τά
474 3561 638 3632 ἀντίτυπα
666 3561 873 3648 ὑπετάξαμεν
904 3565 958 3629 καὶ
985 3564 1045 3641 τὰς
1072 3589 1156 3648 μαρ-

132 3668 250 3748 τυρίας
271 3666 338 3728 τῶν
361 3666 673 3747 διαμαρτυραμένων
696 3662 783 3744 πρὸς
805 3657 891 3748 ῆμᾶς
912 3661 969 3727 ε’πλ
985 3664 1079 3738 θεοῦ,
1104 3658 1157 3726 εῦ-

133 3761 354 3847 λαβηθέντες,
384 3757 429 3839 ῶς
457 3760 603 3827 ἐνεδίδου
633 3756 802 3840 ὁκαιρὸς,
836 3762 895 3845 τῆς
918 3754 1012 3843 ἁγίας
1033 3755 1156 3841 ἡμέρας

131 3861 193 3923 τοῦ
211 3857 335 3940 Πάσχα
356 3857 572 3944 ἐπικειμένης,
596 3862 813 3938 συναχθέντες
836 3851 911 3921 ὅσοι
932 3880 969 3939 γε
990 3850 1157 3940 ῆδυνῆθη-

130 3978 194 4038 μεν
223 3957 301 4036 [καὶ]
334 3958 555 4040 συναχθῆναι,
591 3951 648 4019 διά
679 3953 717 4018 τὸ
745 3955 799 4019 καί
828 3951 886 4019 τὸν
912 3954 1057 4034 χειμῶνα
1083 3960 1195 4027 tolgan

131 4052 277 4131 πολλοῖς
304 4052 461 4135 ἐμποδῶν
488 4057 661 4139 γενέσθαι,
696 4046 742 4128 ῶς
770 4047 827 4115 διά
858 4052 925 4113 τῶν
956 4045 1156 4133 γραμμάτων

132 4146 312 4234 δσῆμαναν,
336 4149 502 4217 ἐκθέσθαι
523 4151 571 4228 είς
592 4152 690 4216 τοῦτο
713 4147 752 4213 τὸ
775 4141 864 4223 εἶδος
877 4147 936 4231 τῆς
950 4150 1096 4222 πίστεως
1117 4143 1156 4210 τὸ

131 4245 261 4331 ίδίωμα
282 4245 553 4332 ἐσπουδάσαμεν,
587 4242 666 4313 ὅσον
689 4245 746 4312 ἐπὶ
768 4253 840 4323 τοῖς
868 4243 1017 4320 λοιποῖς,
1052 4245 1091 4328 τῇ
1122 4242 1156 4309 ίν

1001 4494 1185 4600 Α
