<?xml version="1.0" encoding="UTF-8"?>
<!DOCTYPE html PUBLIC "-//W3C//DTD XHTML 1.0 Transitional//EN"
    "http://www.w3.org/TR/xhtml1/DTD/xhtml1-transitional.dtd">
<html xmlns="http://www.w3.org/1999/xhtml" xml:lang="en" lang="en">
 <head>
  <title>
</title>
<meta http-equiv="Content-Type" content="text/html;charset=utf-8" />
  <meta name='ocr-system' content='tesseract 3.04.00' />
  <meta name='ocr-capabilities' content='ocr_page ocr_carea ocr_par ocr_line ocrx_word'/>
</head>
<body>
  <div class='ocr_page' id='page_1' title='image "./opera01dindgoog_0258.png"; bbox 0 0 2867 5084; ppageno 0'>
   <div class='ocr_carea' id='block_1_1' title="bbox 232 926 1027 1004">
    <p class='ocr_par' dir='ltr' id='par_1_1' title="bbox 232 926 1027 1004">
     <span class='ocr_line' id='line_1_1' title="bbox 232 926 1027 1004; baseline -0.009 -13"><span class='ocrx_word' id='word_1_1' title='bbox 232 926 296 993; x_wconf 75' lang='lat'><strong><em>228</em></strong></span> <span class='ocrx_word' id='word_1_2' title='bbox 459 939 663 989; x_wconf 77' lang='grc' dir='ltr'><strong><em>ωιιυωνιον</em></strong></span> <span class='ocrx_word' id='word_1_3' title='bbox 678 938 775 1004; x_wconf 66' lang='grc' dir='ltr'><strong><em>τιτι</em></strong></span> <span class='ocrx_word' id='word_1_4' title='bbox 792 936 980 989; x_wconf 75' lang='grc' dir='ltr'><strong><em>ιιειιειιιισ</em></strong></span> <span class='ocrx_word' id='word_1_5' title='bbox 996 936 1027 985; x_wconf 81' lang='grc' dir='ltr'><strong><em>ιι.</em></strong></span> 
     </span>
    </p>
   </div>
   <div class='ocr_carea' id='block_1_2' title="bbox 122 1076 1164 4289">
    <p class='ocr_par' dir='ltr' id='par_1_2' title="bbox 122 1076 1164 4289">
     <span class='ocr_line' id='line_1_2' title="bbox 231 1076 1164 1175; baseline -0.004 -16"><span class='ocrx_word' id='word_1_6' title='bbox 231 1076 335 1172; x_wconf 81' lang='grc' dir='ltr'><strong><em>τέλος,</em></strong></span> <span class='ocrx_word' id='word_1_7' title='bbox 353 1085 565 1174; x_wconf 77' lang='grc' dir='ltr'><em>ὁμολογεῖται</em></span> <span class='ocrx_word' id='word_1_8' title='bbox 581 1085 632 1153; x_wconf 87' lang='grc' dir='ltr'><strong><em>ότι</em></strong></span> <span class='ocrx_word' id='word_1_9' title='bbox 649 1085 813 1169; x_wconf 84' lang='grc' dir='ltr'><strong><em>ἀκτιστος,</em></strong></span> <span class='ocrx_word' id='word_1_10' title='bbox 835 1090 889 1154; x_wconf 80' lang='grc' dir='ltr'><strong><em>καὶ</em></strong></span> <span class='ocrx_word' id='word_1_11' title='bbox 906 1081 1138 1175; x_wconf 80' lang='grc' dir='ltr'><strong><em>ἆναμφίβολόν</em></strong></span> <span class='ocrx_word' id='word_1_12' title='bbox 1154 1085 1164 1155; x_wconf 89' lang='grc' dir='ltr'><strong><em>ί</em></strong></span> 
     </span>
     <span class='ocr_line' id='line_1_3' title="bbox 233 1177 1164 1273; baseline -0.005 -16"><span class='ocrx_word' id='word_1_13' title='bbox 233 1184 380 1273; x_wconf 86' lang='grc' dir='ltr'><strong><em>οῦδαμοῦ</em></strong></span> <span class='ocrx_word' id='word_1_14' title='bbox 404 1188 439 1253; x_wconf 85' lang='grc' dir='ltr'><strong><em>δὲ</em></strong></span> <span class='ocrx_word' id='word_1_15' title='bbox 462 1187 542 1270; x_wconf 84' lang='grc' dir='ltr'><strong><em>περὶ</em></strong></span> <span class='ocrx_word' id='word_1_16' title='bbox 563 1180 664 1252; x_wconf 78' lang='grc' dir='ltr'><strong><em>αὐτοῦ</em></strong></span> <span class='ocrx_word' id='word_1_17' title='bbox 686 1188 785 1252; x_wconf 76' lang='grc' dir='ltr'><strong><em>τοῦτο</em></strong></span> <span class='ocrx_word' id='word_1_18' title='bbox 807 1191 1000 1270; x_wconf 86' lang='grc' dir='ltr'><strong><em>γέγραπται.</em></strong></span> <span class='ocrx_word' id='word_1_19' title='bbox 1031 1177 1164 1269; x_wconf 78' lang='grc' dir='ltr'><strong><em>εόσεβεέ</em></strong></span> 
     </span>
     <span class='ocr_line' id='line_1_4' title="bbox 215 1275 1164 1371; baseline -0.006 -19"><span class='ocrx_word' id='word_1_20' title='bbox 215 1286 327 1371; x_wconf 78' lang='grc' dir='ltr'><strong><em>’χάριν</em></strong></span> <span class='ocrx_word' id='word_1_21' title='bbox 349 1279 603 1369; x_wconf 76' lang='grc' dir='ltr'><strong><em>ἀναγκαζόμεθα</em></strong></span> <span class='ocrx_word' id='word_1_22' title='bbox 624 1286 729 1349; x_wconf 88' lang='grc' dir='ltr'><strong><em>ταῦτα</em></strong></span> <span class='ocrx_word' id='word_1_23' title='bbox 748 1279 891 1368; x_wconf 77' lang='grc' dir='ltr'><em>εὐσεβῶς</em></span> <span class='ocrx_word' id='word_1_24' title='bbox 905 1279 985 1368; x_wconf 82' lang='grc' dir='ltr'><strong><em>περὶ</em></strong></span> <span class='ocrx_word' id='word_1_25' title='bbox 1000 1275 1102 1348; x_wconf 78' lang='grc' dir='ltr'><strong><em>αὐτοῦ</em></strong></span> <span class='ocrx_word' id='word_1_26' title='bbox 1119 1305 1164 1370; x_wconf 85' lang='grc' dir='ltr'><strong><em>φρ</em></strong></span> 
     </span>
     <span class='ocr_line' id='line_1_5' title="bbox 231 1369 1162 1467; baseline -0.002 -20"><span class='ocrx_word' id='word_1_27' title='bbox 231 1384 343 1450; x_wconf 79' lang='grc' dir='ltr'><strong><em>τεκαὶ</em></strong></span> <span class='ocrx_word' id='word_1_28' title='bbox 366 1382 480 1467; x_wconf 90' lang='grc' dir='ltr'><strong><em>λέγειν,</em></strong></span> <span class='ocrx_word' id='word_1_29' title='bbox 504 1379 563 1447; x_wconf 84' lang='grc' dir='ltr'><strong><em>κάν</em></strong></span> <span class='ocrx_word' id='word_1_30' title='bbox 586 1406 622 1446; x_wconf 91' lang='grc' dir='ltr'><strong><em>τε</em></strong></span> <span class='ocrx_word' id='word_1_31' title='bbox 643 1380 687 1464; x_wconf 81' lang='grc' dir='ltr'><strong><em>μὴ</em></strong></span> <span class='ocrx_word' id='word_1_32' title='bbox 702 1369 723 1466; x_wconf 78' lang='grc' dir='ltr'><em>ᾗ</em></span> <span class='ocrx_word' id='word_1_33' title='bbox 738 1386 969 1466; x_wconf 88' lang='grc' dir='ltr'><strong><em>γεγραμμένον.</em></strong></span> <span class='ocrx_word' id='word_1_34' title='bbox 1000 1375 1107 1458; x_wconf 84' lang='grc' dir='ltr'><strong><em>οῦτως</em></strong></span> <span class='ocrx_word' id='word_1_35' title='bbox 1122 1376 1162 1445; x_wconf 84' lang='grc' dir='ltr'><strong><em>τό</em></strong></span> 
     </span>
     <span class='ocr_line' id='line_1_6' title="bbox 207 1466 1163 1565; baseline -0.003 -19"><span class='ocrx_word' id='word_1_36' title='bbox 207 1483 290 1547; x_wconf 79' lang='grc' dir='ltr'><strong><em>5τοῦ</em></strong></span> <span class='ocrx_word' id='word_1_37' title='bbox 314 1475 493 1564; x_wconf 90' lang='grc' dir='ltr'><strong><em>δμοουσίοο</em></strong></span> <span class='ocrx_word' id='word_1_38' title='bbox 518 1472 770 1563; x_wconf 62' lang='grc' dir='ltr'><strong><em>ἀναγκαζόμεθα</em></strong></span> <span class='ocrx_word' id='word_1_39' title='bbox 793 1480 913 1563; x_wconf 88' lang='grc' dir='ltr'><strong><em>λέγειν,</em></strong></span> <span class='ocrx_word' id='word_1_40' title='bbox 946 1475 975 1543; x_wconf 82' lang='grc' dir='ltr'><strong><em>εἰ</em></strong></span> <span class='ocrx_word' id='word_1_41' title='bbox 997 1476 1119 1565; x_wconf 76' lang='grc' dir='ltr'><strong><em>καὶμὴ</em></strong></span> <span class='ocrx_word' id='word_1_42' title='bbox 1141 1466 1163 1564; x_wconf 76' lang='grc' dir='ltr'><em>ἢ</em></span> 
     </span>
     <span class='ocr_line' id='line_1_7' title="bbox 231 1574 1164 1664; baseline -0.006 -18"><span class='ocrx_word' id='word_1_43' title='bbox 231 1585 418 1664; x_wconf 86' lang='grc' dir='ltr'><strong><em>γραμμένον</em></strong></span> <span class='ocrx_word' id='word_1_44' title='bbox 439 1574 522 1643; x_wconf 84' lang='grc' dir='ltr'><strong><em>κατὰ</em></strong></span> <span class='ocrx_word' id='word_1_45' title='bbox 544 1576 602 1662; x_wconf 72' lang='grc' dir='ltr'><strong><em>τὴν</em></strong></span> <span class='ocrx_word' id='word_1_46' title='bbox 619 1575 707 1641; x_wconf 78' lang='grc' dir='ltr'><strong><em>ἰδίαν</em></strong></span> <span class='ocrx_word' id='word_1_47' title='bbox 722 1576 886 1659; x_wconf 83' lang='grc' dir='ltr'><strong><em>γλῶσσαν,</em></strong></span> <span class='ocrx_word' id='word_1_48' title='bbox 909 1574 993 1659; x_wconf 85' lang='grc' dir='ltr'><strong><em>μετὰ</em></strong></span> <span class='ocrx_word' id='word_1_49' title='bbox 1008 1576 1164 1661; x_wconf 71' lang='grc' dir='ltr'><strong><em>στενοπῆς</em></strong></span> 
     </span>
     <span class='ocr_line' id='line_1_8' title="bbox 231 1666 1146 1761; baseline -0.002 -21"><span class='ocrx_word' id='word_1_50' title='bbox 231 1675 346 1761; x_wconf 90' lang='grc' dir='ltr'><strong><em>λόγων,</em></strong></span> <span class='ocrx_word' id='word_1_51' title='bbox 371 1675 400 1741; x_wconf 80' lang='grc' dir='ltr'><strong><em>εἰ</em></strong></span> <span class='ocrx_word' id='word_1_52' title='bbox 422 1672 477 1740; x_wconf 84' lang='grc' dir='ltr'><strong><em>καὶ</em></strong></span> <span class='ocrx_word' id='word_1_53' title='bbox 500 1671 624 1751; x_wconf 86' lang='grc' dir='ltr'><strong><em>δόξειεν</em></strong></span> <span class='ocrx_word' id='word_1_54' title='bbox 646 1675 745 1739; x_wconf 87' lang='grc' dir='ltr'><strong><em>τοῦτο</em></strong></span> <span class='ocrx_word' id='word_1_55' title='bbox 769 1667 854 1740; x_wconf 78' lang='grc' dir='ltr'><strong><em>εἶναι</em></strong></span> <span class='ocrx_word' id='word_1_56' title='bbox 876 1666 960 1757; x_wconf 78' lang='grc' dir='ltr'><strong><em>δπὲρ</em></strong></span> <span class='ocrx_word' id='word_1_57' title='bbox 983 1668 1146 1759; x_wconf 78' lang='grc' dir='ltr'><strong><em>ἡμᾶςκαὶ</em></strong></span> 
     </span>
     <span class='ocr_line' id='line_1_9' title="bbox 198 1762 1157 1856; baseline -0.003 -20"><span class='ocrx_word' id='word_1_58' title='bbox 198 1762 289 1856; x_wconf 65' lang='grc' dir='ltr'><strong><em>’τὴν</em></strong></span> <span class='ocrx_word' id='word_1_59' title='bbox 311 1768 402 1856; x_wconf 82' lang='grc' dir='ltr'><strong><em>ἡμῶν</em></strong></span> <span class='ocrx_word' id='word_1_60' title='bbox 426 1768 527 1856; x_wconf 72' lang='grc' dir='ltr'><strong><em>φῦσιν</em></strong></span> <span class='ocrx_word' id='word_1_61' title='bbox 549 1768 588 1834; x_wconf 91' lang='grc' dir='ltr'><strong><em>τὸ</em></strong></span> <span class='ocrx_word' id='word_1_62' title='bbox 611 1768 689 1853; x_wconf 83' lang='grc' dir='ltr'><strong><em>περὶ</em></strong></span> <span class='ocrx_word' id='word_1_63' title='bbox 711 1773 795 1837; x_wconf 85' lang='grc' dir='ltr'><strong><em>θεοῦ</em></strong></span> <span class='ocrx_word' id='word_1_64' title='bbox 820 1771 1045 1854; x_wconf 86' lang='grc' dir='ltr'><strong><em>διαλέγεσθαι.</em></strong></span> <span class='ocrx_word' id='word_1_65' title='bbox 1074 1762 1157 1835; x_wconf 82' lang='grc' dir='ltr'><strong><em>ἀλλ’-</em></strong></span> 
     </span>
     <span class='ocr_line' id='line_1_10' title="bbox 162 1862 1164 1954; baseline 0 -22"><span class='ocrx_word' id='word_1_66' title='bbox 162 1947 164 1949; x_wconf 23' lang='grc'><strong><em>,</em></strong></span> <span class='ocrx_word' id='word_1_67' title='bbox 231 1862 331 1945; x_wconf 88' lang='grc' dir='ltr'><strong><em>αῦτος</em></strong></span> <span class='ocrx_word' id='word_1_68' title='bbox 353 1862 371 1930; x_wconf 92' lang='grc' dir='ltr'><strong><em>δ</em></strong></span> <span class='ocrx_word' id='word_1_69' title='bbox 394 1868 504 1951; x_wconf 84' lang='grc' dir='ltr'><strong><em>κύριος</em></strong></span> <span class='ocrx_word' id='word_1_70' title='bbox 526 1866 825 1954; x_wconf 74' lang='grc' dir='ltr'><strong><em>συγγνωμονήσειεν</em></strong></span> <span class='ocrx_word' id='word_1_71' title='bbox 847 1863 936 1953; x_wconf 78' lang='grc' dir='ltr'><strong><em>ἡμῖν,</em></strong></span> <span class='ocrx_word' id='word_1_72' title='bbox 959 1867 1164 1950; x_wconf 71' lang='grc' dir='ltr'><strong><em>βουλομένου</em></strong></span> 
     </span>
     <span class='ocr_line' id='line_1_11' title="bbox 194 1958 1163 2052; baseline -0.003 -19"><span class='ocrx_word' id='word_1_73' title='bbox 194 1959 315 2049; x_wconf 82' lang='grc' dir='ltr'><strong><em>Ιθδπέρ</em></strong></span> <span class='ocrx_word' id='word_1_74' title='bbox 338 1962 499 2051; x_wconf 76' lang='grc' dir='ltr'><strong><em>θεότητος</em></strong></span> <span class='ocrx_word' id='word_1_75' title='bbox 522 1959 780 2049; x_wconf 87' lang='grc' dir='ltr'><strong><em>ἀπολογεῖσθαι,</em></strong></span> <span class='ocrx_word' id='word_1_76' title='bbox 804 1968 862 2050; x_wconf 80' lang='grc' dir='ltr'><strong><em>τῆς</em></strong></span> <span class='ocrx_word' id='word_1_77' title='bbox 885 1958 1057 2043; x_wconf 88' lang='grc' dir='ltr'><strong><em>ἀνενδεσῦς</em></strong></span> <span class='ocrx_word' id='word_1_78' title='bbox 1080 1961 1163 2052; x_wconf 81' lang='grc' dir='ltr'><strong><em>οῦση</em></strong></span> 
     </span>
     <span class='ocr_line' id='line_1_12' title="bbox 230 2056 1164 2149; baseline 0.001 -21"><span class='ocrx_word' id='word_1_79' title='bbox 230 2056 323 2149; x_wconf 77' lang='grc' dir='ltr'><strong><em>ἡμῶν</em></strong></span> <span class='ocrx_word' id='word_1_80' title='bbox 346 2060 544 2140; x_wconf 86' lang='grc' dir='ltr'><strong><em>συστάσεως.</em></strong></span> <span class='ocrx_word' id='word_1_81' title='bbox 576 2056 660 2128; x_wconf 85' lang='grc' dir='ltr'><strong><em>ἀλλὰ</em></strong></span> <span class='ocrx_word' id='word_1_82' title='bbox 683 2062 735 2128; x_wconf 82' lang='grc' dir='ltr'><strong><em>δεῖ</em></strong></span> <span class='ocrx_word' id='word_1_83' title='bbox 757 2056 900 2146; x_wconf 78' lang='grc' dir='ltr'><strong><em>εῦσεβιῦς</em></strong></span> <span class='ocrx_word' id='word_1_84' title='bbox 921 2063 1093 2147; x_wconf 83' lang='grc' dir='ltr'><strong><em>λέγεινναί</em></strong></span> <span class='ocrx_word' id='word_1_85' title='bbox 1111 2056 1164 2129; x_wconf 86' lang='grc' dir='ltr'><strong><em>εῦσ</em></strong></span> 
     </span>
     <span class='ocr_line' id='line_1_13' title="bbox 231 2153 718 2245; baseline -0.004 -19"><span class='ocrx_word' id='word_1_86' title='bbox 231 2170 329 2237; x_wconf 82' lang='grc' dir='ltr'><strong><em>νοεῖν,</em></strong></span> <span class='ocrx_word' id='word_1_87' title='bbox 352 2159 408 2225; x_wconf 78' lang='grc' dir='ltr'><strong><em>ἵνα</em></strong></span> <span class='ocrx_word' id='word_1_88' title='bbox 430 2157 474 2245; x_wconf 77' lang='grc' dir='ltr'><strong><em>μὴ</em></strong></span> <span class='ocrx_word' id='word_1_89' title='bbox 498 2153 718 2242; x_wconf 85' lang='grc' dir='ltr'><strong><em>ἀπολώμεθα.</em></strong></span> 
     </span>
     <span class='ocr_line' id='line_1_14' title="bbox 318 2252 1164 2344; baseline 0.005 -22"><span class='ocrx_word' id='word_1_90' title='bbox 318 2262 367 2322; x_wconf 87' lang='grc'><strong><em>73.</em></strong></span> <span class='ocrx_word' id='word_1_91' title='bbox 403 2264 522 2322; x_wconf 77' lang='grc' dir='ltr'><strong><em>Τοίνυν</em></strong></span> <span class='ocrx_word' id='word_1_92' title='bbox 550 2252 759 2342; x_wconf 83' lang='grc' dir='ltr'><strong><em>ἀπσκρίθητε</em></strong></span> <span class='ocrx_word' id='word_1_93' title='bbox 786 2255 865 2344; x_wconf 80' lang='grc' dir='ltr'><strong><em>ἡμῖν</em></strong></span> <span class='ocrx_word' id='word_1_94' title='bbox 895 2256 928 2322; x_wconf 80' lang='grc' dir='ltr'><strong><em>οἱ</em></strong></span> <span class='ocrx_word' id='word_1_95' title='bbox 954 2261 1013 2323; x_wconf 88' lang='grc' dir='ltr'><strong><em>τοῦ</em></strong></span> <span class='ocrx_word' id='word_1_96' title='bbox 1033 2252 1164 2342; x_wconf 76' lang='grc' dir='ltr'><strong><em>Ἀρείσυ</em></strong></span> 
     </span>
     <span class='ocr_line' id='line_1_15' title="bbox 230 2347 1164 2442; baseline -0.001 -24"><span class='ocrx_word' id='word_1_97' title='bbox 230 2356 344 2440; x_wconf 79' lang='grc' dir='ltr'><strong><em>θηταὶ,</em></strong></span> <span class='ocrx_word' id='word_1_98' title='bbox 368 2347 541 2440; x_wconf 75' lang='grc' dir='ltr'><strong><em>ἀγέννητον</em></strong></span> <span class='ocrx_word' id='word_1_99' title='bbox 564 2356 699 2440; x_wconf 85' lang='grc' dir='ltr'><strong><em>λέγομεν</em></strong></span> <span class='ocrx_word' id='word_1_100' title='bbox 722 2353 845 2431; x_wconf 84' lang='grc' dir='ltr'><strong><em>πάντες</em></strong></span> <span class='ocrx_word' id='word_1_101' title='bbox 867 2349 950 2437; x_wconf 87' lang='grc' dir='ltr'><strong><em>όμοῦ</em></strong></span> <span class='ocrx_word' id='word_1_102' title='bbox 972 2353 1030 2420; x_wconf 89' lang='grc' dir='ltr'><strong><em>τόν</em></strong></span> <span class='ocrx_word' id='word_1_103' title='bbox 1052 2362 1164 2442; x_wconf 79' lang='grc' dir='ltr'><strong><em>πατέρ.</em></strong></span> 
     </span>
     <span class='ocr_line' id='line_1_16' title="bbox 192 2446 1164 2538; baseline 0 -17"><span class='ocrx_word' id='word_1_104' title='bbox 192 2447 392 2528; x_wconf 69' lang='grc' dir='ltr'><strong><em>ῑδόκτιστον,</em></strong></span> <span class='ocrx_word' id='word_1_105' title='bbox 416 2454 469 2516; x_wconf 80' lang='grc' dir='ltr'><strong><em>καὶ</em></strong></span> <span class='ocrx_word' id='word_1_106' title='bbox 493 2451 671 2538; x_wconf 75' lang='grc' dir='ltr'><strong><em>θαυμαστὴ</em></strong></span> <span class='ocrx_word' id='word_1_107' title='bbox 696 2446 713 2537; x_wconf 77' lang='grc' dir='ltr'><em>ἦ</em></span> <span class='ocrx_word' id='word_1_108' title='bbox 738 2452 824 2530; x_wconf 84' lang='grc' dir='ltr'><strong><em>λέξις</em></strong></span> <span class='ocrx_word' id='word_1_109' title='bbox 847 2451 1009 2538; x_wconf 91' lang='grc' dir='ltr'><strong><em>δηλονότι.</em></strong></span> <span class='ocrx_word' id='word_1_110' title='bbox 1050 2456 1120 2518; x_wconf 86' lang='grc' dir='ltr'><strong><em>ποῦ</em></strong></span> <span class='ocrx_word' id='word_1_111' title='bbox 1143 2479 1164 2521; x_wconf 82' lang='grc' dir='ltr'><strong><em>τ</em></strong></span> 
     </span>
     <span class='ocr_line' id='line_1_17' title="bbox 228 2545 1164 2635; baseline 0.002 -20"><span class='ocrx_word' id='word_1_112' title='bbox 228 2554 413 2634; x_wconf 83' lang='grc' dir='ltr'><strong><em>γέγραπται</em></strong></span> <span class='ocrx_word' id='word_1_113' title='bbox 434 2550 550 2629; x_wconf 85' lang='grc' dir='ltr'><strong><em>τσῦτο,·</em></strong></span> <span class='ocrx_word' id='word_1_114' title='bbox 577 2549 704 2628; x_wconf 83' lang='grc' dir='ltr'><strong><em>δείξατε</em></strong></span> <span class='ocrx_word' id='word_1_115' title='bbox 726 2547 784 2614; x_wconf 89' lang='grc' dir='ltr'><strong><em>τὸν</em></strong></span> <span class='ocrx_word' id='word_1_116' title='bbox 806 2548 922 2615; x_wconf 82' lang='grc' dir='ltr'><strong><em>τόπον.</em></strong></span> <span class='ocrx_word' id='word_1_117' title='bbox 969 2545 1044 2614; x_wconf 84' lang='grc' dir='ltr'><strong><em>δῦτε</em></strong></span> <span class='ocrx_word' id='word_1_118' title='bbox 1064 2548 1128 2635; x_wconf 90' lang='grc' dir='ltr'><strong><em>γὰρ</em></strong></span> <span class='ocrx_word' id='word_1_119' title='bbox 1151 2574 1164 2617; x_wconf 79' lang='grc' dir='ltr'><strong><em>ν</em></strong></span> 
     </span>
     <span class='ocr_line' id='line_1_18' title="bbox 230 2640 1164 2732; baseline 0.003 -20"><span class='ocrx_word' id='word_1_120' title='bbox 230 2646 356 2732; x_wconf 73' lang='grc' dir='ltr'><strong><em>εἴρηκεν</em></strong></span> <span class='ocrx_word' id='word_1_121' title='bbox 379 2641 455 2710; x_wconf 83' lang='grc' dir='ltr'><strong><em>οῦτε</em></strong></span> <span class='ocrx_word' id='word_1_122' title='bbox 477 2647 651 2730; x_wconf 76' lang='grc' dir='ltr'><strong><em>προφῆται</em></strong></span> <span class='ocrx_word' id='word_1_123' title='bbox 669 2642 745 2712; x_wconf 83' lang='grc' dir='ltr'><strong><em>σῦτε</em></strong></span> <span class='ocrx_word' id='word_1_124' title='bbox 761 2640 947 2731; x_wconf 71' lang='grc' dir='ltr'><strong><em>εὐαγγέλιον</em></strong></span> <span class='ocrx_word' id='word_1_125' title='bbox 963 2643 1039 2713; x_wconf 86' lang='grc' dir='ltr'><strong><em>οῦτε</em></strong></span> <span class='ocrx_word' id='word_1_126' title='bbox 1055 2641 1164 2715; x_wconf 82' lang='grc' dir='ltr'><strong><em>ἀπόστ</em></strong></span> 
     </span>
     <span class='ocr_line' id='line_1_19' title="bbox 122 2735 1164 2831; baseline 0.003 -23"><span class='ocrx_word' id='word_1_127' title='bbox 122 2802 125 2808; x_wconf 93' lang='grc'><em>.</em></span> <span class='ocrx_word' id='word_1_128' title='bbox 230 2742 260 2809; x_wconf 81' lang='grc' dir='ltr'><strong><em>ελ</em></strong></span> <span class='ocrx_word' id='word_1_129' title='bbox 287 2749 398 2808; x_wconf 91' lang='grc' dir='ltr'><strong><em>τοίνυν</em></strong></span> <span class='ocrx_word' id='word_1_130' title='bbox 427 2735 570 2824; x_wconf 78' lang='grc' dir='ltr'><strong><em>εάσεβιῦς</em></strong></span> <span class='ocrx_word' id='word_1_131' title='bbox 596 2743 730 2828; x_wconf 83' lang='grc' dir='ltr'><strong><em>λέγομεν</em></strong></span> <span class='ocrx_word' id='word_1_132' title='bbox 754 2744 840 2820; x_wconf 84' lang='grc' dir='ltr'><strong><em>λέξιν</em></strong></span> <span class='ocrx_word' id='word_1_133' title='bbox 863 2743 906 2831; x_wconf 80' lang='grc' dir='ltr'><strong><em>μὴ</em></strong></span> <span class='ocrx_word' id='word_1_134' title='bbox 929 2750 1164 2830; x_wconf 80' lang='grc' dir='ltr'><strong><em>γεγραμμένην,</em></strong></span> 
     </span>
     <span class='ocr_line' id='line_1_20' title="bbox 229 2833 1155 2926; baseline 0 -20"><span class='ocrx_word' id='word_1_135' title='bbox 229 2837 320 2906; x_wconf 76' lang='grc' dir='ltr'><strong><em>ἐστὶν</em></strong></span> <span class='ocrx_word' id='word_1_136' title='bbox 348 2833 513 2924; x_wconf 78' lang='grc' dir='ltr'><strong><em>ἀποδεκτη</em></strong></span> <span class='ocrx_word' id='word_1_137' title='bbox 545 2833 628 2921; x_wconf 77' lang='grc' dir='ltr'><strong><em>ὑπὲρ</em></strong></span> <span class='ocrx_word' id='word_1_138' title='bbox 659 2838 755 2924; x_wconf 88' lang='grc' dir='ltr'><strong><em>δόξης</em></strong></span> <span class='ocrx_word' id='word_1_139' title='bbox 783 2843 867 2907; x_wconf 85' lang='grc' dir='ltr'><strong><em>θεοῦ</em></strong></span> <span class='ocrx_word' id='word_1_140' title='bbox 896 2841 1069 2926; x_wconf 81' lang='grc' dir='ltr'><strong><em>λεγομένη,</em></strong></span> <span class='ocrx_word' id='word_1_141' title='bbox 1100 2848 1155 2921; x_wconf 84' lang='grc' dir='ltr'><strong><em>τίς</em></strong></span> 
     </span>
     <span class='ocr_line' id='line_1_21' title="bbox 190 2925 1164 3024; baseline 0.002 -21"><span class='ocrx_word' id='word_1_142' title='bbox 190 2934 440 3021; x_wconf 72' lang='grc' dir='ltr'><strong><em>εοέγιαλέσειεν,</em></strong></span> <span class='ocrx_word' id='word_1_143' title='bbox 465 2935 551 3022; x_wconf 77' lang='grc' dir='ltr'><strong><em>εἰμὴ</em></strong></span> <span class='ocrx_word' id='word_1_144' title='bbox 566 2935 620 3000; x_wconf 82' lang='grc' dir='ltr'><strong><em>καὶ</em></strong></span> <span class='ocrx_word' id='word_1_145' title='bbox 636 2934 680 3020; x_wconf 79' lang='grc' dir='ltr'><strong><em>μὴ</em></strong></span> <span class='ocrx_word' id='word_1_146' title='bbox 693 2925 732 3021; x_wconf 76' lang='grc' dir='ltr'><strong><em>ἦν</em></strong></span> <span class='ocrx_word' id='word_1_147' title='bbox 754 2936 792 3000; x_wconf 88' lang='grc' dir='ltr'><strong><em>τὸ</em></strong></span> <span class='ocrx_word' id='word_1_148' title='bbox 817 2933 995 3020; x_wconf 80' lang='grc' dir='ltr'><strong><em>δμσοέσισν</em></strong></span> <span class='ocrx_word' id='word_1_149' title='bbox 1017 2963 1164 3024; x_wconf 88' lang='grc' dir='ltr'><strong><em>γεγραμμ</em></strong></span> 
     </span>
     <span class='ocr_line' id='line_1_22' title="bbox 229 3023 1163 3123; baseline 0.004 -23"><span class='ocrx_word' id='word_1_150' title='bbox 229 3027 391 3116; x_wconf 88' lang='grc' dir='ltr'><strong><em>εῦρόντων</em></strong></span> <span class='ocrx_word' id='word_1_151' title='bbox 423 3028 516 3120; x_wconf 80' lang='grc' dir='ltr'><strong><em>ἡμῶν</em></strong></span> <span class='ocrx_word' id='word_1_152' title='bbox 550 3031 662 3117; x_wconf 85' lang='grc' dir='ltr'><strong><em>λόγον,</em></strong></span> <span class='ocrx_word' id='word_1_153' title='bbox 697 3026 737 3098; x_wconf 80' lang='grc' dir='ltr'><strong><em>δι’</em></strong></span> <span class='ocrx_word' id='word_1_154' title='bbox 770 3023 809 3099; x_wconf 78' lang='grc' dir='ltr'><strong><em>οὗ</em></strong></span> <span class='ocrx_word' id='word_1_155' title='bbox 841 3034 939 3121; x_wconf 88' lang='grc' dir='ltr'><strong><em>λόγου</em></strong></span> <span class='ocrx_word' id='word_1_156' title='bbox 969 3036 1163 3123; x_wconf 89' lang='grc' dir='ltr'><strong><em>δυνησόμεθ</em></strong></span> 
     </span>
     <span class='ocr_line' id='line_1_23' title="bbox 176 3125 1151 3219; baseline 0.005 -23"><span class='ocrx_word' id='word_1_157' title='bbox 176 3203 178 3205; x_wconf 55' lang='grc'><strong><em>,</em></strong></span> <span class='ocrx_word' id='word_1_158' title='bbox 229 3125 378 3219; x_wconf 79' lang='grc' dir='ltr'><strong><em>ἀσφαλὲς</em></strong></span> <span class='ocrx_word' id='word_1_159' title='bbox 394 3125 597 3218; x_wconf 77' lang='grc' dir='ltr'><strong><em>ὁμολογῆσαι</em></strong></span> <span class='ocrx_word' id='word_1_160' title='bbox 611 3133 670 3217; x_wconf 81' lang='grc' dir='ltr'><strong><em>τῆς</em></strong></span> <span class='ocrx_word' id='word_1_161' title='bbox 684 3126 777 3218; x_wconf 78' lang='grc' dir='ltr'><strong><em>ἡμῶν</em></strong></span> <span class='ocrx_word' id='word_1_162' title='bbox 794 3140 957 3218; x_wconf 87' lang='grc' dir='ltr'><strong><em>σωτηρίας</em></strong></span> <span class='ocrx_word' id='word_1_163' title='bbox 964 3162 974 3213; x_wconf 90' lang='grc'><strong><em>,·</em></strong></span> <span class='ocrx_word' id='word_1_164' title='bbox 998 3127 1066 3198; x_wconf 81' lang='grc' dir='ltr'><strong><em>ἀλλ’</em></strong></span> <span class='ocrx_word' id='word_1_165' title='bbox 1086 3133 1151 3201; x_wconf 81' lang='grc' dir='ltr'><strong><em>εἰσί</em></strong></span> 
     </span>
     <span class='ocr_line' id='line_1_24' title="bbox 158 3224 1164 3314; baseline 0.005 -21"><span class='ocrx_word' id='word_1_166' title='bbox 158 3304 161 3309; x_wconf 40' lang='grc'><strong><em>,</em></strong></span> <span class='ocrx_word' id='word_1_167' title='bbox 227 3238 340 3313; x_wconf 89' lang='grc' dir='ltr'><strong><em>τυρίαι</em></strong></span> <span class='ocrx_word' id='word_1_168' title='bbox 366 3226 449 3312; x_wconf 86' lang='grc' dir='ltr'><strong><em>μετὰ</em></strong></span> <span class='ocrx_word' id='word_1_169' title='bbox 471 3231 524 3293; x_wconf 82' lang='grc' dir='ltr'><strong><em>καὶ</em></strong></span> <span class='ocrx_word' id='word_1_170' title='bbox 547 3230 605 3294; x_wconf 87' lang='grc' dir='ltr'><strong><em>τοῦ</em></strong></span> <span class='ocrx_word' id='word_1_171' title='bbox 629 3224 785 3312; x_wconf 73' lang='grc' dir='ltr'><strong><em>εὐσεβοῦς</em></strong></span> <span class='ocrx_word' id='word_1_172' title='bbox 807 3230 982 3314; x_wconf 83' lang='grc' dir='ltr'><strong><em>λογισμοῦ,</em></strong></span> <span class='ocrx_word' id='word_1_173' title='bbox 1014 3230 1052 3296; x_wconf 78' lang='grc' dir='ltr'><strong><em>αἵ</em></strong></span> <span class='ocrx_word' id='word_1_174' title='bbox 1071 3256 1107 3298; x_wconf 88' lang='grc' dir='ltr'><strong><em>τε</em></strong></span> <span class='ocrx_word' id='word_1_175' title='bbox 1130 3258 1164 3313; x_wconf 72' lang='lat' dir='ltr'>m</span> 
     </span>
     <span class='ocr_line' id='line_1_25' title="bbox 227 3323 1157 3410; baseline 0.005 -21"><span class='ocrx_word' id='word_1_176' title='bbox 227 3330 386 3409; x_wconf 87' lang='grc' dir='ltr'><strong><em>ταγμέναι</em></strong></span> <span class='ocrx_word' id='word_1_177' title='bbox 406 3328 460 3390; x_wconf 85' lang='grc' dir='ltr'><strong><em>καὶ</em></strong></span> <span class='ocrx_word' id='word_1_178' title='bbox 484 3323 583 3391; x_wconf 79' lang='grc' dir='ltr'><strong><em>ἄλλαι</em></strong></span> <span class='ocrx_word' id='word_1_179' title='bbox 605 3328 750 3405; x_wconf 84' lang='grc' dir='ltr'><strong><em>πλείους.</em></strong></span> <span class='ocrx_word' id='word_1_180' title='bbox 782 3326 1030 3410; x_wconf 84' lang='grc' dir='ltr'><strong><em>παρελεύσομαι</em></strong></span> <span class='ocrx_word' id='word_1_181' title='bbox 1049 3327 1157 3394; x_wconf 80' lang='grc' dir='ltr'><strong><em>δὲκαὶ</em></strong></span> 
     </span>
     <span class='ocr_line' id='line_1_26' title="bbox 188 3417 1152 3508; baseline 0.007 -23"><span class='ocrx_word' id='word_1_182' title='bbox 188 3439 285 3505; x_wconf 61' lang='lat' dir='ltr'><strong><em>mv</em></strong></span> <span class='ocrx_word' id='word_1_183' title='bbox 308 3420 365 3504; x_wconf 80' lang='grc' dir='ltr'><strong><em>τὴν</em></strong></span> <span class='ocrx_word' id='word_1_184' title='bbox 389 3422 485 3499; x_wconf 79' lang='grc' dir='ltr'><strong><em>λέξιν,</em></strong></span> <span class='ocrx_word' id='word_1_185' title='bbox 509 3423 637 3500; x_wconf 86' lang='grc' dir='ltr'><strong><em>καὶτὰς</em></strong></span> <span class='ocrx_word' id='word_1_186' title='bbox 653 3421 755 3501; x_wconf 85' lang='grc' dir='ltr'><strong><em>ἀλλος</em></strong></span> <span class='ocrx_word' id='word_1_187' title='bbox 770 3417 879 3491; x_wconf 73' lang='grc' dir='ltr'><strong><em>αῦταῖν</em></strong></span> <span class='ocrx_word' id='word_1_188' title='bbox 894 3427 952 3489; x_wconf 87' lang='grc' dir='ltr'><strong><em>τοῦ</em></strong></span> <span class='ocrx_word' id='word_1_189' title='bbox 970 3426 1152 3508; x_wconf 86' lang='grc' dir='ltr'><strong><em>δελεασμοῦ</em></strong></span> 
     </span>
     <span class='ocr_line' id='line_1_27' title="bbox 227 3511 1164 3609; baseline 0.003 -28"><span class='ocrx_word' id='word_1_190' title='bbox 227 3519 293 3582; x_wconf 84' lang='grc' dir='ltr'><strong><em>τῶν</em></strong></span> <span class='ocrx_word' id='word_1_191' title='bbox 315 3511 459 3609; x_wconf 77' lang='grc' dir='ltr'><strong><em>ἀνραίων</em></strong></span> <span class='ocrx_word' id='word_1_192' title='bbox 483 3520 659 3603; x_wconf 78' lang='grc' dir='ltr'><strong><em>λεγομένας</em></strong></span> <span class='ocrx_word' id='word_1_193' title='bbox 681 3520 714 3586; x_wconf 87' lang='grc' dir='ltr'><strong><em>έν</em></strong></span> <span class='ocrx_word' id='word_1_194' title='bbox 737 3523 808 3606; x_wconf 79' lang='grc' dir='ltr'><strong><em>θεῷ</em></strong></span> <span class='ocrx_word' id='word_1_195' title='bbox 833 3515 984 3599; x_wconf 87' lang='grc' dir='ltr'><strong><em>ἀναξανῶ</em></strong></span> <span class='ocrx_word' id='word_1_196' title='bbox 1007 3521 1119 3609; x_wconf 77' lang='grc' dir='ltr'><strong><em>ῥήσεις</em></strong></span> <span class='ocrx_word' id='word_1_197' title='bbox 1140 3550 1164 3590; x_wconf 88' lang='grc' dir='ltr'><strong><em>τ.</em></strong></span> 
     </span>
     <span class='ocr_line' id='line_1_28' title="bbox 227 3609 402 3690; baseline -0.023 -10"><span class='ocrx_word' id='word_1_198' title='bbox 227 3609 402 3690; x_wconf 66' lang='grc' dir='ltr'><strong><em>ἐπινοίας,</em></strong></span> 
     </span>
     <span class='ocr_line' id='line_1_29' title="bbox 314 3709 1162 3800; baseline 0.008 -24"><span class='ocrx_word' id='word_1_199' title='bbox 314 3718 363 3776; x_wconf 80' lang='grc'><strong><em>74.</em></strong></span> <span class='ocrx_word' id='word_1_200' title='bbox 393 3715 544 3796; x_wconf 80' lang='grc' dir='ltr'><strong><em>Λέγουσι</em></strong></span> <span class='ocrx_word' id='word_1_201' title='bbox 572 3710 633 3795; x_wconf 84' lang='grc' dir='ltr'><strong><em>γὰρ</em></strong></span> <span class='ocrx_word' id='word_1_202' title='bbox 657 3715 760 3780; x_wconf 86' lang='grc' dir='ltr'><strong><em>πάλιν</em></strong></span> <span class='ocrx_word' id='word_1_203' title='bbox 783 3715 816 3781; x_wconf 80' lang='grc' dir='ltr'><strong><em>σί</em></strong></span> <span class='ocrx_word' id='word_1_204' title='bbox 839 3709 932 3780; x_wconf 77' lang='grc' dir='ltr'><strong><em>αὐτοὶ</em></strong></span> <span class='ocrx_word' id='word_1_205' title='bbox 954 3716 1037 3800; x_wconf 85' lang='grc' dir='ltr'><strong><em>μετὰ</em></strong></span> <span class='ocrx_word' id='word_1_206' title='bbox 1059 3719 1162 3783; x_wconf 84' lang='grc' dir='ltr'><strong><em>πασιῦ</em></strong></span> 
     </span>
     <span class='ocr_line' id='line_1_30' title="bbox 227 3798 1156 3896; baseline 0.006 -22"><span class='ocrx_word' id='word_1_207' title='bbox 227 3798 378 3875; x_wconf 84' lang='grc' dir='ltr'><strong><em>ἀπὸτοῦ</em></strong></span> <span class='ocrx_word' id='word_1_208' title='bbox 401 3801 592 3875; x_wconf 82' lang='grc' dir='ltr'><strong><em>ἀποστόλου</em></strong></span> <span class='ocrx_word' id='word_1_209' title='bbox 615 3811 668 3875; x_wconf 82' lang='grc' dir='ltr'><strong><em>καὶ</em></strong></span> <span class='ocrx_word' id='word_1_210' title='bbox 691 3815 758 3879; x_wconf 84' lang='grc' dir='ltr'><strong><em>τῶν</em></strong></span> <span class='ocrx_word' id='word_1_211' title='bbox 781 3807 975 3896; x_wconf 78' lang='grc' dir='ltr'><strong><em>εὐαγγελίων</em></strong></span> <span class='ocrx_word' id='word_1_212' title='bbox 997 3813 1079 3880; x_wconf 85' lang='grc' dir='ltr'><strong><em>κατὰ</em></strong></span> <span class='ocrx_word' id='word_1_213' title='bbox 1097 3813 1156 3880; x_wconf 88' lang='grc' dir='ltr'><strong><em>τὸν</em></strong></span> 
     </span>
     <span class='ocr_line' id='line_1_31' title="bbox 187 3900 1164 3992; baseline 0.003 -18"><span class='ocrx_word' id='word_1_214' title='bbox 187 3900 334 3975; x_wconf 68' lang='grc' dir='ltr'><strong><em>σοαάτιῦν</em></strong></span> <span class='ocrx_word' id='word_1_215' title='bbox 368 3911 646 3992; x_wconf 79' lang='grc' dir='ltr'><strong><em>παραφθείρουσι</em></strong></span> <span class='ocrx_word' id='word_1_216' title='bbox 673 3912 780 3989; x_wconf 81' lang='grc' dir='ltr'><strong><em>κακῶς</em></strong></span> <span class='ocrx_word' id='word_1_217' title='bbox 809 3905 1029 3989; x_wconf 78' lang='grc' dir='ltr'><strong><em>ὑπονοοῦντες</em></strong></span> <span class='ocrx_word' id='word_1_218' title='bbox 1052 3913 1164 3990; x_wconf 77' lang='grc' dir='ltr'><strong><em>λέξειςΙ</em></strong></span> 
     </span>
     <span class='ocr_line' id='line_1_32' title="bbox 224 3999 1164 4091; baseline 0.007 -23"><span class='ocrx_word' id='word_1_219' title='bbox 224 4001 345 4089; x_wconf 84' lang='grc' dir='ltr'><strong><em>ταύτην</em></strong></span> <span class='ocrx_word' id='word_1_220' title='bbox 369 3999 416 4079; x_wconf 79' lang='grc' dir='ltr'><strong><em>εἷς</em></strong></span> <span class='ocrx_word' id='word_1_221' title='bbox 437 4008 539 4085; x_wconf 84' lang='grc' dir='ltr'><strong><em>μέσον</em></strong></span> <span class='ocrx_word' id='word_1_222' title='bbox 563 4009 720 4091; x_wconf 84' lang='grc' dir='ltr'><strong><em>φέροντες</em></strong></span> <span class='ocrx_word' id='word_1_223' title='bbox 742 4000 811 4071; x_wconf 86' lang='grc' dir='ltr'><strong><em>ἀπὸ</em></strong></span> <span class='ocrx_word' id='word_1_224' title='bbox 834 4008 892 4070; x_wconf 89' lang='grc' dir='ltr'><strong><em>τοῦ</em></strong></span> <span class='ocrx_word' id='word_1_225' title='bbox 912 4001 1115 4087; x_wconf 89' lang='grc' dir='ltr'><strong><em>ἀποστόλου,</em></strong></span> <span class='ocrx_word' id='word_1_226' title='bbox 1139 4003 1164 4075; x_wconf 82' lang='grc' dir='ltr'><strong><em>(δ</em></strong></span> 
     </span>
     <span class='ocr_line' id='line_1_33' title="bbox 225 4095 1139 4192; baseline 0.008 -29"><span class='ocrx_word' id='word_1_227' title='bbox 225 4124 323 4184; x_wconf 92' lang='grc' dir='ltr'><strong><em>ρηται</em></strong></span> <span class='ocrx_word' id='word_1_228' title='bbox 351 4095 385 4163; x_wconf 85' lang='grc' dir='ltr'><strong><em>έν</em></strong></span> <span class='ocrx_word' id='word_1_229' title='bbox 412 4102 452 4185; x_wconf 82' lang='grc' dir='ltr'><strong><em>τῇ</em></strong></span> <span class='ocrx_word' id='word_1_230' title='bbox 482 4100 567 4186; x_wconf 88' lang='grc' dir='ltr'><strong><em>πρὸς</em></strong></span> <span class='ocrx_word' id='word_1_231' title='bbox 591 4107 795 4185; x_wconf 88' lang='grc' dir='ltr'><strong><em>Κορινθίους</em></strong></span> <span class='ocrx_word' id='word_1_232' title='bbox 824 4101 1000 4190; x_wconf 72' lang='grc' dir='ltr'><strong><em>ἐπιστολῇ,</em></strong></span> <span class='ocrx_word' id='word_1_233' title='bbox 1031 4105 1065 4170; x_wconf 84' lang='grc' dir='ltr'><strong><em>έν</em></strong></span> <span class='ocrx_word' id='word_1_234' title='bbox 1092 4108 1139 4192; x_wconf 81' lang='grc' dir='ltr'><strong><em>τῷ</em></strong></span> 
     </span>
     <span class='ocr_line' id='line_1_34' title="bbox 225 4190 1164 4289; baseline 0.01 -28"><span class='ocrx_word' id='word_1_235' title='bbox 225 4197 346 4278; x_wconf 79' lang='grc' dir='ltr'><strong><em>νεκρῶν</em></strong></span> <span class='ocrx_word' id='word_1_236' title='bbox 368 4190 581 4276; x_wconf 86' lang='grc' dir='ltr'><strong><em>ἀναστάσεως</em></strong></span> <span class='ocrx_word' id='word_1_237' title='bbox 603 4199 783 4285; x_wconf 82' lang='grc' dir='ltr'><strong><em>κεφαλαίῳ,</em></strong></span> <span class='ocrx_word' id='word_1_238' title='bbox 807 4193 853 4276; x_wconf 77' lang='grc' dir='ltr'><strong><em>ὡς</em></strong></span> <span class='ocrx_word' id='word_1_239' title='bbox 875 4202 1017 4286; x_wconf 76' lang='grc' dir='ltr'><strong><em>καθεξῆς</em></strong></span> <span class='ocrx_word' id='word_1_240' title='bbox 1035 4217 1164 4289; x_wconf 77' lang='grc' dir='ltr'><strong><em>φησιν·</em></strong></span> 
     </span>
    </p>
   </div>
   <div class='ocr_carea' id='block_1_3' title="bbox 0 0 1438 5084">
    <p class='ocr_par' dir='ltr' id='par_1_3' title="bbox 0 0 1438 5084">
     <span class='ocr_line' id='line_1_35' title="bbox 0 0 1438 5084; baseline 0 0"><span class='ocrx_word' id='word_1_241' title='bbox 0 0 1438 5084; x_wconf 95' lang='lat' dir='ltr'><strong><em> </em></strong></span> 
     </span>
    </p>
   </div>
  </div>
 </body>
</html>
