2867 5084
263 838 328 903 92⁶
564 850 577 862 ·
667 849 759 901 unsa
777 850 889 902 ussus.

304 1005 343 1054 atii
364 1005 405 1068 qui
424 1003 537 1052 dicuntur
559 1002 589 1050 ah
608 1017 638 1050 eo
656 1001 753 1052 conheti
775 1000 855 1052 tota.
903 1001 1010 1052 Deorum
1034 1003 1174 1066 mathan,
1197 1004 1289 1065 Saturni,

257 1068 264 1078 ‘
303 1073 371 1130 ioris,
391 1079 436 1122 etc.
455 1072 521 1131 origo
540 1070 586 1119 ds.

267 1141 354 1188 ttestra
373 1148 396 1187 et
414 1139 511 1186 sinistra
529 1137 652 1200 utromodo
670 1138 782 1187 dieantur
799 1136 881 1186 roae.

269 1206 383 1256 ttiohoius
402 1206 561 1268 simpliciores
580 1205 723 1269 pierumque
746 1215 771 1255 ut
796 1205 908 1255 mutieres
926 1204 1068 1267 aggreditur
1086 1205 1173 1256 2604.
1209 1206 1288 1255 hiahoh

302 1275 345 1322 titii
363 1273 486 1337 quomodo
504 1274 614 1323 dicantur
631 1273 712 1323 ausa.
756 1273 871 1322 hishotus
894 1281 1022 1336 peecatum
1041 1275 1075 1322 ab
1095 1272 1214 1338 hpoetoio
1229 1287 1288 1321 rosa

302 1349 348 1402 tur,
368 1349 392 1389 et
409 1356 484 1404 quare
502 1341 585 1391 1821.
621 1340 736 1391 Diabolus
753 1356 767 1391 u
785 1356 834 1405 quo
852 1342 985 1406 productos
1004 1340 1089 1390 atah.
1102 1359 1125 1390 e.
1136 1341 1161 1392 d.
1196 1342 1223 1391 ti
1239 1341 1289 1405 qaid

302 1410 335 1457 sir
352 1408 432 1458 utto.
467 1408 583 1459 Diabolus
600 1410 658 1472 quid
676 1410 716 1471 sit,
742 1409 839 1473 quando
857 1409 928 1458 tuerit
946 1409 996 1458 sire
1014 1423 1075 1458 esse
1093 1410 1205 1474 eoeperit
1220 1409 1289 1458 sate

303 1477 417 1527 Diabolus
436 1490 484 1539 quo
503 1486 573 1540 paeto
592 1476 723 1526 Eertesism
743 1477 784 1526 het
802 1485 869 1525 reret
885 1477 965 1528 996⁸.
1003 1477 1127 1528 Dishotns
1146 1478 1241 1527 hnmani
1256 1492 1289 1538 gr-

304 1545 369 1593 ueria
387 1546 472 1606 hostis,
489 1545 577 1608 quihus
594 1547 685 1594 ertihos
703 1546 824 1594 hominem
843 1545 935 1594 eeoeto
947 1545 1084 1594 deturbare
1095 1553 1200 1595 metor
1218 1545 1289 1595 9231.

270 1611 463 1662 diaconissarum
489 1614 548 1662 ordo
573 1621 596 1662 et
620 1613 711 1662 [tinctio
735 1613 758 1661 in
779 1613 885 1663 Ecclesia
906 1613 999 1662 tutos.
1039 1613 1075 1663 Er
1102 1629 1154 1678 quo
1172 1613 1288 1663 mutierem

303 1695 391 1742 genere
414 1689 566 1730 sumerentur
583 1682 649 1732 ihd.
693 1681 852 1745 Preshptidae,
878 1680 1071 1745 Presbyteridse
1100 1697 1131 1732 se
1150 1683 1290 1733 Sacerdohs

304 1763 345 1796 soe
369 1748 439 1798 tuot.

269 1816 419 1864 Dictunruum
439 1816 501 1865 unde
520 1817 617 1877 dictum,
642 1824 663 1864 et
683 1818 805 1880 quomodo
828 1816 898 1865 rerho
917 1816 997 1866 dirino
1019 1818 1104 1880 possit
1122 1816 1288 1867 accommodari

302 1884 421 1932 who.

269 1950 359 2011 Digomi
379 1966 426 1998 noo
445 1950 602 2000 admittuntur
618 1965 632 1998 a
650 1950 786 2001 horatianis
804 1951 884 2001 4951).
927 1951 1027 2014 Tripiici
1046 1952 1211 2003 similitudine
1229 1952 1289 2000 reiet-

302 2019 384 2067 tutatur
402 2020 432 2067 ih.
468 2019 503 2067 th
522 2018 646 2067 ordinibus
665 2021 741 2068 sacris
758 2029 870 2069 areentur
888 2018 968 2069 ma.
979 2020 1004 2069 h.

270 2085 386 2135 [titurium
405 2095 429 2135 et
446 2095 505 2150 quot
522 2087 552 2135 ab
570 2100 600 2135 eo
618 2096 709 2137 semia
727 2088 856 2136 animastis
873 2089 918 2136 ha.
959 2092 1023 2137 tute
1042 2087 1166 2138 hilarium
1184 2089 1288 2137 heere

304 2155 382 2203 nutias
400 2154 446 2203 th.

271 2222 454 2272 hiinoeritarum
472 2222 579 2272 haeresis
598 2222 654 2271 tut
673 2227 722 2271 sire
740 2222 846 2272 uhtu.
874 2223 904 2272 tti
922 2222 1012 2273 Christi
1032 2224 1170 2286 pemeotsm
1189 2224 1287 2272 inmm-
1319 2236 1322 2247 ·

303 2292 392 2340 tioueru
410 2292 528 2351 abnegant
544 2290 624 2339 9911.
659 2291 716 2339 hius
734 2291 822 2339 author
838 2305 867 2339 aa
884 2299 1029 2354 propagator
1048 2293 1199 2355 Apollinaris
1212 2292 1286 2342 ”dt-

304 2358 360 2406 ilios
381 2373 448 2408 error
465 2359 496 2407 ib.
507 2357 529 2407 d.
565 2357 593 2406 Et
611 2358 722 2421 synodus
740 2359 819 2407 hahita
837 2367 920 2408 eontra
939 2357 1129 2422 apollinaristas
1147 2359 1196 2410 att
1207 2374 1228 2408 s.

269 2425 425 2475 Dioscorides
443 2426 567 2475 herbarius
585 2425 632 2475 3ο.

270 2494 380 2555 hipsadis
398 2494 461 2543 airus
480 2494 710 2556 praesentissimum,
729 2493 768 2541 eui
787 2500 810 2541 et
829 2493 936 2543 haeresis
954 2503 1114 2558 comparatur
1133 2495 1211 2545 258³.

269 2561 384 2625 Discipuli
403 2561 490 2610 Christi
509 2563 657 2624 septuaginta
676 2562 732 2623 duo,
750 2569 847 2624 praeter
860 2570 964 2625 quatuor
974 2561 1143 2625 Evangetistns
1162 2573 1186 2614 et
1203 2572 1285 2628 septen

302 2629 423 2679 Diaconos
441 2630 539 2680 50αά.
1161 2660 1165 2667 .

268 2697 357 2746 Diuites
376 2707 398 2747 et
417 2711 535 2760 pauperes
554 2697 576 2746 in
596 2696 721 2756 Evangelio
740 2696 862 2760 quomodo
880 2697 942 2746 heati
961 2697 1075 2748 dieantur
1094 2699 1179 2750 ms.

269 2764 382 2825 Dogmata
400 2780 462 2827 quaa
480 2774 563 2827 aperte
580 2765 638 2813 iuteo
657 2773 712 2812 saint
731 2778 757 2813 ea
776 2764 921 2828 disputando
939 2765 1023 2826 agitari
1038 2781 1088 2815 non
1104 2767 1196 2817 dehent
1213 2764 1284 2816 9994

269 2832 392 2880 hominicn
412 2832 450 2880 die
468 2833 575 2881 ieiunare
593 2841 629 2879 est
647 2834 744 2880 vetitum
763 2832 843 2883 stat.
887 2834 1021 2883 Dominicis
1046 2835 1139 2885 diehns
1164 2850 1192 2885 se
1211 2836 1284 2884 Pente

302 2907 382 2947 costes
401 2899 508 2948 ieiunare
527 2913 573 2948 non
594 2898 643 2947 hott
665 2900 728 2948 1105
738 2902 761 2948 h.

267 2968 374 3016 Dosithoi
395 2967 493 3016 historin
512 2966 606 3016 dhoet.

267 3036 437 3085 Dositheorurn
456 3035 572 3096 haeresis,
591 3048 653 3098 quae
673 3042 708 3083 est
728 3036 754 3084 tv
774 3036 977 3084 Samaritanorum
996 3034 1063 3085 301).

266 3103 343 3153 Draco
362 3106 402 3168 qui
422 3104 553 3153 ostracites
572 3103 666 3164 dieitur,
683 3103 722 3152 coi
743 3103 834 3152 Noetns
852 3111 1004 3167 eomparatur
1023 3103 1109 3154 ⁴89⁸.

754 3264 792 3322 tt.

265 3372 380 3421 Ebionaei
398 3372 510 3421 Matthaei
529 3371 653 3433 Evangelio
671 3372 755 3421 mutilo
774 3380 874 3422 utuntur
893 3373 938 3422 131
950 3388 971 3424 e.
1013 3374 1123 3425 Utuntur
1141 3378 1213 3426 etism
1230 3374 1284 3424 iihro

300 3441 341 3502 qui
361 3440 422 3488 Petri
440 3441 554 3489 circuitus
571 3448 675 3501 vocatur,
693 3454 707 3489 a
723 3440 845 3490 Clemente
864 3441 966 3491 refutato
986 3440 1068 3493 taat.
1106 3445 1197 3495 harant
1213 3441 1285 3507 qnoti-

300 3508 339 3557 die
357 3508 389 3559 iu.
416 3509 564 3557 hearoihus
583 3516 606 3557 et
624 3508 735 3557 animatis
753 3509 874 3557 shstinsnt
892 3510 923 3560 ih.
933 3525 954 3558 e.
990 3511 1158 3572 Virginitatem
1176 3516 1286 3574 rapam

300 3584 325 3626 et
342 3590 426 3625 omnes
445 3577 573 3640 Prophetas
592 3577 623 3625 ih.
660 3576 708 3625 Cur
732 3577 876 3626 abhorreant
902 3591 916 3626 s
940 3579 1048 3627 narnium
1068 3594 1113 3629 esu
1134 3582 1167 3630 ih.
1204 3579 1284 3629 &run

298 3645 410 3707 mysteria
429 3644 492 3694 ihd.
528 3644 696 3706 apostotorum
714 3651 783 3693 sctoa
800 3645 870 3693 fletos
894 3646 1069 3696 circumierunt
1090 3648 1140 3698 104
1151 3650 1174 3699 h.
1216 3646 1284 3696 Chion

300 3713 357 3775 quid
376 3713 465 3762 Graeco
484 3712 601 3772 siguittcet
621 3713 696 3762 tata.
742 3713 796 3770 Quo
815 3714 922 3762 remedio
942 3721 1039 3763 utantur
1056 3715 1177 3766 adsersus
1193 3715 1284 3766 mortius

300 3781 364 3829 ioh.
395 3779 475 3829 Etrsei
493 3780 584 3829 somnia
602 3779 779 3844 amplectuntur
797 3781 859 3830 ihc.
895 3781 963 3832 Unde
981 3797 1040 3831 suos
1059 3798 1159 3849 errores
1178 3782 1284 3834 usserint

302 3847 376 3897 tato.
413 3847 539 3906 Quomodo
558 3862 615 3897 suos
639 3858 770 3898 convontus
793 3857 878 3897 vocent
894 3849 958 3899 ihs.
1001 3849 1097 3912 Cogunt
1119 3853 1283 3903 adolescentes

297 3916 326 3964 ed
346 3917 447 3977 nuptias
461 3917 566 3965 noudum
584 3916 689 3979 puberes
707 3917 739 3966 ih.
766 3917 873 3979 nepotis
884 3918 1025 3980 permittunt
1042 3920 1111 3970 thu.
1141 3922 1284 3981 onasum

298 3992 366 4031 scant
384 3985 513 4046 prophetae
531 3985 562 4033 ib.
595 3984 694 4042 Quoiam
713 3984 872 4034 conhtesotur
890 4000 945 4036 esse
956 3985 1080 4038 Christum
1098 3991 1201 4053 its.c.d‚
1227 3985 1284 4038 tihi

299 4052 328 4098 oh
349 4051 474 4100 Ebionaeis
494 4053 611 4115 suppositi
633 4053 677 4102 ttt
691 4049 713 4102 d.
751 4051 925 4102 Ebionaeorum
944 4055 1054 4105 haeresis
1071 4056 1091 4107 Χ
1108 4067 1165 4122 post
1186 4064 1286 4108 exortam

298 4119 505 4168 Christianismum
534 4121 614 4170 iaso.
656 4120 724 4170 Unde
747 4120 804 4170 dieti
828 4120 858 4170 ih.
898 4120 988 4172 Eortsm
1008 4124 1121 4186 dopmni
1147 4126 1220 4178 thr.
1253 4124 1285 4172 44
