<?xml version="1.0" encoding="UTF-8"?>
<!DOCTYPE html PUBLIC "-//W3C//DTD XHTML 1.0 Transitional//EN"
    "http://www.w3.org/TR/xhtml1/DTD/xhtml1-transitional.dtd">
<html xmlns="http://www.w3.org/1999/xhtml" xml:lang="en" lang="en">
 <head>
  <title>
</title>
<meta http-equiv="Content-Type" content="text/html;charset=utf-8" />
  <meta name='ocr-system' content='tesseract 3.04.00' />
  <meta name='ocr-capabilities' content='ocr_page ocr_carea ocr_par ocr_line ocrx_word'/>
</head>
<body>
  <div class='ocr_page' id='page_1' title='image "./opera01dindgoog_0177.png"; bbox 0 0 2867 5084; ppageno 0'>
   <div class='ocr_carea' id='block_1_1' title="bbox 456 994 1155 1057">
    <p class='ocr_par' dir='ltr' id='par_1_1' title="bbox 456 994 1155 1057">
     <span class='ocr_line' id='line_1_1' title="bbox 456 994 1155 1057; baseline -0.003 -1"><span class='ocrx_word' id='word_1_1' title='bbox 456 1002 548 1056; x_wconf 68' lang='lat' dir='ltr'><strong><em>Lm.</em></strong></span> <span class='ocrx_word' id='word_1_2' title='bbox 567 1004 838 1057; x_wconf 71' lang='grc' dir='ltr'><strong><em>Αντιονικκιτκι,</em></strong></span> <span class='ocrx_word' id='word_1_3' title='bbox 1097 994 1155 1055; x_wconf 83' lang='grc'><strong><em>155</em></strong></span> 
     </span>
    </p>
   </div>
   <div class='ocr_carea' id='block_1_2' title="bbox 87 1147 1197 4346">
    <p class='ocr_par' dir='ltr' id='par_1_2' title="bbox 87 1147 1196 3668">
     <span class='ocr_line' id='line_1_2' title="bbox 135 1147 1158 1243; baseline -0.003 -21"><span class='ocrx_word' id='word_1_4' title='bbox 135 1164 286 1235; x_wconf 86' lang='grc' dir='ltr'><strong><em>πίστεως</em></strong></span> <span class='ocrx_word' id='word_1_5' title='bbox 308 1159 360 1221; x_wconf 80' lang='grc' dir='ltr'><strong><em>καί</em></strong></span> <span class='ocrx_word' id='word_1_6' title='bbox 385 1155 564 1243; x_wconf 70' lang='grc' dir='ltr'><strong><em>ἐκκλησίας,</em></strong></span> <span class='ocrx_word' id='word_1_7' title='bbox 590 1149 628 1221; x_wconf 84' lang='grc' dir='ltr'><strong><em>οῦ</em></strong></span> <span class='ocrx_word' id='word_1_8' title='bbox 651 1155 708 1220; x_wconf 85' lang='grc' dir='ltr'><strong><em>διά</em></strong></span> <span class='ocrx_word' id='word_1_9' title='bbox 729 1158 787 1240; x_wconf 76' lang='grc' dir='ltr'><strong><em>τῆς</em></strong></span> <span class='ocrx_word' id='word_1_10' title='bbox 809 1150 917 1220; x_wconf 73' lang='grc' dir='ltr'><strong><em>αὐτῶν</em></strong></span> <span class='ocrx_word' id='word_1_11' title='bbox 937 1154 1114 1237; x_wconf 89' lang='grc' dir='ltr'><strong><em>δυνάμειυς,</em></strong></span> <span class='ocrx_word' id='word_1_12' title='bbox 1137 1147 1158 1236; x_wconf 82' lang='grc' dir='ltr'>ἢ</span> 
     </span>
     <span class='ocr_line' id='line_1_3' title="bbox 137 1247 1159 1340; baseline -0.003 -23"><span class='ocrx_word' id='word_1_13' title='bbox 137 1260 272 1338; x_wconf 81' lang='grc' dir='ltr'><strong><em>σοηίας.</em></strong></span> <span class='ocrx_word' id='word_1_14' title='bbox 305 1247 412 1337; x_wconf 83' lang='grc' dir='ltr'><strong><em>ὀλίγοι</em></strong></span> <span class='ocrx_word' id='word_1_15' title='bbox 433 1253 495 1337; x_wconf 89' lang='grc' dir='ltr'><strong><em>γάρ</em></strong></span> <span class='ocrx_word' id='word_1_16' title='bbox 513 1253 544 1317; x_wconf 78' lang='grc' dir='ltr'><strong><em>οἱ</em></strong></span> <span class='ocrx_word' id='word_1_17' title='bbox 560 1254 821 1339; x_wconf 77' lang='grc' dir='ltr'><strong><em>προοκλιθέντες</em></strong></span> <span class='ocrx_word' id='word_1_18' title='bbox 836 1248 1050 1340; x_wconf 82' lang='grc' dir='ltr'><strong><em>ήπατημίνοι,</em></strong></span> <span class='ocrx_word' id='word_1_19' title='bbox 1075 1252 1159 1316; x_wconf 91' lang='grc' dir='ltr'><strong><em>πολ-</em></strong></span> 
     </span>
     <span class='ocr_line' id='line_1_4' title="bbox 136 1344 1159 1431; baseline 0.001 -19"><span class='ocrx_word' id='word_1_20' title='bbox 136 1352 189 1415; x_wconf 76' lang='grc' dir='ltr'><strong><em>λοὶ</em></strong></span> <span class='ocrx_word' id='word_1_21' title='bbox 215 1352 251 1416; x_wconf 78' lang='grc' dir='ltr'><strong><em>δὲ</em></strong></span> <span class='ocrx_word' id='word_1_22' title='bbox 274 1350 305 1415; x_wconf 80' lang='grc' dir='ltr'><strong><em>οἱ</em></strong></span> <span class='ocrx_word' id='word_1_23' title='bbox 328 1344 503 1431; x_wconf 71' lang='grc' dir='ltr'><em>ὑποκρίσει</em></span> <span class='ocrx_word' id='word_1_24' title='bbox 524 1344 787 1428; x_wconf 82' lang='grc' dir='ltr'><strong><em>ῦπεισδῦνοντες.</em></strong></span> <span class='ocrx_word' id='word_1_25' title='bbox 817 1350 937 1415; x_wconf 80' lang='grc' dir='ltr'><strong><em>πολλοὶ</em></strong></span> <span class='ocrx_word' id='word_1_26' title='bbox 956 1350 991 1415; x_wconf 78' lang='grc' dir='ltr'><strong><em>δὲ</em></strong></span> <span class='ocrx_word' id='word_1_27' title='bbox 1007 1352 1059 1413; x_wconf 83' lang='grc' dir='ltr'><strong><em>κιιλ</em></strong></span> <span class='ocrx_word' id='word_1_28' title='bbox 1075 1346 1159 1413; x_wconf 85' lang='grc' dir='ltr'><strong><em>κατὰ</em></strong></span> 
     </span>
     <span class='ocr_line' id='line_1_5' title="bbox 87 1440 1159 1534; baseline -0.007 -18"><span class='ocrx_word' id='word_1_29' title='bbox 87 1453 216 1531; x_wconf 71' lang='grc' dir='ltr'><strong><em>’ίσῖβίαν</em></strong></span> <span class='ocrx_word' id='word_1_30' title='bbox 238 1447 282 1534; x_wconf 85' lang='grc' dir='ltr'><strong><em>μή</em></strong></span> <span class='ocrx_word' id='word_1_31' title='bbox 306 1447 433 1528; x_wconf 72' lang='grc' dir='ltr'><strong><em>ἔχοντες</em></strong></span> <span class='ocrx_word' id='word_1_32' title='bbox 456 1441 561 1524; x_wconf 81' lang='grc' dir='ltr'><strong><em>οῦτως</em></strong></span> <span class='ocrx_word' id='word_1_33' title='bbox 582 1450 734 1513; x_wconf 83' lang='grc' dir='ltr'><strong><em>κοινωνοί</em></strong></span> <span class='ocrx_word' id='word_1_34' title='bbox 758 1453 829 1524; x_wconf 86' lang='grc' dir='ltr'><strong><em>τοῖς</em></strong></span> <span class='ocrx_word' id='word_1_35' title='bbox 851 1440 965 1521; x_wconf 83' lang='grc' dir='ltr'><strong><em>αὐτοῖς</em></strong></span> <span class='ocrx_word' id='word_1_36' title='bbox 983 1444 1159 1529; x_wconf 82' lang='grc' dir='ltr'><strong><em>τυγχάνου-</em></strong></span> 
     </span>
     <span class='ocr_line' id='line_1_6' title="bbox 137 1538 1182 1628; baseline -0.004 -19"><span class='ocrx_word' id='word_1_37' title='bbox 137 1568 201 1609; x_wconf 90' lang='grc' dir='ltr'><strong><em>σιν.</em></strong></span> <span class='ocrx_word' id='word_1_38' title='bbox 233 1538 342 1620; x_wconf 76' lang='grc' dir='ltr'><strong><em>οὐδείς</em></strong></span> <span class='ocrx_word' id='word_1_39' title='bbox 364 1545 400 1609; x_wconf 81' lang='grc' dir='ltr'><strong><em>δὲ</em></strong></span> <span class='ocrx_word' id='word_1_40' title='bbox 421 1544 547 1609; x_wconf 79' lang='grc' dir='ltr'><strong><em>τούτων</em></strong></span> <span class='ocrx_word' id='word_1_41' title='bbox 570 1544 738 1628; x_wconf 80' lang='grc' dir='ltr'><strong><em>πρόξενος,</em></strong></span> <span class='ocrx_word' id='word_1_42' title='bbox 763 1539 847 1610; x_wconf 77' lang='grc' dir='ltr'><strong><em>ἀλλὰ</em></strong></span> <span class='ocrx_word' id='word_1_43' title='bbox 868 1546 1002 1626; x_wconf 90' lang='grc' dir='ltr'><strong><em>πρῶτον</em></strong></span> <span class='ocrx_word' id='word_1_44' title='bbox 1023 1544 1083 1623; x_wconf 78' lang='grc' dir='ltr'><strong><em>μὲν</em></strong></span> <span class='ocrx_word' id='word_1_45' title='bbox 1102 1543 1182 1607; x_wconf 60' lang='lat' dir='ltr'>‹io-5</span> 
     </span>
     <span class='ocr_line' id='line_1_7' title="bbox 135 1633 1158 1725; baseline -0.003 -18"><span class='ocrx_word' id='word_1_46' title='bbox 135 1648 277 1723; x_wconf 85' lang='grc' dir='ltr'><strong><em>κιμασία</em></strong></span> <span class='ocrx_word' id='word_1_47' title='bbox 298 1644 437 1718; x_wconf 80' lang='grc' dir='ltr'><strong><em>πιστῶν,</em></strong></span> <span class='ocrx_word' id='word_1_48' title='bbox 461 1642 625 1725; x_wconf 75' lang='grc' dir='ltr'><strong><em>βασιλέων</em></strong></span> <span class='ocrx_word' id='word_1_49' title='bbox 648 1642 684 1706; x_wconf 84' lang='grc' dir='ltr'><strong><em>δὲ</em></strong></span> <span class='ocrx_word' id='word_1_50' title='bbox 705 1637 971 1724; x_wconf 77' lang='grc' dir='ltr'><strong><em>άπερασπισμός.</em></strong></span> <span class='ocrx_word' id='word_1_51' title='bbox 1003 1633 1081 1724; x_wconf 80' lang='grc' dir='ltr'><strong><em>άρχή</em></strong></span> <span class='ocrx_word' id='word_1_52' title='bbox 1098 1641 1158 1721; x_wconf 80' lang='grc' dir='ltr'><strong><em>μὲν</em></strong></span> 
     </span>
     <span class='ocr_line' id='line_1_8' title="bbox 136 1733 1158 1822; baseline -0.003 -20"><span class='ocrx_word' id='word_1_53' title='bbox 136 1738 372 1815; x_wconf 81' lang='grc' dir='ltr'><strong><em>Κωνστάντιος</em></strong></span> <span class='ocrx_word' id='word_1_54' title='bbox 400 1733 418 1801; x_wconf 88' lang='grc' dir='ltr'>ὁ</span> <span class='ocrx_word' id='word_1_55' title='bbox 445 1738 616 1822; x_wconf 75' lang='grc' dir='ltr'><strong><em>βασιλεὺς,</em></strong></span> <span class='ocrx_word' id='word_1_56' title='bbox 645 1737 687 1803; x_wconf 85' lang='grc' dir='ltr'><strong><em>τά</em></strong></span> <span class='ocrx_word' id='word_1_57' title='bbox 713 1740 773 1819; x_wconf 79' lang='grc' dir='ltr'><strong><em>μὲν</em></strong></span> <span class='ocrx_word' id='word_1_58' title='bbox 802 1737 887 1804; x_wconf 88' lang='grc' dir='ltr'><strong><em>άλλα</em></strong></span> <span class='ocrx_word' id='word_1_59' title='bbox 916 1736 1027 1802; x_wconf 87' lang='grc' dir='ltr'><strong><em>πάντα</em></strong></span> <span class='ocrx_word' id='word_1_60' title='bbox 1049 1739 1158 1820; x_wconf 82' lang='grc' dir='ltr'><strong><em>πρᾷος</em></strong></span> 
     </span>
     <span class='ocr_line' id='line_1_9' title="bbox 135 1829 1158 1920; baseline -0.004 -20"><span class='ocrx_word' id='word_1_61' title='bbox 135 1839 190 1900; x_wconf 84' lang='grc' dir='ltr'><strong><em>καί</em></strong></span> <span class='ocrx_word' id='word_1_62' title='bbox 221 1829 365 1919; x_wconf 83' lang='grc' dir='ltr'><strong><em>άγαθός,</em></strong></span> <span class='ocrx_word' id='word_1_63' title='bbox 400 1831 445 1913; x_wconf 84' lang='grc' dir='ltr'><strong><em>ῶς</em></strong></span> <span class='ocrx_word' id='word_1_64' title='bbox 474 1834 544 1912; x_wconf 78' lang='grc' dir='ltr'><strong><em>υἱός</em></strong></span> <span class='ocrx_word' id='word_1_65' title='bbox 571 1838 630 1899; x_wconf 83' lang='grc' dir='ltr'><strong><em>τοῦ</em></strong></span> <span class='ocrx_word' id='word_1_66' title='bbox 659 1836 802 1920; x_wconf 85' lang='grc' dir='ltr'><strong><em>μεγάλου</em></strong></span> <span class='ocrx_word' id='word_1_67' title='bbox 830 1835 886 1900; x_wconf 85' lang='grc' dir='ltr'><strong><em>καὶ</em></strong></span> <span class='ocrx_word' id='word_1_68' title='bbox 913 1836 1039 1900; x_wconf 80' lang='grc' dir='ltr'><strong><em>τελείου</em></strong></span> <span class='ocrx_word' id='word_1_69' title='bbox 1063 1839 1158 1897; x_wconf 87' lang='grc' dir='ltr'><strong><em>Κων·</em></strong></span> 
     </span>
     <span class='ocr_line' id='line_1_10' title="bbox 136 1927 1158 2017; baseline -0.002 -20"><span class='ocrx_word' id='word_1_70' title='bbox 136 1939 312 1998; x_wconf 84' lang='grc' dir='ltr'><strong><em>σταντίνου</em></strong></span> <span class='ocrx_word' id='word_1_71' title='bbox 334 1936 393 1997; x_wconf 85' lang='grc' dir='ltr'><strong><em>τοῦ</em></strong></span> <span class='ocrx_word' id='word_1_72' title='bbox 415 1934 612 2015; x_wconf 72' lang='grc' dir='ltr'><strong><em>θεοσεβοῦς,</em></strong></span> <span class='ocrx_word' id='word_1_73' title='bbox 643 1935 695 1996; x_wconf 84' lang='grc' dir='ltr'><strong><em>καλ</em></strong></span> <span class='ocrx_word' id='word_1_74' title='bbox 720 1939 834 1998; x_wconf 88' lang='grc' dir='ltr'><strong><em>πίστιν</em></strong></span> <span class='ocrx_word' id='word_1_75' title='bbox 859 1927 965 2017; x_wconf 82' lang='grc' dir='ltr'><strong><em>ὀρθήν</em></strong></span> <span class='ocrx_word' id='word_1_76' title='bbox 988 1927 1158 2016; x_wconf 77' lang='grc' dir='ltr'><strong><em>ἀληθινῶς</em></strong></span> 
     </span>
     <span class='ocr_line' id='line_1_11' title="bbox 136 2025 1196 2114; baseline -0.005 -20"><span class='ocrx_word' id='word_1_77' title='bbox 136 2029 384 2114; x_wconf 69' lang='grc' dir='ltr'><strong><em>πεφυλαχότος,</em></strong></span> <span class='ocrx_word' id='word_1_78' title='bbox 415 2031 468 2095; x_wconf 80' lang='grc' dir='ltr'><strong><em>καί</em></strong></span> <span class='ocrx_word' id='word_1_79' title='bbox 498 2025 598 2094; x_wconf 79' lang='grc' dir='ltr'><strong><em>αὐτοῦ</em></strong></span> <span class='ocrx_word' id='word_1_80' title='bbox 627 2030 663 2095; x_wconf 74' lang='grc' dir='ltr'><strong><em>δὲ</em></strong></span> <span class='ocrx_word' id='word_1_81' title='bbox 690 2033 749 2094; x_wconf 86' lang='grc' dir='ltr'><strong><em>τοῦ</em></strong></span> <span class='ocrx_word' id='word_1_82' title='bbox 774 2036 1006 2096; x_wconf 83' lang='grc' dir='ltr'><strong><em>Κωνοταντίου</em></strong></span> <span class='ocrx_word' id='word_1_83' title='bbox 1037 2035 1158 2094; x_wconf 89' lang='grc' dir='ltr'><strong><em>θεοσε-</em></strong></span> <span class='ocrx_word' id='word_1_84' title='bbox 1168 2041 1196 2090; x_wconf 83' lang='lat'><strong><em>10</em></strong></span> 
     </span>
     <span class='ocr_line' id='line_1_12' title="bbox 135 2121 1158 2211; baseline -0.003 -19"><span class='ocrx_word' id='word_1_85' title='bbox 135 2131 218 2209; x_wconf 78' lang='grc' dir='ltr'><strong><em>βοῦς</em></strong></span> <span class='ocrx_word' id='word_1_86' title='bbox 249 2125 358 2205; x_wconf 78' lang='grc' dir='ltr'><strong><em>ὄντος,</em></strong></span> <span class='ocrx_word' id='word_1_87' title='bbox 392 2129 446 2192; x_wconf 83' lang='grc' dir='ltr'><strong><em>καί</em></strong></span> <span class='ocrx_word' id='word_1_88' title='bbox 478 2121 609 2211; x_wconf 77' lang='grc' dir='ltr'><strong><em>ἀγαθοῦ</em></strong></span> <span class='ocrx_word' id='word_1_89' title='bbox 642 2125 726 2191; x_wconf 86' lang='grc' dir='ltr'><strong><em>κατὰ</em></strong></span> <span class='ocrx_word' id='word_1_90' title='bbox 754 2127 899 2204; x_wconf 77' lang='grc' dir='ltr'><strong><em>πολλοὺς</em></strong></span> <span class='ocrx_word' id='word_1_91' title='bbox 926 2126 1089 2208; x_wconf 84' lang='grc' dir='ltr'><strong><em>τρόπους·</em></strong></span> <span class='ocrx_word' id='word_1_92' title='bbox 1124 2123 1158 2190; x_wconf 79' lang='grc' dir='ltr'><strong><em>ἰν</em></strong></span> 
     </span>
     <span class='ocr_line' id='line_1_13' title="bbox 135 2219 1158 2309; baseline -0.005 -21"><span class='ocrx_word' id='word_1_93' title='bbox 135 2226 245 2309; x_wconf 76' lang='grc' dir='ltr'><strong><em>τούτῳ</em></strong></span> <span class='ocrx_word' id='word_1_94' title='bbox 267 2225 303 2289; x_wconf 78' lang='grc' dir='ltr'><strong><em>δὲ</em></strong></span> <span class='ocrx_word' id='word_1_95' title='bbox 324 2222 436 2306; x_wconf 89' lang='grc' dir='ltr'><strong><em>μόνον,</em></strong></span> <span class='ocrx_word' id='word_1_96' title='bbox 461 2225 494 2289; x_wconf 73' lang='grc' dir='ltr'><strong><em>ἐν</em></strong></span> <span class='ocrx_word' id='word_1_97' title='bbox 516 2227 563 2309; x_wconf 79' lang='grc' dir='ltr'><strong><em>τῷ</em></strong></span> <span class='ocrx_word' id='word_1_98' title='bbox 585 2222 628 2308; x_wconf 84' lang='grc' dir='ltr'><strong><em>μή</em></strong></span> <span class='ocrx_word' id='word_1_99' title='bbox 652 2222 736 2287; x_wconf 80' lang='grc' dir='ltr'><strong><em>κατὰ</em></strong></span> <span class='ocrx_word' id='word_1_100' title='bbox 750 2223 809 2306; x_wconf 82' lang='grc' dir='ltr'><strong><em>τὴν</em></strong></span> <span class='ocrx_word' id='word_1_101' title='bbox 824 2232 939 2288; x_wconf 87' lang='grc' dir='ltr'><strong><em>πίστιν</em></strong></span> <span class='ocrx_word' id='word_1_102' title='bbox 955 2227 1013 2287; x_wconf 83' lang='grc' dir='ltr'><strong><em>τοῦ</em></strong></span> <span class='ocrx_word' id='word_1_103' title='bbox 1030 2219 1158 2301; x_wconf 87' lang='grc' dir='ltr'><strong><em>πατρὸς</em></strong></span> 
     </span>
     <span class='ocr_line' id='line_1_14' title="bbox 135 2312 1159 2406; baseline -0.003 -21"><span class='ocrx_word' id='word_1_104' title='bbox 135 2318 237 2385; x_wconf 83' lang='grc' dir='ltr'><strong><em>αι’τόν</em></strong></span> <span class='ocrx_word' id='word_1_105' title='bbox 260 2316 445 2399; x_wconf 70' lang='grc' dir='ltr'><strong><em>ὡδευκέναι,</em></strong></span> <span class='ocrx_word' id='word_1_106' title='bbox 469 2320 607 2406; x_wconf 78' lang='grc' dir='ltr'><strong><em>ίσιγ-άλη,</em></strong></span> <span class='ocrx_word' id='word_1_107' title='bbox 632 2315 690 2385; x_wconf 80' lang='grc' dir='ltr'><strong><em>οῦκ</em></strong></span> <span class='ocrx_word' id='word_1_108' title='bbox 712 2314 768 2404; x_wconf 74' lang='grc' dir='ltr'><strong><em>ἀφ’</em></strong></span> <span class='ocrx_word' id='word_1_109' title='bbox 795 2321 912 2386; x_wconf 77' lang='grc' dir='ltr'><strong><em>ἑαυτοῦ</em></strong></span> <span class='ocrx_word' id='word_1_110' title='bbox 931 2321 1049 2397; x_wconf 78' lang='grc' dir='ltr'><strong><em>αἰτίας,</em></strong></span> <span class='ocrx_word' id='word_1_111' title='bbox 1074 2312 1159 2382; x_wconf 80' lang='grc' dir='ltr'><strong><em>ἀλλὰ</em></strong></span> 
     </span>
     <span class='ocr_line' id='line_1_15' title="bbox 137 2411 1156 2500; baseline -0.003 -18"><span class='ocrx_word' id='word_1_112' title='bbox 137 2411 208 2482; x_wconf 84' lang='grc' dir='ltr'><strong><em>άπὸ</em></strong></span> <span class='ocrx_word' id='word_1_113' title='bbox 231 2420 296 2482; x_wconf 88' lang='grc' dir='ltr'><strong><em>τῶν</em></strong></span> <span class='ocrx_word' id='word_1_114' title='bbox 318 2417 504 2500; x_wconf 80' lang='grc' dir='ltr'><strong><em>μελλόντων</em></strong></span> <span class='ocrx_word' id='word_1_115' title='bbox 527 2418 642 2481; x_wconf 77' lang='grc' dir='ltr'><strong><em>δοῦναι</em></strong></span> <span class='ocrx_word' id='word_1_116' title='bbox 675 2415 773 2499; x_wconf 88' lang='grc' dir='ltr'><strong><em>λόγον</em></strong></span> <span class='ocrx_word' id='word_1_117' title='bbox 796 2417 842 2493; x_wconf 83' lang='grc' dir='ltr'><strong><em>εἷς</em></strong></span> <span class='ocrx_word' id='word_1_118' title='bbox 864 2412 986 2500; x_wconf 68' lang='grc' dir='ltr'><strong><em>ἡμέραν</em></strong></span> <span class='ocrx_word' id='word_1_119' title='bbox 1010 2423 1156 2497; x_wconf 88' lang='grc' dir='ltr'><strong><em>κρίσειος,</em></strong></span> 
     </span>
     <span class='ocr_line' id='line_1_16' title="bbox 107 2511 1196 2599; baseline -0.007 -17"><span class='ocrx_word' id='word_1_120' title='bbox 107 2517 203 2582; x_wconf 80' lang='grc' dir='ltr'><strong><em>Βτῶν</em></strong></span> <span class='ocrx_word' id='word_1_121' title='bbox 232 2514 362 2599; x_wconf 79' lang='grc' dir='ltr'><strong><em>δοκήσει</em></strong></span> <span class='ocrx_word' id='word_1_122' title='bbox 391 2514 585 2582; x_wconf 77' lang='grc' dir='ltr'><strong><em>ἐπισκόπων</em></strong></span> <span class='ocrx_word' id='word_1_123' title='bbox 613 2515 811 2597; x_wconf 80' lang='grc' dir='ltr'><strong><em>λεγομένων,</em></strong></span> <span class='ocrx_word' id='word_1_124' title='bbox 848 2511 1156 2598; x_wconf 78' lang='grc' dir='ltr'><strong><em>παραφθιιράντων</em></strong></span> <span class='ocrx_word' id='word_1_125' title='bbox 1170 2525 1196 2574; x_wconf 79' lang='grc'><strong><em>15</em></strong></span> 
     </span>
     <span class='ocr_line' id='line_1_17' title="bbox 135 2608 1157 2697; baseline -0.004 -21"><span class='ocrx_word' id='word_1_126' title='bbox 135 2611 173 2677; x_wconf 82' lang='grc' dir='ltr'><strong><em>δὲ</em></strong></span> <span class='ocrx_word' id='word_1_127' title='bbox 200 2610 259 2697; x_wconf 84' lang='grc' dir='ltr'><strong><em>τήν</em></strong></span> <span class='ocrx_word' id='word_1_128' title='bbox 288 2615 372 2678; x_wconf 85' lang='grc' dir='ltr'><strong><em>θεοῦ</em></strong></span> <span class='ocrx_word' id='word_1_129' title='bbox 402 2608 565 2696; x_wconf 79' lang='grc' dir='ltr'><strong><em>ἀληθινήν</em></strong></span> <span class='ocrx_word' id='word_1_130' title='bbox 594 2618 726 2676; x_wconf 88' lang='grc' dir='ltr'><strong><em>πίστιν·</em></strong></span> <span class='ocrx_word' id='word_1_131' title='bbox 757 2611 878 2689; x_wconf 76' lang='grc' dir='ltr'><strong><em>οἵτινες</em></strong></span> <span class='ocrx_word' id='word_1_132' title='bbox 907 2611 1018 2691; x_wconf 79' lang='grc' dir='ltr'><strong><em>’έχουσι</em></strong></span> <span class='ocrx_word' id='word_1_133' title='bbox 1042 2610 1157 2674; x_wconf 88' lang='grc' dir='ltr'><strong><em>δοῦναι</em></strong></span> 
     </span>
     <span class='ocr_line' id='line_1_18' title="bbox 137 2704 1157 2793; baseline -0.002 -21"><span class='ocrx_word' id='word_1_134' title='bbox 137 2708 236 2791; x_wconf 88' lang='grc' dir='ltr'><strong><em>λόγον</em></strong></span> <span class='ocrx_word' id='word_1_135' title='bbox 264 2711 320 2774; x_wconf 85' lang='grc' dir='ltr'><strong><em>καὶ</em></strong></span> <span class='ocrx_word' id='word_1_136' title='bbox 348 2704 432 2792; x_wconf 72' lang='grc' dir='ltr'><strong><em>ὑπὲρ</em></strong></span> <span class='ocrx_word' id='word_1_137' title='bbox 460 2711 518 2793; x_wconf 76' lang='grc' dir='ltr'><strong><em>τῆς</em></strong></span> <span class='ocrx_word' id='word_1_138' title='bbox 540 2715 701 2786; x_wconf 88' lang='grc' dir='ltr'><strong><em>πίστεως,</em></strong></span> <span class='ocrx_word' id='word_1_139' title='bbox 731 2713 784 2773; x_wconf 86' lang='grc' dir='ltr'><strong><em>καὶ</em></strong></span> <span class='ocrx_word' id='word_1_140' title='bbox 810 2704 892 2792; x_wconf 70' lang='grc' dir='ltr'><strong><em>ὑπὲρ</em></strong></span> <span class='ocrx_word' id='word_1_141' title='bbox 915 2711 980 2773; x_wconf 91' lang='grc' dir='ltr'><strong><em>τῶν</em></strong></span> <span class='ocrx_word' id='word_1_142' title='bbox 1003 2709 1157 2790; x_wconf 78' lang='grc' dir='ltr'><strong><em>διωγμῶν</em></strong></span> 
     </span>
     <span class='ocr_line' id='line_1_19' title="bbox 135 2803 1157 2892; baseline -0.002 -21"><span class='ocrx_word' id='word_1_143' title='bbox 135 2809 196 2890; x_wconf 77' lang='grc' dir='ltr'><strong><em>τῆς</em></strong></span> <span class='ocrx_word' id='word_1_144' title='bbox 218 2806 403 2892; x_wconf 72' lang='grc' dir='ltr'><strong><em>ἐκκλησίας,</em></strong></span> <span class='ocrx_word' id='word_1_145' title='bbox 427 2807 480 2870; x_wconf 80' lang='grc' dir='ltr'><strong><em>καί</em></strong></span> <span class='ocrx_word' id='word_1_146' title='bbox 503 2805 672 2870; x_wconf 84' lang='grc' dir='ltr'><strong><em>τοσούτων</em></strong></span> <span class='ocrx_word' id='word_1_147' title='bbox 694 2809 801 2871; x_wconf 89' lang='grc' dir='ltr'><strong><em>κακῶν</em></strong></span> <span class='ocrx_word' id='word_1_148' title='bbox 823 2809 875 2871; x_wconf 80' lang='grc' dir='ltr'><strong><em>καί</em></strong></span> <span class='ocrx_word' id='word_1_149' title='bbox 900 2805 1012 2891; x_wconf 81' lang='grc' dir='ltr'><strong><em>φόνων</em></strong></span> <span class='ocrx_word' id='word_1_150' title='bbox 1034 2808 1100 2870; x_wconf 88' lang='grc' dir='ltr'><strong><em>τῶν</em></strong></span> <span class='ocrx_word' id='word_1_151' title='bbox 1123 2803 1157 2869; x_wconf 77' lang='grc' dir='ltr'><strong><em>ἓν</em></strong></span> 
     </span>
     <span class='ocr_line' id='line_1_20' title="bbox 134 2898 1156 2989; baseline -0.002 -21"><span class='ocrx_word' id='word_1_152' title='bbox 134 2912 212 2979; x_wconf 82' lang='grc' dir='ltr'><strong><em>ταῖς</em></strong></span> <span class='ocrx_word' id='word_1_153' title='bbox 240 2903 424 2989; x_wconf 79' lang='grc' dir='ltr'><strong><em>ἐκκλησίαις</em></strong></span> <span class='ocrx_word' id='word_1_154' title='bbox 457 2903 560 2968; x_wconf 72' lang='grc' dir='ltr'><strong><em>ἕνεκεν</em></strong></span> <span class='ocrx_word' id='word_1_155' title='bbox 594 2898 702 2968; x_wconf 76' lang='grc' dir='ltr'><strong><em>αἰτῶν</em></strong></span> <span class='ocrx_word' id='word_1_156' title='bbox 735 2908 968 2987; x_wconf 82' lang='grc' dir='ltr'><strong><em>γεγενημένων,</em></strong></span> <span class='ocrx_word' id='word_1_157' title='bbox 1004 2902 1059 2967; x_wconf 86' lang='grc' dir='ltr'><strong><em>καὶ</em></strong></span> <span class='ocrx_word' id='word_1_158' title='bbox 1089 2905 1156 2967; x_wconf 88' lang='grc' dir='ltr'><strong><em>τῶν</em></strong></span> 
     </span>
     <span class='ocr_line' id='line_1_21' title="bbox 133 2996 1196 3084; baseline -0.003 -21"><span class='ocrx_word' id='word_1_159' title='bbox 133 3000 228 3064; x_wconf 86' lang='grc' dir='ltr'><strong><em>λαῶν</em></strong></span> <span class='ocrx_word' id='word_1_160' title='bbox 254 3003 319 3065; x_wconf 89' lang='grc' dir='ltr'><strong><em>τῶν</em></strong></span> <span class='ocrx_word' id='word_1_161' title='bbox 348 2999 383 3066; x_wconf 74' lang='grc' dir='ltr'><strong><em>ἐν</em></strong></span> <span class='ocrx_word' id='word_1_162' title='bbox 399 2996 572 3084; x_wconf 82' lang='grc' dir='ltr'><strong><em>-ῦπαίθρην</em></strong></span> <span class='ocrx_word' id='word_1_163' title='bbox 601 3001 650 3064; x_wconf 67' lang='grc' dir='ltr'><strong><em>ἔτι</em></strong></span> <span class='ocrx_word' id='word_1_164' title='bbox 678 3001 774 3082; x_wconf 82' lang='grc' dir='ltr'><strong><em>δεῦρο</em></strong></span> <span class='ocrx_word' id='word_1_165' title='bbox 796 2998 965 3065; x_wconf 84' lang='grc' dir='ltr'><strong><em>τοσούτων</em></strong></span> <span class='ocrx_word' id='word_1_166' title='bbox 986 2998 1196 3083; x_wconf 71' lang='grc' dir='ltr'><strong><em>μυριάδωνῖσ</em></strong></span> 
     </span>
     <span class='ocr_line' id='line_1_22' title="bbox 133 3091 1156 3180; baseline 0.001 -21"><span class='ocrx_word' id='word_1_167' title='bbox 133 3098 265 3177; x_wconf 79' lang='grc' dir='ltr'><strong><em>θλίψιν</em></strong></span> <span class='ocrx_word' id='word_1_168' title='bbox 288 3092 543 3180; x_wconf 82' lang='grc' dir='ltr'><strong><em>ῦπομενουσῶν,</em></strong></span> <span class='ocrx_word' id='word_1_169' title='bbox 573 3099 626 3161; x_wconf 80' lang='grc' dir='ltr'><strong><em>καί</em></strong></span> <span class='ocrx_word' id='word_1_170' title='bbox 657 3092 740 3179; x_wconf 73' lang='grc' dir='ltr'><strong><em>ὑπὲρ</em></strong></span> <span class='ocrx_word' id='word_1_171' title='bbox 771 3091 871 3161; x_wconf 79' lang='grc' dir='ltr'><strong><em>αἰτοῦ</em></strong></span> <span class='ocrx_word' id='word_1_172' title='bbox 894 3101 952 3162; x_wconf 87' lang='grc' dir='ltr'><strong><em>τοῦ</em></strong></span> <span class='ocrx_word' id='word_1_173' title='bbox 974 3103 1156 3179; x_wconf 85' lang='grc' dir='ltr'><strong><em>μακαρίτου</em></strong></span> 
     </span>
     <span class='ocr_line' id='line_1_23' title="bbox 135 3187 1157 3278; baseline 0 -22"><span class='ocrx_word' id='word_1_174' title='bbox 135 3197 370 3260; x_wconf 86' lang='grc' dir='ltr'><strong><em>Κιονσταντίου</em></strong></span> <span class='ocrx_word' id='word_1_175' title='bbox 392 3197 451 3259; x_wconf 85' lang='grc' dir='ltr'><strong><em>τοῦ</em></strong></span> <span class='ocrx_word' id='word_1_176' title='bbox 473 3188 528 3258; x_wconf 67' lang='grc' dir='ltr'><strong><em>ὑπ’</em></strong></span> <span class='ocrx_word' id='word_1_177' title='bbox 548 3190 655 3258; x_wconf 73' lang='grc' dir='ltr'><strong><em>αὐτῶν</em></strong></span> <span class='ocrx_word' id='word_1_178' title='bbox 678 3194 943 3277; x_wconf 77' lang='grc' dir='ltr'><strong><em>πεπλανημένον,</em></strong></span> <span class='ocrx_word' id='word_1_179' title='bbox 968 3197 1022 3258; x_wconf 83' lang='grc' dir='ltr'><strong><em>καί</em></strong></span> <span class='ocrx_word' id='word_1_180' title='bbox 1040 3187 1157 3278; x_wconf 83' lang='grc' dir='ltr'><strong><em>ἀγνοή-</em></strong></span> 
     </span>
     <span class='ocr_line' id='line_1_24' title="bbox 133 3285 1157 3377; baseline 0 -23"><span class='ocrx_word' id='word_1_181' title='bbox 133 3312 257 3368; x_wconf 87' lang='grc' dir='ltr'><strong><em>σαντος</em></strong></span> <span class='ocrx_word' id='word_1_182' title='bbox 277 3291 335 3377; x_wconf 81' lang='grc' dir='ltr'><strong><em>τήν</em></strong></span> <span class='ocrx_word' id='word_1_183' title='bbox 358 3299 473 3357; x_wconf 86' lang='grc' dir='ltr'><strong><em>πίστιν</em></strong></span> <span class='ocrx_word' id='word_1_184' title='bbox 495 3293 553 3375; x_wconf 84' lang='grc' dir='ltr'><strong><em>τής</em></strong></span> <span class='ocrx_word' id='word_1_185' title='bbox 576 3285 786 3373; x_wconf 84' lang='grc' dir='ltr'><strong><em>δρθοδοξίας,</em></strong></span> <span class='ocrx_word' id='word_1_186' title='bbox 811 3293 863 3355; x_wconf 82' lang='grc' dir='ltr'><strong><em>καὶ</em></strong></span> <span class='ocrx_word' id='word_1_187' title='bbox 886 3285 1083 3369; x_wconf 81' lang='grc' dir='ltr'><strong><em>όπείξαντος</em></strong></span> <span class='ocrx_word' id='word_1_188' title='bbox 1098 3286 1157 3354; x_wconf 86' lang='grc' dir='ltr'><strong><em>αῦ-</em></strong></span> 
     </span>
     <span class='ocr_line' id='line_1_25' title="bbox 132 3381 1158 3474; baseline 0 -22"><span class='ocrx_word' id='word_1_189' title='bbox 132 3398 209 3466; x_wconf 80' lang='grc' dir='ltr'><strong><em>τοίς</em></strong></span> <span class='ocrx_word' id='word_1_190' title='bbox 231 3383 276 3466; x_wconf 84' lang='grc' dir='ltr'><strong><em>ῶς</em></strong></span> <span class='ocrx_word' id='word_1_191' title='bbox 298 3389 422 3472; x_wconf 72' lang='grc' dir='ltr'><strong><em>ἱερεῦσι</em></strong></span> <span class='ocrx_word' id='word_1_192' title='bbox 443 3387 526 3453; x_wconf 85' lang='grc' dir='ltr'><strong><em>κατὰ</em></strong></span> <span class='ocrx_word' id='word_1_193' title='bbox 549 3386 693 3473; x_wconf 78' lang='grc' dir='ltr'><strong><em>ἄγνοιαν,</em></strong></span> <span class='ocrx_word' id='word_1_194' title='bbox 718 3383 940 3473; x_wconf 87' lang='grc' dir='ltr'><strong><em>άγνοήσαντος</em></strong></span> <span class='ocrx_word' id='word_1_195' title='bbox 961 3388 1018 3474; x_wconf 83' lang='grc' dir='ltr'><strong><em>τήν</em></strong></span> <span class='ocrx_word' id='word_1_196' title='bbox 1042 3387 1075 3453; x_wconf 76' lang='grc' dir='ltr'><strong><em>ἐν</em></strong></span> <span class='ocrx_word' id='word_1_197' title='bbox 1099 3381 1158 3451; x_wconf 84' lang='grc' dir='ltr'><strong><em>αῦ-</em></strong></span> 
     </span>
     <span class='ocr_line' id='line_1_26' title="bbox 132 3484 1196 3572; baseline -0.005 -23"><span class='ocrx_word' id='word_1_198' title='bbox 132 3494 210 3562; x_wconf 81' lang='grc' dir='ltr'><strong><em>τοῖς</em></strong></span> <span class='ocrx_word' id='word_1_199' title='bbox 232 3484 360 3572; x_wconf 81' lang='grc' dir='ltr'><strong><em>πλάνην</em></strong></span> <span class='ocrx_word' id='word_1_200' title='bbox 382 3489 440 3571; x_wconf 82' lang='grc' dir='ltr'><strong><em>τῆς</em></strong></span> <span class='ocrx_word' id='word_1_201' title='bbox 461 3486 663 3571; x_wconf 82' lang='grc' dir='ltr'><strong><em>τυφλώοεως</em></strong></span> <span class='ocrx_word' id='word_1_202' title='bbox 682 3486 734 3550; x_wconf 79' lang='grc' dir='ltr'><strong><em>καὶ</em></strong></span> <span class='ocrx_word' id='word_1_203' title='bbox 751 3493 969 3563; x_wconf 88' lang='grc' dir='ltr'><strong><em>κακοπιοτίας</em></strong></span> <span class='ocrx_word' id='word_1_204' title='bbox 983 3491 1196 3570; x_wconf 71' lang='grc' dir='ltr'><strong><em>γενομένηςτῡ</em></strong></span> 
     </span>
     <span class='ocr_line' id='line_1_27' title="bbox 99 3581 593 3668; baseline -0.002 -21"><span class='ocrx_word' id='word_1_205' title='bbox 99 3581 171 3648; x_wconf 70' lang='grc' dir='ltr'><strong><em>(ἰέκ</em></strong></span> <span class='ocrx_word' id='word_1_206' title='bbox 195 3582 353 3666; x_wconf 80' lang='grc' dir='ltr'><strong><em>διαβόλου</em></strong></span> <span class='ocrx_word' id='word_1_207' title='bbox 374 3586 593 3668; x_wconf 74' lang='grc' dir='ltr'><strong><em>παρασκευῆς.</em></strong></span> 
     </span>
    </p>

    <p class='ocr_par' dir='ltr' id='par_1_3' title="bbox 127 3677 1197 4346">
     <span class='ocr_line' id='line_1_28' title="bbox 227 3677 1158 3764; baseline 0.002 -20"><span class='ocrx_word' id='word_1_208' title='bbox 227 3685 275 3745; x_wconf 84' lang='grc'><strong><em>13.</em></strong></span> <span class='ocrx_word' id='word_1_209' title='bbox 304 3679 468 3762; x_wconf 75' lang='grc' dir='ltr'><strong><em>Δεῦτερον</em></strong></span> <span class='ocrx_word' id='word_1_210' title='bbox 498 3682 546 3746; x_wconf 77' lang='grc' dir='ltr'><strong><em>ἔτι</em></strong></span> <span class='ocrx_word' id='word_1_211' title='bbox 575 3679 722 3761; x_wconf 81' lang='grc' dir='ltr'><strong><em>ίνίοχνσε</em></strong></span> <span class='ocrx_word' id='word_1_212' title='bbox 749 3677 788 3743; x_wconf 89' lang='grc' dir='ltr'><strong><em>τὸ</em></strong></span> <span class='ocrx_word' id='word_1_213' title='bbox 818 3679 944 3745; x_wconf 81' lang='grc' dir='ltr'><strong><em>τούτων</em></strong></span> <span class='ocrx_word' id='word_1_214' title='bbox 972 3679 1158 3764; x_wconf 74' lang='grc' dir='ltr'><strong><em>ἐρπετῶδες</em></strong></span> 
     </span>
     <span class='ocr_line' id='line_1_29' title="bbox 132 3771 1158 3862; baseline -0.001 -19"><span class='ocrx_word' id='word_1_215' title='bbox 132 3775 360 3862; x_wconf 70' lang='grc' dir='ltr'><strong><em>ἐργαστήριον,</em></strong></span> <span class='ocrx_word' id='word_1_216' title='bbox 388 3772 428 3842; x_wconf 78' lang='grc' dir='ltr'><strong><em>δι’</em></strong></span> <span class='ocrx_word' id='word_1_217' title='bbox 453 3771 615 3861; x_wconf 73' lang='grc' dir='ltr'><strong><em>Εὖοεγίίου</em></strong></span> <span class='ocrx_word' id='word_1_218' title='bbox 638 3779 695 3840; x_wconf 88' lang='grc' dir='ltr'><strong><em>τοῦ</em></strong></span> <span class='ocrx_word' id='word_1_219' title='bbox 718 3771 947 3854; x_wconf 79' lang='grc' dir='ltr'><strong><em>ῦπεισδὺντος,</em></strong></span> <span class='ocrx_word' id='word_1_220' title='bbox 970 3776 1025 3843; x_wconf 86' lang='grc' dir='ltr'><strong><em>καὶ</em></strong></span> <span class='ocrx_word' id='word_1_221' title='bbox 1048 3802 1158 3861; x_wconf 87' lang='grc' dir='ltr'><strong><em>παρα-</em></strong></span> 
     </span>
     <span class='ocr_line' id='line_1_30' title="bbox 132 3867 1158 3961; baseline -0.001 -22"><span class='ocrx_word' id='word_1_222' title='bbox 132 3879 342 3961; x_wconf 78' lang='grc' dir='ltr'><strong><em>φθείραντος</em></strong></span> <span class='ocrx_word' id='word_1_223' title='bbox 361 3874 421 3961; x_wconf 77' lang='grc' dir='ltr'><strong><em>τήν</em></strong></span> <span class='ocrx_word' id='word_1_224' title='bbox 444 3870 544 3961; x_wconf 82' lang='grc' dir='ltr'><strong><em>άκοήν</em></strong></span> <span class='ocrx_word' id='word_1_225' title='bbox 567 3874 669 3939; x_wconf 89' lang='grc' dir='ltr'><strong><em>πάλιν</em></strong></span> <span class='ocrx_word' id='word_1_226' title='bbox 691 3867 876 3950; x_wconf 79' lang='grc' dir='ltr'><strong><em>Οὐάλεντος</em></strong></span> <span class='ocrx_word' id='word_1_227' title='bbox 897 3877 956 3938; x_wconf 89' lang='grc' dir='ltr'><strong><em>τοῦ</em></strong></span> <span class='ocrx_word' id='word_1_228' title='bbox 975 3876 1158 3956; x_wconf 69' lang='grc' dir='ltr'><strong><em>θεοσεβοῦς</em></strong></span> 
     </span>
     <span class='ocr_line' id='line_1_31' title="bbox 128 3965 1197 4057; baseline -0.002 -21"><span class='ocrx_word' id='word_1_229' title='bbox 128 3971 302 4057; x_wconf 75' lang='grc' dir='ltr'><strong><em>βασιλέως</em></strong></span> <span class='ocrx_word' id='word_1_230' title='bbox 321 3974 375 4038; x_wconf 84' lang='grc' dir='ltr'><strong><em>καί</em></strong></span> <span class='ocrx_word' id='word_1_231' title='bbox 395 3965 644 4056; x_wconf 74' lang='grc' dir='ltr'><strong><em>εῦλαβεστάτου,</em></strong></span> <span class='ocrx_word' id='word_1_232' title='bbox 668 3969 722 4035; x_wconf 88' lang='grc' dir='ltr'><strong><em>καὶ</em></strong></span> <span class='ocrx_word' id='word_1_233' title='bbox 738 3972 933 4057; x_wconf 81' lang='grc' dir='ltr'><strong><em>θεοφιλοῦς.</em></strong></span> <span class='ocrx_word' id='word_1_234' title='bbox 964 3969 1079 4055; x_wconf 76' lang='grc' dir='ltr'><strong><em>ἐπειδή</em></strong></span> <span class='ocrx_word' id='word_1_235' title='bbox 1096 3967 1197 4054; x_wconf 78' lang='grc' dir='ltr'><strong><em>γάρ30</em></strong></span> 
     </span>
     <span class='ocr_line' id='line_1_32' title="bbox 129 4060 1158 4155; baseline -0.002 -21"><span class='ocrx_word' id='word_1_236' title='bbox 129 4060 215 4152; x_wconf 71' lang='grc' dir='ltr'><strong><em>παρ’</em></strong></span> <span class='ocrx_word' id='word_1_237' title='bbox 239 4061 341 4132; x_wconf 81' lang='grc' dir='ltr'><strong><em>αῦτοῦ</em></strong></span> <span class='ocrx_word' id='word_1_238' title='bbox 367 4067 407 4134; x_wconf 85' lang='grc' dir='ltr'><strong><em>τό</em></strong></span> <span class='ocrx_word' id='word_1_239' title='bbox 429 4068 568 4155; x_wconf 84' lang='grc' dir='ltr'><strong><em>λουτρὸν</em></strong></span> <span class='ocrx_word' id='word_1_240' title='bbox 595 4067 787 4150; x_wconf 80' lang='grc' dir='ltr'><strong><em>ἐκομίσατο,</em></strong></span> <span class='ocrx_word' id='word_1_241' title='bbox 818 4067 875 4133; x_wconf 82' lang='grc' dir='ltr'><strong><em>διὰ</em></strong></span> <span class='ocrx_word' id='word_1_242' title='bbox 896 4067 1050 4152; x_wconf 79' lang='grc' dir='ltr'><strong><em>τοιαύτης</em></strong></span> <span class='ocrx_word' id='word_1_243' title='bbox 1072 4062 1158 4132; x_wconf 82' lang='grc' dir='ltr'><strong><em>ῦπο-</em></strong></span> 
     </span>
     <span class='ocr_line' id='line_1_33' title="bbox 127 4155 1156 4253; baseline -0.003 -20"><span class='ocrx_word' id='word_1_244' title='bbox 127 4165 267 4243; x_wconf 80' lang='grc' dir='ltr'><strong><em>θέσεως</em></strong></span> <span class='ocrx_word' id='word_1_245' title='bbox 287 4159 499 4253; x_wconf 78' lang='grc' dir='ltr'><strong><em>ἠδυνήθησαν</em></strong></span> <span class='ocrx_word' id='word_1_246' title='bbox 522 4155 615 4231; x_wconf 80' lang='grc' dir='ltr'><strong><em>οῦτοι</em></strong></span> <span class='ocrx_word' id='word_1_247' title='bbox 638 4167 764 4250; x_wconf 81' lang='grc' dir='ltr'><strong><em>στήναι.</em></strong></span> <span class='ocrx_word' id='word_1_248' title='bbox 795 4163 868 4230; x_wconf 74' lang='grc' dir='ltr'><strong><em>ἐπεὶ</em></strong></span> <span class='ocrx_word' id='word_1_249' title='bbox 888 4159 929 4230; x_wconf 60' lang='lat' dir='ltr'><strong><em>&amp;v</em></strong></span> <span class='ocrx_word' id='word_1_250' title='bbox 946 4165 1087 4230; x_wconf 69' lang='grc' dir='ltr'><strong><em>ἔκπαλαι</em></strong></span> <span class='ocrx_word' id='word_1_251' title='bbox 1103 4167 1156 4230; x_wconf 85' lang='grc' dir='ltr'><strong><em>καλ</em></strong></span> 
     </span>
     <span class='ocr_line' id='line_1_34' title="bbox 127 4254 1157 4346; baseline 0.001 -16"><span class='ocrx_word' id='word_1_252' title='bbox 127 4259 205 4330; x_wconf 69' lang='grc' dir='ltr'><strong><em>ὑπὸ</em></strong></span> <span class='ocrx_word' id='word_1_253' title='bbox 225 4264 388 4346; x_wconf 87' lang='grc' dir='ltr'><strong><em>γυναικῶν</em></strong></span> <span class='ocrx_word' id='word_1_254' title='bbox 408 4267 461 4331; x_wconf 83' lang='grc' dir='ltr'><strong><em>καί</em></strong></span> <span class='ocrx_word' id='word_1_255' title='bbox 485 4264 684 4346; x_wconf 87' lang='grc' dir='ltr'><strong><em>παιδαρίων,</em></strong></span> <span class='ocrx_word' id='word_1_256' title='bbox 714 4254 752 4326; x_wconf 83' lang='grc' dir='ltr'><strong><em>οῦ</em></strong></span> <span class='ocrx_word' id='word_1_257' title='bbox 775 4262 858 4346; x_wconf 80' lang='grc' dir='ltr'><strong><em>λέγω</em></strong></span> <span class='ocrx_word' id='word_1_258' title='bbox 881 4262 958 4345; x_wconf 88' lang='grc' dir='ltr'><strong><em>περί</em></strong></span> <span class='ocrx_word' id='word_1_259' title='bbox 981 4263 1047 4328; x_wconf 88' lang='grc' dir='ltr'><strong><em>τῶν</em></strong></span> <span class='ocrx_word' id='word_1_260' title='bbox 1070 4260 1157 4331; x_wconf 79' lang='grc' dir='ltr'><strong><em>ἔντε·</em></strong></span> 
     </span>
    </p>
   </div>
   <div class='ocr_carea' id='block_1_3' title="bbox 978 4414 1265 4632">
    <p class='ocr_par' dir='ltr' id='par_1_4' title="bbox 971 4408 1265 4632">
     <span class='ocr_line' id='line_1_35' title="bbox 978 4414 1265 4632; baseline -0.003 -219.024"><span class='ocrx_word' id='word_1_261' title='bbox 978 4414 1265 4632; x_wconf 53' lang='grc' dir='ltr'>Α</span> 
     </span>
    </p>
   </div>
   <div class='ocr_carea' id='block_1_4' title="bbox 0 0 1438 5084">
    <p class='ocr_par' dir='ltr' id='par_1_5' title="bbox 0 0 1438 5084">
     <span class='ocr_line' id='line_1_36' title="bbox 0 0 1438 5084; baseline 0 2"><span class='ocrx_word' id='word_1_262' title='bbox 0 0 1438 5084; x_wconf 95' lang='lat' dir='ltr'><strong><em> </em></strong></span> 
     </span>
    </p>
   </div>
  </div>
 </body>
</html>
