2867 5084
255 891 318 955 53ss
483 901 690 952 ασιυιυιον
707 901 803 950 αισι
821 899 1009 950 amm
1025 901 1054 951 r.

254 1076 350 1137 κησεν
373 1049 391 1118 ὁ
413 1051 496 1130 θεὸς
518 1055 616 1117 τοῦτο
639 1050 673 1118 ἐν
695 1050 838 1136 Σαλώμῃ
860 1056 1029 1134 γενέσθαι,
1056 1044 1115 1116 ούκ
1137 1049 1174 1117 ίν
1196 1043 1275 1135 αύτῇ

252 1155 293 1237 τῇ
309 1156 438 1236 Μαρίμ.
478 1144 534 1214 ούκ
558 1148 740 1232 ἐπέτρεψεν
763 1143 846 1234 αὐτῇ
868 1148 985 1214 δοῦναι
1006 1146 1197 1231 βάπτισμα,
1220 1141 1276 1212 σύκ

254 1242 430 1334 εὐλογῆσαι
451 1244 616 1329 μαθητὰς,
654 1240 692 1310 ού
715 1245 754 1309 τὸ
778 1243 888 1329 άρχειν
911 1244 967 1311 ἐπὶ
991 1247 1049 1332 τῆς
1069 1248 1129 1332 γῆς
1152 1244 1276 1311 ἐκέλευ-

254 1367 325 1423 σεν,
361 1338 381 1432 ἢ
401 1342 503 1426 μόνον
526 1337 673 1426 άγίασμα
701 1336 802 1429 αὐτὴν
831 1337 915 1408 εἶναι
943 1345 997 1407 καὶ
1025 1343 1276 1429 καταξιωθῆναι

230 1444 311 1529 στῆς
333 1435 434 1505 αὐτοῦ
456 1442 637 1523 βασιλείας.
679 1432 717 1503 ού
741 1438 799 1527 την
821 1440 1021 1524 καλουμένην
1043 1445 1172 1523 μητέρα
1191 1434 1272 1504 Ῥού-

255 1561 336 1625 φου,
371 1532 409 1603 ού
432 1537 491 1615 τὰς
520 1532 797 1621 άκολουθησάσας
825 1531 895 1602 άπὸ
918 1537 1117 1614 Γαλιλαίας,
1151 1530 1193 1601 οὐ
1220 1534 1299 1623 τηνσ

254 1634 407 1719 Μάρθαν
440 1633 499 1722 την
532 1630 678 1720 ἀδελφὴν
700 1633 862 1715 Λαζάρου
890 1636 943 1698 καί
966 1638 1121 1716 Μαρίαν,
1162 1630 1276 1698 οὔτινα

254 1735 320 1797 τῶν
349 1727 450 1816 ἁγίων
481 1733 642 1815 γυναικῶν
675 1733 948 1809 καταξιωθεισῶν
980 1725 1047 1795 ύπὸ
1080 1733 1139 1818 της
1176 1725 1276 1795 αύτσύ

254 1832 442 1912 παρουσίας
471 1830 633 1914 σωθῆναι,
665 1828 997 1913 ἐξυπηρετησαμίνων
1026 1822 1116 1911 αύτῷ
1145 1826 1183 1892 ἐκ
1212 1831 1276 1893 τῶν

217 1941 246 1992 ¹⁰
256 1924 350 1991 ἰδίων
363 1918 586 2006 ὑπαρχόντων,
604 1918 641 1987 ού
660 1924 718 2011 την
732 1935 870 2009 γυναῖκα
885 1925 1144 2012 τηνΧανανῖτιν,
1163 1918 1204 1989 σύ
1219 1922 1277 2012 την

256 2022 498 2105 αλμορροοῦσαν
520 2019 576 2086 καὶ
591 2026 809 2107 σεσιυσμίνην,
834 2018 949 2087 ούτινα
970 2025 1036 2087 τῶν
1058 2021 1115 2087 ἐπὶ
1138 2025 1199 2110 τῆς
1220 2025 1277 2110 γῆς

247 2121 414 2205 γυναικῶν
442 2121 540 2183 τοῦτο
570 2129 681 2183 ποιεῖν
710 2119 895 2203 προσέταξε
916 2118 955 2184 τὸ
978 2114 1117 2202 ἀξίωμα.
1164 2119 1276 2185 πάθεν

254 2222 365 2282 τοίνυν
388 2215 489 2282 πάλιν
517 2211 596 2302 ἡμῖν
619 2216 855 2298 κυκλοδράκων,
893 2215 1003 2283 πόθεν
1031 2212 1277 2296 άνακαινίζεται

254 2311 297 2378 τὰ
326 2311 442 2379 σκολιά
469 2311 696 2397 βουλεύματα·
737 2312 770 2378 ἐν
798 2317 876 2399 τιμῇ
907 2313 991 2378 ἔστω
1020 2319 1156 2396 Μαρία,
1193 2307 1212 2378 ὁ
1240 2314 1277 2379 δὲ

219 2409 365 2497 λύπατηρ
388 2412 442 2474 καὶ
465 2408 535 2487 υίὸς
562 2413 614 2475 καὶ
639 2405 733 2494 άγιον
757 2414 888 2492 πνεῦμα
915 2415 1182 2493 προσκυνείσθω,
1219 2410 1277 2498 τὴν

255 2512 394 2587 Μαρίαν
421 2509 536 2589 μηδείς
563 2513 799 2590 προσκυνείτω.
849 2501 886 2572 ού
916 2509 999 2591 λέγω
1025 2506 1169 2591 γυναικὶ,
1206 2502 1275 2573 ἀλλ’
1289 2530 1327 2580 1oe

256 2598 332 2669 οὐδὲ
354 2599 458 2686 άνύρλ,
483 2607 554 2689 θεῷ
578 2609 822 2688 προστέτακται
843 2602 882 2669 τὸ
903 2603 1092 2691 μυστήριον,
1117 2599 1197 2670 οὐδὲ
1221 2602 1279 2688 άγ-

255 2702 346 2785 γελοι
373 2704 517 2783 χωροῦσι
547 2701 740 2785 δοξολογίαν
769 2701 934 2786 τοιαύτην.
975 2701 1208 2788 ἐξαλειφέσθω
1238 2701 1280 2766 τά

256 2801 361 2873 κακῶς
382 2803 549 2881 γραφέντα
571 2797 605 2863 ἐν
627 2794 746 2883 καρδίη
767 2801 832 2863 τῶν
857 2793 1084 2885 ἠπατημένων,
1110 2793 1281 2882 άμαμρού-

217 2898 333 2959 Ἆλσθω
357 2891 392 2971 ίξ
413 2888 601 2978 ὀφθαλμῶν
623 2897 662 2959 τὸ
684 2893 865 2981 ίγκίσσημα
878 2899 937 2960 τοῦ
950 2894 1064 2974 ξύλου·
1087 2894 1279 2982 ἐπιστρέφῃ

257 2990 359 3055 πάλιν
381 2988 419 3053 τὸ
443 2989 581 3072 πλάσμα
600 2991 685 3075 πρὸς
700 2993 759 3079 τὴν
776 2991 951 3080 δεσπότην,
975 2992 1192 3074 ε’ντρεπέσθω
1209 2991 1280 3058 Εύα

255 3086 339 3170 μετά
360 3090 418 3152 τού
438 3081 545 3171 Ἀδάμ
568 3088 650 3154 θεὸν
671 3093 771 3171 τιμάν
792 3088 904 3172 μόνον,
931 3087 975 3177 μὴ
999 3085 1135 3172 άγίσθω
1156 3093 1198 3177 τῇ
1221 3094 1280 3156 τοῦ

258 3183 368 3271 ὄφεως
397 3189 505 3271 φωνῇ,
540 3180 609 3252 ἀλλ’
640 3185 805 3268 ίμμενίτω
834 3190 873 3272 τῇ
903 3189 961 3250 τοῦ
991 3190 1073 3252 θεοῦ
1096 3189 1282 3271 προστάξει

257 3282 320 3369 *μὴ
345 3280 452 3368 φάγῃς
475 3278 544 3347 άπὸ
566 3286 624 3347 τοῦ
649 3283 774 3360 ξύλου.”
809 3286 862 3348 καὶ
879 3273 971 3370 ἦντὸ
988 3283 1083 3361 ξύλον
1100 3280 1139 3348 ού
1155 3284 1277 3370 πλάνη,

216 3373 340 3447 wau&
368 3380 424 3443 διά
450 3383 509 3444 τοῦ
538 3379 635 3459 ξύλου
657 3386 787 3465 γέγονεν
820 3376 839 3467 ἡ
869 3380 1019 3467 παρακοὴ
1049 3384 1107 3468 τῆς
1137 3382 1278 3463 πλάνης.

254 3472 298 3562 μὴ
322 3481 453 3560 φαγέτω
480 3503 533 3555 τις
561 3472 630 3543 άπὸ
658 3481 716 3566 τῆς
739 3477 866 3563 πλάνης
896 3481 954 3565 τῆς
977 3476 1033 3542 διά
1055 3483 1197 3561 Μαρίαν
1220 3479 1280 3569 τήν

255 3567 364 3657 άγίαν·
393 3573 530 3657 καὶγὰρ
554 3574 659 3641 είκαὶ
685 3570 809 3658 ὡραῖον
832 3573 870 3638 τὸ
894 3571 1006 3652 ξύλον,
1041 3568 1109 3640 ἀλλ’
1142 3570 1202 3642 ούκ
1233 3579 1281 3658 είς
1309 3590 1326 3639 Β

254 3672 387 3753 βρῶμα,
422 3674 475 3735 καὶ
507 3671 536 3737 εἰ
563 3672 720 3757 καλλίστη
752 3667 913 3759 ηΜαρία
935 3674 988 3736 καὶ
1013 3666 1090 3756 άγία
1112 3676 1168 3739 καλ
1192 3701 1284 3743 τετι-

254 3773 390 3854 μημένη,
414 3763 482 3832 ἀλλ’
508 3763 566 3833 οὐκ
589 3769 635 3845 εἰς
657 3768 696 3833 τὸ
719 3774 994 3852 προσκυνεῖσθαι.

215 3876 246 3927 30
340 3871 369 3932 8.
399 3853 514 3930 Αύται
537 3867 572 3931 δὲ
595 3865 697 3931 πάλιν
721 3860 967 3945 άνακαινίζουσι
994 3868 1033 3952 τῇ
1062 3864 1141 3951 τύχη
1166 3867 1207 3934 τὸ
1231 3876 1287 3937 κέ-

255 3985 367 4045 ρασμα
393 3964 445 4027 καὶ
474 3962 686 4044 ἑτοιμάζουσι
716 3966 763 4048 τῷ
793 3962 927 4045 δαίμονι
960 3961 1015 4026 καὶ
1044 3957 1081 4028 ού
1116 3968 1196 4051 θεῷ
1225 3970 1287 4057 τὴν

255 4058 429 4141 τράπεζαν,
453 4058 588 4125 κατὰτὸ
604 4065 835 4144 γεγραμμένον,
852 4062 904 4125 καλ
922 4062 1092 4125 σιτοῦνται
1108 4071 1191 4128 σῖτα
1207 4059 1290 4134 άσε-
1325 4111 1326 4117 1

255 4160 356 4237 βείας,
373 4150 419 4233 άίς
435 4179 536 4243 φησιν
552 4151 570 4221 ὃ
587 4163 683 4235 θεῖος
698 4156 795 4241 λόγος
818 4160 891 4223 “nai
909 4156 945 4222 αλ
959 4167 1110 4241 γυναῖκες
1123 4166 1290 4246 τρίβουσι
