2867 5084
540 940 623 988 ιιιτνι
643 941 814 996 amm.
1122 934 1187 999 577

162 1087 223 1175 την
244 1089 418 1172 βασιλείαν
446 1090 513 1155 τῶν
535 1082 684 1173 οάρανῶν
711 1089 770 1178 τὴν
799 1087 899 1158 αὐτοῦ
922 1095 1187 1182 φιλανθρωπίαν

162 1184 220 1252 καί
241 1189 301 1252 τοῦ
323 1184 451 1268 πατρὸς
472 1189 525 1252 καί
548 1189 607 1250 τοῦ
631 1182 725 1271 άγίου
748 1189 944 1271 πνεύματος.

249 1291 296 1351 17.
326 1278 360 1349 Ὁ
377 1278 568 1369 ὖπὲρῇμιῦν
584 1282 755 1362 τὸπάθος
777 1281 960 1370 ὑπομείνας
982 1286 1015 1355 ἓν
1031 1283 1187 1378 ἀληθείᾳ,

163 1379 199 1446 ἕν
228 1385 321 1465 σαρκί
352 1383 404 1447 καί
434 1380 468 1447 έν
496 1385 535 1468 τῇ
563 1382 672 1468 τελείᾳ
703 1380 967 1468 ίνανθρωπησει,
997 1387 1121 1453 παθών
1151 1387 1185 1455 ίν

162 1472 307 1565 άληθείη
330 1478 386 1545 ε’πί
409 1481 468 1544 τοῦ
491 1481 644 1562 σταυροῦ,
678 1478 838 1564 συνούσης
867 1475 955 1565 αὐτῷ
984 1485 1042 1569 τῇς
1064 1484 1212 1572 θεότη-ίί

160 1600 229 1654 τος,
254 1570 322 1642 ἀλλ’
348 1569 386 1641 οὗ
410 1582 592 1661 τραπείσης
615 1575 662 1653 εἷς
684 1575 723 1641 τὸ
738 1576 888 1659 πάσχειν,
914 1576 1013 1661 οίοης
1036 1581 1072 1646 δὲ
1095 1574 1185 1649 ἇπα-

161 1675 248 1751 θοιῖς
269 1671 322 1739 καί
347 1665 522 1756 άτρέπτου,
545 1675 612 1739 τάν
636 1671 694 1739 δίο
711 1668 922 1741 άκολουθιῶν
945 1678 1063 1762 σαφῶς
1084 1702 1185 1744 κατα-

161 1776 358 1853 νοουμίνονν,
380 1771 531 1855 Χριστοῦ
555 1769 742 1852 πάσχοντος
757 1767 841 1854 ὑπὲρ
858 1767 949 1860 ῇμῶν
965 1773 1070 1857 σαρκί,
1095 1770 1185 1840 άπα-

130 1869 247 1944 οθοίς
262 1868 298 1932 δὲ
308 1872 465 1949 μένοντος
480 1866 514 1934 ἓν
530 1866 677 1951 θεότητι,
691 1862 730 1933 οὗ
745 1872 803 1934 τοῦ
817 1863 1002 1951 ἀνθρώπου
1018 1865 1084 1935 κατ’
1096 1871 1183 1937 ίδίαν

160 1961 258 2042 ὄντος
283 1966 336 2030 καί
359 1967 398 2030 n*
400 1990 417 2042 ς
440 1963 601 2050 θεότητος
621 1959 689 2030 κατ’
708 1965 806 2042 ίδίαν,
837 1961 921 2032 ἀλλὰ
944 1967 1105 2054 συνούσης
1126 1970 1184 2056 τῇς
1194 1981 1225 2032 10

157 2060 331 2147 θεότητος,
340 2060 383 2148 μὴ
398 2061 589 2148 πασχούσης
602 2063 647 2139 δὲ,
658 2061 713 2128 διὰ
724 2062 762 2127 τὸ
775 2058 953 2149 ἀκραιφνὲς
965 2063 1019 2130 καί
1031 2061 1184 2149 ἀσύγκρι-

155 2180 216 2223 τον
231 2161 290 2244 τῇς
305 2153 429 2238 οίοίας,
450 2158 638 2240 πάσχοντος
654 2160 688 2224 δὲ
706 2159 739 2224 ἒν
756 2167 850 2243 σαρκί
867 2163 919 2225 καὶ
934 2167 1185 2244 θανατουμένου

156 2255 193 2322 ἕν
210 2258 315 2338 σαρκί,
333 2256 453 2336 ζῶντος
470 2257 505 2322 δὲ
521 2251 571 2322 άεί
585 2255 618 2322 ίν
632 2257 769 2343 θεότητι
781 2260 833 2322 καὶ
850 2257 1032 2342 ἐγείροντος
1043 2257 1119 2334 τούς
1132 2283 1184 2324 νε-

155 2352 264 2434 κροὺς,
288 2356 346 2418 τοῦ
369 2356 522 2438 σώματος
544 2359 707 2440 ταφέντος
736 2353 769 2419 ίν
793 2349 937 2439 ἀληθείᾳ
968 2354 1021 2419 καί
1051 2348 1182 2436 άψίχου

153 2458 331 2534 μείναντος
347 2453 386 2517 τὸ
401 2450 585 2538 τριῇμερον,
609 2448 718 2516 άιτνου
735 2477 770 2516 τε
792 2453 844 2516 καί
869 2445 1032 2533 ἀκινήτου,
1058 2451 1180 2538 ἕνειλη-
1192 2466 1222 2516 15

153 2555 278 2626 θέντος
293 2550 328 2614 δὲ
341 2547 397 2615 διά
409 2552 467 2635 τῆς
484 2548 643 2627 σινδόνος,
657 2553 897 2625 κατατεθέντας
914 2547 947 2613 ἐν
963 2552 1009 2633 τῷ
1024 2548 1179 2633 μνήματι,

153 2647 432 2730 συγκλεισθέντος
448 2646 504 2713 διὰ
518 2649 577 2712 τοῦ
594 2647 694 2711 λίθου
716 2649 769 2711 καὶ
788 2646 973 2731 σῳραγῖδος
987 2649 1053 2711 τῶν
1069 2646 1181 2714 ἔπιτε·

124 2750 297 2822 ςθέντιον,
313 2739 383 2827 οὐχί
396 2747 453 2828 τῆς
462 2743 629 2830 θεότητος
642 2744 924 2828 συγκλεισθείοης,
940 2739 978 2809 οὐ
992 2747 1049 2829 τῇς
1059 2742 1181 2826 θεότη-

152 2865 213 2919 τος
228 2849 398 2928 ταφείσης,
417 2840 703 2927 συγκατελθούσης
716 2843 751 2907 δὲ
767 2844 806 2928 τῇ
825 2844 912 2927 ψυχῇ
927 2844 967 2927 τῇ
983 2836 1060 2928 ἁγίᾳ
1076 2841 1123 2919 είς
1137 2840 1180 2907 τά

151 2939 372 3021 καταχθόνια,
396 2938 532 3025 ίλοάσης
556 2937 684 3006 ίκεῖθεν
707 2937 764 3023 τὴν
787 2942 853 3004 τῶν
878 2941 992 3023 ψυχῶν
1013 2939 1221 3022 αίχμαλω-θο

154 3042 242 3114 σίαν,
266 3035 432 3122 κλασάσης
454 3042 586 3119 κέντρον
603 3035 763 3114 θανάτου,
788 3035 1007 3122 διαρρηξάσης
1029 3034 1070 3101 τά
1092 3037 1180 3102 κλεῖ·

151 3140 227 3215 θρα
248 3133 302 3200 καί
324 3134 402 3212 τοὺς
423 3133 565 3217 μοχλοὺς
587 3132 664 3210 τοίς
682 3127 933 3215 ἀδαμαντίνους,
958 3130 1013 3196 καὶ
1036 3130 1179 3216 λοσάσης

152 3224 278 3309 ιάδῒνας
298 3227 418 3297 Ἅιδου
448 3231 481 3297 ἓν
515 3231 584 3316 ίδίηι
618 3229 766 3314 ε’ξοοοιήι,
808 3224 1013 3312 άνελθοάσης
1047 3224 1105 3291 σὺν
1138 3229 1178 3312 τῇ

153 3330 254 3414 ψυχῇ,
287 3328 331 3414 μὴ
361 3327 518 3412 ίαθειόης
545 3330 602 3412 τῆς
633 3328 738 3410 ψυχῆς
768 3325 814 3401 είς
836 3320 971 3410 (Ἀίδην,
1005 3324 1095 3409 μηδὲ
1121 3325 1179 3409 τῇς

151 3424 276 3510 σαρκὸς
298 3425 478 3510 ἑωρακυίας
501 3421 704 3510 διαφθορὰν,
739 3416 970 3509 άναστησάσης
993 3416 1093 3507 αὐτὴν
1120 3423 1217 3508 τῇςνῆ

150 3523 326 3608 θεότητος,
356 3517 378 3609 ἢ
400 3517 603 3598 ἀναστάντος
624 3517 726 3586 αἰτοῦ
754 3522 813 3585 τοῦ
836 3525 947 3604 κυρίου
974 3522 1055 3586 θεοῦ
1078 3518 1178 3604 λόγου

119 3619 210 3692 nnat*
239 3621 311 3686 υίοῦ
341 3622 442 3699 θεοῦ,
477 3618 535 3686 σὺν
560 3621 646 3705 ψυχῇ
676 3620 728 3684 καί
759 3616 890 3701 σιάματι
919 3616 974 3684 καὶ
1000 3619 1102 3685 παντὶ
1131 3620 1178 3704 τῷ

151 3716 273 3797 σκεύει,
303 3722 549 3794 συνενωθέντος
577 3715 697 3783 λοιπὸν
721 3719 780 3781 τοῦ
804 3713 937 3793 σκεύους
968 3714 1014 3792 είς
1037 3717 1177 3796 πνεῦμα,

151 3809 236 3881 αὐτὸ
268 3813 307 3879 τὸ
337 3818 432 3898 σῶμα
459 3812 681 3895 πνευματικὸν
714 3808 880 3897 ὑπάρξαν,
918 3812 956 3876 τὸ
990 3814 1073 3877 ποτὲ
1107 3807 1177 3897 άῳῇ

149 3908 370 3996 ὑποκείμενον
392 3909 448 3977 καί
469 3909 605 3994 μάστιξι
634 3912 832 3995 παραδοθὲν
856 3909 994 3993 ἑκουσίῳ
1015 3911 1074 3991 τῇς
1096 3907 1219 3973 θεά-30

148 4034 250 4097 τητος
281 4010 463 4095 θελήματι,
504 4009 557 4074 καὶ
591 4010 820 4094 πειρασθῆναι
856 4001 923 4071 άπὸ
954 4007 1013 4071 τοῦ
1043 4007 1177 4070 Σατανᾶ

150 4109 381 4193 συγχωρηθὲν,
415 4108 468 4173 καί
503 4111 600 4193 πείνη
635 4103 880 4187 προσπελάζειν
917 4103 969 4168 καὶ
998 4097 1094 4186 ὕπνῳ
1122 4103 1177 4168 καί

147 4203 304 4288 καμάτῳ,
338 4203 427 4292 λύπῃ
455 4229 491 4271 τε
519 4206 573 4271 καί
610 4196 784 4290 άδημονίᾳ.
837 4194 918 4266 αι’·τὸ
946 4198 984 4266 τὸ
1013 4201 1110 4283 σῶμα
1137 4198 1178 4265 τὸ

205 4305 352 4358 Epiphanius.
372 4305 412 4350 111·
992 4304 1023 4354 ³7
