2867 5084
458 987 551 1040 mx.
569 990 841 1041 ,ινυιοκιειτιι
1114 983 1171 1045 165

136 1141 222 1220 θεὸς
251 1141 285 1208 ἒν
314 1146 419 1228 σοφίη
448 1140 603 1208 ἐπιτελεῖ.
647 1149 709 1224 μία
736 1144 771 1207 δέ
795 1143 883 1209 ἐστιν
909 1138 925 1230 ἦ·
950 1134 1034 1211 οῦσα
1057 1153 1163 1233 σοφία

136 1243 197 1304 τοῦ
221 1237 350 1322 πατρός
370 1242 423 1304 καί
447 1238 672 1318 ἐνοπόστατος
694 1240 777 1318 θεὸς
799 1240 904 1325 λόγος.
936 1239 1016 1307 αι’·τό
1039 1242 1161 1328 γὰρτὸ

137 1338 227 1423 ῥῆμα
252 1331 290 1401 οῦ
312 1335 447 1414 πάντως
469 1330 641 1421 ἀναγκάζει
662 1362 703 1418 με
726 1341 803 1421 περὶ
826 1343 884 1403 τοῦ
907 1339 980 1404 υίοῦ
1002 1344 1061 1406 τοῦ
1077 1344 1163 1407 θεοῦ

136 1436 260 1517 λέγειν·
283 1429 322 1498 οό
337 1433 398 1518 γὰρ
414 1432 586 1519 ἐδήλωσεν,
611 1429 688 1499 οῦδέ
703 1460 754 1512 τις
768 1439 834 1500 τῶν
850 1431 1046 1503 ἀποστόλων
1064 1439 1161 1524 ἐμνη-

136 1533 307 1614 μόνευσεν,
330 1527 399 1597 ἀλλ’
425 1529 502 1597 οῦδὲ
524 1531 562 1595 τό
586 1526 782 1616 εόαγγὲλιον.
815 1533 844 1598 εἰ
866 1535 902 1598 δὲ
925 1531 989 1616 ἄρα
1008 1538 1084 1618 περὶ
1100 1539 1188 1601 τοῦτο

136 1631 212 1695 υἱοῦ
242 1633 300 1694 τοῦ
330 1632 412 1694 θεοῦ
435 1633 534 1694 τοῦτο
557 1629 777 1713 ἐλαμβάνετο,
807 1625 864 1695 οῦκ
888 1632 959 1697 ἔστι
980 1630 1099 1696 ταυτὸν
1121 1631 1161 1697 τό

107 1727 244 1812 Βρῆμα,
275 1724 350 1792 οῦτε
375 1725 461 1811 πρὸς
484 1722 619 1793 εὐθεῖαν
641 1733 748 1810 κρίσιν
771 1735 928 1810 κείμενον.
976 1725 1034 1814 ὅλη
1057 1728 1118 1813 γὰρ
1141 1725 1160 1815 ἦ

134 1825 253 1909 βίβλος
275 1830 455 1906 παροιμίαι
478 1824 551 1891 είσί.
583 1827 652 1889 πᾶν
675 1825 711 1889 δὲ
734 1824 773 1888 τό
795 1827 1098 1911 παροιμιαζόμενον
1122 1821 1161 1892 οδ

135 1920 259 1986 σαυτόν
288 1921 360 1987 ίσιι
386 1926 425 2008 τῇ
450 1923 601 2004 δυνάμει,
626 1917 710 1988 ἀλλὰ
733 1921 813 2009 ἄλλη
837 1925 896 2006 μὶν
920 1924 1014 2011 ῥήσει
1037 1927 1160 2012 διηγεῖ-

136 2044 210 2096 ται,
240 2017 322 2105 ἄλλη
353 2021 388 2085 δὲ
417 2021 554 2102 δυνάμει
581 2017 820 2105 όλληγορείται.
867 2021 896 2086 εί
923 2029 1034 2088 τοίνυν
1062 2027 1161 2088 τοῦτο
1176 2034 1204 2085 10

138 2118 241 2201 λέγει,
265 2117 320 2182 καὶ
341 2119 491 2200 τολμῶσι
511 2118 599 2194 τινὲς
622 2117 678 2182 ἐπὶ
701 2116 758 2182 τὸν
782 2118 853 2183 υἱὸν
876 2123 934 2182 τοῦ
958 2124 1041 2186 θεοῦ
1065 2125 1162 2186 τοῦτο

138 2219 271 2300 φέρειν,
300 2213 344 2299 μὴ
371 2221 516 2298 γίνοιτο·
547 2214 604 2280 ἐπὶ
626 2217 665 2300 τῇ
693 2213 832 2300 θεότητι
854 2211 954 2280 αὐτοῦ
963 2267 970 2292 ,
1001 2222 1099 2281 τοῦτο
1123 2212 1162 2282 οὐ

137 2318 278 2398 φέρεται
299 2311 337 2377 τὸ
361 2312 457 2399 ῥῆμα.
501 2311 530 2379 εί
552 2313 590 2377 δὲ
613 2311 750 2376 δι’·ναται
773 2312 807 2377 ἐν
830 2316 869 2397 τῇ
893 2313 1037 2398 ίνσάρκιμ
1062 2309 1162 2378 αὐτοῦ

135 2411 357 2496 πληροῦσθαι
377 2417 556 2495 παρουσίᾳ.
588 2408 703 2494 ἐπειδη
727 2408 787 2493 γὰρ
812 2405 892 2495 αῦτη
915 2405 934 2495 ἡ
959 2417 1064 2495 σοφία
1080 2405 1163 2496 ηἰκο-

136 2506 283 2593 δόμησεν
311 2506 409 2592 ἑαυτῇ
438 2507 496 2573 τὸν
526 2501 631 2572 οἶκον·
660 2507 712 2571 καὶ
744 2505 773 2571 τί
795 2503 860 2588 ἄρα
883 2501 952 2571 ἀπὸ
976 2507 1163 2590 προσώπου
1178 2522 1205 2572 15

135 2609 197 2689 τῆς
220 2599 322 2670 αὐτοῦ
346 2604 641 2690 ἕνανθριυιτηοειυς,
666 2598 810 2686 εὗσεβιῦς
833 2605 976 2688 λεχθείη,
1003 2601 1048 2681 ὦς
1071 2601 1088 2691 ἡ
1113 2605 1165 2671 ἓν·

138 2725 263 2787 σαρκος
292 2696 392 2767 αότοῦ
417 2709 587 2785 παρουσία
609 2704 685 2784 περὶ
709 2705 767 2786 τῆς
789 2695 890 2767 αι’·τοῦ
913 2700 1075 2785 θεότητος
1098 2701 1164 2788 φά·

112 2820 228 2878 οσιει,
258 2798 298 2864 τὸ
322 2797 451 2883 *κύριος
481 2800 588 2865 ίκτισέ
614 2803 682 2882 με,”
704 2805 874 2864 τουτέστιν
904 2795 1095 2886 ηἰκοδόμησέ
1122 2825 1165 2883 με

137 2897 173 2964 ἐν
195 2900 313 2983 γαστρὶ
337 2903 491 2980 Μαρίας,
523 2893 621 2982 ἀρχὴν
645 2894 732 2962 ὁδιῦν
756 2891 856 2961 αὐτοῦ
880 2897 927 2974 εἰς
951 2899 1027 2982 ίργα
1051 2894 1162 2962 αὐτοῦ.

137 2989 243 3081 ἇρχην
269 2993 331 3080 γὰρ
360 2988 447 3060 ὁδῶν
468 2999 526 3080 τῆς
547 2993 696 3060 καθόδου
719 2997 869 3076 Χριστοῦ
893 2987 1017 3072 είςλτόν
1040 2995 1206 3078 κόσμονιο

139 3092 182 3156 τὸ
205 3094 300 3175 σῶμα
323 3091 357 3159 ἐκ
375 3097 514 3175 Μαρίας
536 3090 575 3156 τὸ
598 3092 729 3177 ληφθὲν
752 3091 785 3156 ίν
808 3093 854 3176 τῷ
878 3091 961 3177 ίργηι
984 3088 1083 3157 αὐτοῦ
1106 3096 1165 3178 τῆς

142 3187 353 3276 δικαιοσύνης
374 3191 427 3254 καί
452 3194 624 3274 σωτηρίας.
657 3186 742 3253 ἀλλὰ
764 3187 900 3266 πόντιος
917 3188 1164 3274 προπηδησειεν

139 3282 160 3352 δ
183 3286 243 3373 τὴν
263 3289 400 3371 καρδίαν
416 3287 652 3370 βεβλαμμένος,
675 3284 803 3371 κοίτην
820 3285 928 3371 δεινίην
943 3283 1064 3370 ταύτην
1080 3287 1165 3372 πλη·

137 3382 199 3470 γην
226 3386 473 3470 πεπληγμένος,
503 3386 581 3468 περὶ
611 3385 669 3447 τοῦ
700 3382 772 3448 υἱοῦ
800 3386 860 3448 τοῦ
890 3386 973 3449 θεοῦ
1003 3383 1083 3464 ἔχων
1106 3383 1166 3469 την

138 3480 266 3563 ἐχθρὰν
289 3481 325 3547 ίν
346 3483 386 3567 τῇ
405 3481 552 3567 διανοίᾳ·
577 3477 639 3559 ὅτι,
657 3482 768 3566 φησίν,
782 3473 874 3547 εἶπεν
891 3480 969 3547 ίίέὰν
985 3476 1206 3565 ἀναγγείλωιίι

139 3573 221 3663 όμῖν
242 3576 286 3643 τὰ
307 3572 383 3644 καθ’
401 3573 524 3665 ἡμέραν
545 3578 710 3662 γινόμενα,
734 3575 949 3664 μνημονεύσω
971 3577 1013 3644 τὰ
1035 3579 1070 3658 ἐξ
1085 3579 1162 3644 αίιῦ-

108 3695 200 3754 υνυς
231 3679 309 3756 [καὶ]
340 3668 557 3762 ἂριθμῆσαι”.
602 3677 656 3741 καλ
686 3669 766 3761 δρᾷς
788 3671 841 3742 ότι
863 3675 898 3754 ἐξ
920 3676 1041 3754 αιίῦνος
1063 3678 1167 3761 λέγει·

139 3767 161 3860 η
193 3773 230 3839 δὲ
259 3771 416 3858 ίνσαρκος
444 3776 528 3841 θεοῦ
557 3779 727 3857 παρουσία
748 3772 832 3856 μετὰ
855 3772 1010 3860 ἑξήκοντα
1033 3773 1092 3838 δι”ο
1114 3797 1168 3857 γε·

139 3870 220 3949 νεός
248 3869 333 3937 κατὰ
358 3869 417 3936 τόν
439 3875 626 3937 Ματθαῖον
654 3859 756 3956 ἦλθε·
785 3873 860 3949 πῶς
888 3861 945 3937 οῦν
968 3870 1105 3936 δόναται
1126 3867 1169 3934 τὰ

139 3966 181 4047 ἐξ
200 3961 302 4053 ἀρχῆς
324 3965 446 4046 αίῶνος
466 3967 574 4054 τούτῳ
597 3968 774 4052 λέγεσθαι,·
1178 3975 1209 4026 ³⁰

229 4068 282 4131 22.
312 4066 380 4131 Καὶ
403 4059 461 4132 οδκ
483 4066 615 4132 οἴδασιν
638 4064 671 4130 οἱ
692 4063 751 4150 τὴν
774 4067 887 4130 πᾶσαν
911 4059 989 4130 δδὸν
1012 4067 1070 4149 τῆς
1088 4058 1168 4149 ἄλη-

136 4168 243 4240 θείας
265 4163 524 4249 πεπλανημένοι,
548 4160 602 4229 ὅτι
624 4155 677 4228 ἀεὶ
699 4156 717 4248 ἡ
743 4167 823 4227 θεία
844 4161 953 4249 γραφη
977 4159 1088 4226 πάντα
1104 4156 1168 4225 ὅσα

136 4259 302 4348 βούλεται
329 4259 495 4329 διδάσκειν
518 4258 652 4347 ἄρχεται
675 4260 885 4346 διηγεῖσθαι,
917 4252 975 4324 οῦκ
998 4253 1099 4338 εὐθὺς
1121 4257 1169 4336 εἷς
