2867 5084
518 999 613 1052 hm.
632 1000 836 1051 mmmm.
1146 986 1187 1051 67

168 1156 280 1220 θόντα
301 1154 368 1219 τῶν
390 1151 605 1235 ἐπουρανίων,
646 1148 735 1237 ῦδωρ
756 1150 817 1237 γάρ
841 1152 911 1219 ἐστι
932 1149 971 1216 τὸ
994 1145 1112 1235 ὁρατὸν
1133 1152 1187 1216 καλ

168 1255 243 1338 φῶς
265 1250 304 1315 τό
327 1249 528 1335 φαινόμενον
549 1252 603 1315 καὶ
626 1245 685 1332 ῦλη
707 1244 827 1336 ἦκατδι
842 1250 879 1315 σὲ
895 1254 1110 1335 φθειρομένη,
1133 1246 1189 1314 καί

140 1348 291 1432 Βάνεμος
319 1343 337 1412 δ
366 1347 400 1413 ἐν
427 1342 505 1432 ἡμῖν
535 1345 762 1434 ἐνηχοόμενος,
792 1349 846 1412 καλ
874 1346 913 1411 τό
940 1349 1008 1430 πῦρ
1035 1349 1133 1412 τοῦτο
1161 1333 1189 1432 ᾧ

168 1443 345 1523 ἀκωλύτως
367 1445 400 1510 οί
422 1444 545 1522 πάντες
566 1443 753 1530 κεχρήμεθα
775 1443 810 1509 ἓν
830 1453 906 1521 ταῖς
925 1451 1058 1527 χρείαις.
1088 1445 1142 1508 καί
1159 1441 1189 1510 εί

170 1545 228 1611 διά
255 1541 415 1609 τοιούτων
445 1542 522 1619 τοὺς
550 1539 710 1625 άρχοντας
737 1542 893 1623 πολεμεῖ,
924 1547 975 1618 τίς
1002 1538 1020 1626 ἡ
1045 1541 1212 1625 ίνέργειαδ

169 1646 229 1709 τοῦ
251 1644 410 1723 πολέμου,
433 1641 521 1724 λέγε·
544 1647 595 1718 τίς
615 1635 694 1726 ἡμῖν
717 1640 911 1705 σαλπίσειεν
934 1634 1072 1724 ἀρχηγὸς
1087 1639 1188 1704 πολέ·

169 1764 234 1826 μου
263 1738 451 1823 γινόμενος,·
479 1737 684 1820 διατίμωμεν
711 1735 771 1814 τὰς
793 1734 977 1823 φάλαγγας,
1010 1734 1189 1822 ἑπισοστή·

168 1862 279 1920 σωμεν
301 1835 343 1902 τά
364 1833 471 1918 πτερὰ
492 1838 550 1900 τοῦ
573 1837 731 1918 πολέμου.
761 1840 812 1912 τίς
833 1834 932 1918 βάλοι
947 1838 1082 1918 πρῶτον
1093 1835 1190 1917 βέλος

169 1936 254 2002 κατά
276 1937 334 1999 τοῦ
354 1935 510 2015 χαλεπῶς
531 1937 689 2016 μανέντος
710 1931 793 1998 κατὰ
816 1935 873 2019 τῆς
895 1927 1002 2015 άρχιῦν
1024 1934 1077 1997 καί
1098 1931 1189 2011 ἕξου-

169 2037 252 2100 σιιῖιν
278 2026 511 2111 άποστάσεως;
535 2027 654 2113 άνεμος
675 2032 825 2112 πολεμεῖ,
850 2020 1007 2111 ὦοῦτος,·
1030 2025 1114 2095 άλλδι
1129 2024 1188 2116 ῦλη
1200 2045 1229 2097 10

168 2235 266 2312 τέραν
288 2227 558 2291 κατασκευασθὲν
579 2221 647 2291 ῦπό
669 2228 728 2290 τοῦ
750 2233 881 2308 κυρίου;
905 2221 989 2290 άλλά
1010 2225 1048 2290 τό
1065 2228 1138 2310 φιῦς
1151 2222 1190 2289 τό

141 2322 368 2410 σόποχωροῦν
389 2326 437 2407 τῷ
453 2323 563 2389 σκότει
579 2317 642 2388 άνά
655 2328 763 2406 μέρος,
789 2321 1020 2409 διαστημάτων
1036 2325 1101 2386 τῶν
1115 2320 1192 2406 χρό-

171 2449 238 2488 νων
260 2422 294 2488 ἐκ
313 2424 397 2486 θεοῦ
420 2425 643 2504 τεταμμένων;
667 2414 751 2485 άλλόι
767 2418 806 2483 τό
822 2416 930 2503 ῦδωρ,·
953 2427 1042 2504 ποίην
1058 2417 1172 2504 τρόπῳ
1179 2444 1191 2498 ,·

174 2518 325 2605 διήγησαι
346 2517 388 2583 τὰ
410 2517 502 2602 παρὰ
524 2519 577 2582 σοὶ
601 2516 881 2602 κενοφωνοόμενα,
913 2519 965 2582 καί
985 2515 1047 2601 γάρ
1064 2511 1191 2601 ὁρῶμεν
1202 2532 1231 2585 15

174 2616 232 2684 διὰ
252 2615 375 2681 τούτων
397 2616 522 2698 μᾶλλον
544 2617 597 2681 καί
623 2609 737 2699 άγαθὰ
757 2617 810 2679 καί
835 2617 947 2701 φαῦλα
961 2614 1125 2699 γινόμενα.
1157 2613 1191 2681 ἐν

171 2719 219 2802 τῷ
241 2713 303 2799 γάρ
325 2718 406 2796 περὶ
429 2719 549 2778 θυσίαι
571 2719 718 2796 γίνονται
742 2711 906 2792 εἰδώλοις,
930 2716 983 2778 καὶ
1007 2708 1043 2778 οῦ
1067 2737 1193 2795 παραυ·

170 2825 279 2880 τεῖται
307 2811 347 2876 τό
375 2814 457 2894 πῦρ,
489 2805 705 2877 οῦδὲκωλόει
727 2809 785 2896 την
808 2805 980 2894 ἁμαρτίαν.
1025 2813 1072 2896 τῷ
1095 2806 1193 2876 ῦδατι

170 2915 229 2996 τῆς
257 2908 433 2994 θαλάσσης
462 2910 660 2974 σπένδουσιν
689 2909 722 2975 οἱ
743 2918 815 2985 τοῖς
839 2909 1024 2991 δαιμονίοις
1046 2930 1193 2993 προσκυ-

173 3012 314 3086 νοῦντες,
338 3009 391 3071 καί
416 3000 454 3070 οὐ
476 3005 655 3072 κεκώλυται
677 3007 761 3072 ποτὲ
784 3005 817 3071 ἐν
839 3001 936 3071 ῦδατι
953 3002 970 3070 δ
986 3004 1232 3090 πειρώμενοςλθ

172 3104 309 3191 ἄγνοιαν
333 3103 532 3171 ἐπιτελέσαι.
573 3102 677 3169 πόσοι
700 3105 736 3169 δὲ
758 3106 915 3187 πειραταὶ
939 3102 1062 3190 φόνους
1085 3101 1193 3187 εἰργά-

141 3223 275 3271 [νσαντο
299 3200 333 3268 ἒν
355 3196 455 3266 ὕδασι
475 3200 668 3287 θαλάσσης,·
689 3203 744 3266 καὶ
766 3201 891 3284 μᾶλλον
913 3196 970 3266 οῦκ
993 3200 1139 3266 ἐναντίον
1155 3198 1193 3264 τό

173 3298 263 3384 ῦδωρ
291 3309 363 3377 τοῖς
385 3296 522 3381 άρχουοι
544 3302 602 3385 τῆς
623 3304 800 3384 πονηρίας,
831 3293 876 3376 ιός
898 3300 937 3363 σὺ
961 3299 1079 3382 λέγεις,
1110 3291 1194 3363 άλλόι

173 3397 403 3485 συνεργητικόν
431 3397 556 3479 μᾶλλον
583 3396 623 3461 τό
654 3392 757 3480 ὕδωρ,
787 3390 845 3462 οῦκ
874 3393 969 3475 όντος
998 3395 1105 3461 αἰτίου
1133 3398 1193 3462 τοῦ

175 3494 310 3573 ὕδατος,
345 3491 430 3560 ἀλλὰ
463 3494 572 3559 αίτίου
605 3492 744 3560 ἑκάστου
773 3488 959 3577 άνθριόπου
987 3497 1045 3578 τῆς
1074 3494 1233 3562 δαυτοῦτο

174 3590 347 3678 ἁμαρτίας.
378 3591 433 3657 καί
457 3581 483 3656 ὦ
505 3594 562 3675 τῆς
584 3591 711 3677 πολλῆς
727 3613 787 3656 σου
803 3592 975 3678 φλυαρίας.
1005 3598 1040 3657 τί
1054 3593 1090 3657 δὲ
1106 3586 1194 3678 ὠφέ-

175 3695 273 3778 λησεν
300 3685 320 3777 ἡ
343 3689 523 3772 κατασκευὴ
546 3692 612 3754 τῶν
636 3684 750 3753 ὅπλων
772 3688 828 3753 καί
850 3683 868 3753 ὁ
891 3689 1106 3773 θωρακισμὸς
1128 3691 1195 3755 τῶν

175 3799 347 3871 στοιχείων
377 3786 434 3851 τὸν
466 3789 602 3869 πρῶτον
630 3784 714 3852 κατὰ
736 3786 774 3851 σὲ
796 3781 979 3872 ἄνθρωπον
1000 3784 1058 3851 τόν
1081 3786 1196 3851 κατελ-

174 3887 284 3953 θόντα
306 3886 495 3969 πολεμῆσαι
516 3887 570 3950 καὶ
592 3879 660 3949 άπὸ
676 3885 735 3948 τοῦ
751 3882 888 3962 σκότους
901 3889 1195 3970 καταπονηθέντας

174 3985 316 4072 φάσκεις
336 3981 398 4067 γάρ
421 3979 474 4047 ὅτι
497 3981 615 4065 ἐθλίβη
639 3981 705 4048 ἐκεῖ
726 3981 815 4047 κάτω
839 3977 1068 4066 όάνθρωπος,
1101 3974 1234 4060 τόξα-θ)

175 4088 276 4167 μένου
305 4081 341 4146 δὲ
365 4073 465 4145 αὐτοῦ
487 4075 624 4166 ἤκουσεν
647 4073 665 4144 ό
687 4078 813 4166 πατὴρ,
842 4073 887 4157 τός
910 4078 1006 4163 ἔφης,
1035 4079 1090 4142 καὶ
1112 4073 1196 4144 άπί·

175 4181 303 4247 στειλεν
326 4177 439 4260 ἑτέραν
463 4175 600 4260 δύναμιν
621 4177 874 4263 προβληθεῖσαν
896 4168 951 4239 ὑπ’
970 4169 1079 4251 αὐτοῦ,
1103 4175 1196 4261 λεγο-

122 4284 276 4364 θσομίνην
306 4276 437 4360 πνεῦμα
466 4273 538 4355 ζῶν.
585 4275 710 4361 ἔπαρόν
742 4296 803 4340 σου
835 4271 874 4338 τό
907 4282 1123 4355 προσωπεῖον
1129 4324 1139 4354 ,
1169 4262 1196 4338 ὦ

232 4374 237 4383 .
1007 4377 1044 4427 5*
