2867 5084
201 875 265 937 904
581 887 678 939 11111ΕΧ
696 886 844 939 tocuttutt

206 1020 259 1063 Ca.
786 1055 791 1063 .

237 1030 251 1073 p
303 1075 326 1122 io
346 1081 369 1122 te
388 1074 452 1122 [leus
470 1081 515 1134 est,
543 1082 567 1122 et
585 1087 632 1122 noo
652 1081 689 1121 cst
707 1074 772 1121 bene
791 1080 887 1135 praeter
903 1083 934 1124 te.
976 1073 1097 1123 ‘luerim
1116 1088 1143 1122 ea
1162 1074 1219 1122 Deus

304 1150 327 1189 et
345 1142 521 1201 nesciebamus,
540 1142 604 1190 Deus
624 1140 696 1189 lsrael
716 1141 823 1190 Salvator
1054 1141 1102 1191 tut
1114 1142 1137 1191 b.
1155 1141 1220 1190 4851

269 1209 330 1258 Ecce
349 1209 457 1269 iutelligit
481 1208 545 1258 ultus
564 1223 632 1257 meus
650 1209 752 1257 dilectus
780 1209 803 1257 in
829 1223 879 1272 quo
898 1207 1129 1271 milri-complacui,
1155 1223 1218 1272 quen

304 1278 376 1337 elegit
392 1277 470 1326 auinia
488 1291 557 1338 mea;
585 1290 671 1339 ponam
690 1276 800 1338 spiritum
819 1290 898 1326 meum
916 1291 990 1339 super
1008 1277 1099 1339 ipsum,
1125 1286 1148 1326 et
1165 1278 1219 1325 iudi·

183 1398 187 1411 ι
304 1345 367 1392 cium
386 1346 495 1406 gentibus
515 1345 644 1394 nunciabit.
679 1345 732 1393 llon
751 1345 866 1406 attendet,
886 1359 965 1407 neque
980 1346 1104 1406 clamabit,
1123 1360 1167 1394 occ
1183 1360 1218 1393 an·

271 1416 274 1427 '
305 1413 425 1461 dietario
444 1413 529 1475 plateis
547 1427 589 1460 ror
608 1413 668 1471 ciue,
687 1419 733 1460 etc.
1156 1413 1218 1461 bttc

210 1482 251 1532 46.
271 1480 310 1530 Sic
329 1479 387 1529 dicit
405 1481 521 1529 boidinus
539 1480 580 1542 qui
599 1479 656 1528 lecit
674 1479 776 1539 coelom,
796 1479 885 1542 bicqui
900 1479 1118 1541 terramcondidit,
1137 1489 1159 1528 et
1170 1480 1218 1528 iecit

305 1547 376 1596 illam.
408 1547 462 1610 lpse
481 1546 674 1609 discrecitillam‚
693 1560 741 1596 non
754 1548 776 1596 in
789 1561 882 1608 vanum,
900 1548 943 1596 sed
963 1555 989 1596 ut
1007 1548 1132 1597 habitetur
1156 1546 1218 1596 butt

209 1616 251 1668 ⁶2.
271 1616 389 1673 Quoniam
407 1618 448 1679 qui
467 1631 510 1678 per
528 1616 658 1678 Prophetas
676 1616 801 1678 loquebar.
820 1630 877 1664 ecce
895 1616 980 1666 adsum
1171 1615 1218 1664 bbb

269 1683 360 1732 Excute
379 1685 498 1745 puberem
517 1692 540 1732 et
558 1698 684 1744 consurge,
703 1684 762 1733 cede
781 1683 930 1733 Hierusalem
1158 1683 1219 1731 bilo

271 1751 333 1800 Ecce
351 1752 467 1812 intelliget
484 1767 544 1815 puer
561 1766 630 1800 meus
648 1751 752 1801 dilectus
1144 1750 1220 1801 tusus

211 1818 251 1869 5³.
271 1819 341 1880 Lapis
359 1827 383 1867 et
401 1820 450 1868 ouis
468 1819 498 1868 ed
516 1820 663 1869 occisionem
681 1819 768 1881 oblata,
786 1818 858 1868 bomo
876 1826 901 1868 et
913 1819 979 1869 filius
991 1819 1115 1868 hominis:
1134 1819 1219 1881 Aquila,

307 1900 382 1946 agnus
1158 1886 1220 1933 'ibtlb

212 1953 251 2003 54.
271 1954 355 2002 Omnis
372 1968 414 2001 rur
433 1968 495 2015 qaae
513 1953 620 2014 insurget
638 1963 722 2004 contra
732 1963 764 2015 tc,
782 1966 867 2003 omues
877 1952 931 2003 illos
941 1955 1087 2017 superabis:
1107 1955 1133 2004 lri
1150 1962 1220 2003 autem

305 2021 339 2069 rei
359 2027 428 2069 erunt
447 2023 470 2069 in
490 2021 530 2069 illa
1159 2021 1221 2070 bula

270 2090 347 2137 Homo
366 2088 446 2135 scieris
465 2087 566 2136 tolerare
585 2086 760 2149 infirmitatem,
790 2096 814 2136 et
837 2089 937 2138 vidimus
962 2103 1019 2139 eum
1044 2103 1186 2153 percussum
1203 2096 1222 2135 et

305 2155 366 2204 male
385 2156 500 2215 habitum,
520 2165 544 2205 et
562 2156 691 2216 ignominie
709 2156 810 2206 allectus
828 2165 873 2217 est,
892 2171 936 2206 nee
955 2164 1086 2220 reputatus
1159 2155 1221 2206 tuuc

271 2225 359 2273 Ponam
379 2223 550 2273 carbunculum
569 2224 672 2285 lapidem
691 2231 766 2284 tuum,
795 2232 818 2273 et
836 2224 990 2274 liiudameuta
1010 2233 1053 2275 tua
1072 2226 1220 2290 sapphirum:

306 2300 330 2340 et
356 2305 438 2340 micros
463 2299 517 2340 tuos
542 2291 634 2353 lapides
658 2290 756 2352 electos,
783 2300 807 2341 et
831 2292 1010 2356 propugnacula
1036 2302 1078 2343 tua
1103 2293 1221 2357 laspidem

307 2361 450 2408 limniscus
470 2374 531 2421 quae
550 2359 663 2407 adversus
683 2366 714 2419 te,
734 2368 780 2410 etc.
1160 2359 1222 2409 atur

212 2427 254 2476 55.
273 2426 363 2476 Omnes
382 2427 491 2474 sitientes
510 2427 585 2475 venite
604 2427 633 2474 ad
652 2440 690 2474 me
1159 2428 1221 2476 4151

213 2495 254 2543 56.
274 2496 363 2542 Omnes
383 2508 455 2543 cenes
473 2496 531 2543 muti
551 2510 598 2543 nun
615 2495 720 2543 valentes
739 2494 833 2556 latrare,
852 2494 1001 2544 somniantes
1020 2496 1046 2544 in
1066 2495 1140 2545 cubili
1174 2494 1221 2544 utu

213 2561 253 2610 58.
273 2562 305 2609 Os
327 2563 389 2609 enim
409 2563 502 2610 Domini
521 2562 627 2610 locutum
647 2570 683 2610 est
701 2562 747 2610 isto
1160 2563 1221 2612 415ι

212 2628 253 2678 61.
272 2630 376 2691 Spiritus
394 2629 488 2678 Domini
513 2644 587 2692 super
610 2643 662 2678 me:
690 2644 734 2690 pro
753 2643 781 2677 eo
800 2629 866 2693 quod
889 2627 957 2677 unxit
979 2643 1035 2679 me:
1065 2630 1221 2691 Erangelirarc

305 2697 450 2758 pauperibus
468 2698 532 2745 misit
551 2710 604 2745 me:
625 2697 764 2759 praedicare
783 2697 880 2759 captiuis
890 2697 1061 2747 remissionem
1077 2707 1220 2761 peccaturam

306 2772 330 2810 et
347 2765 426 2810 caeeis
444 2764 534 2812 uisum:
554 2765 693 2826 praedicare
711 2778 800 2813 annum
811 2764 905 2813 Domini
923 2766 1110 2828 acceptabilem,
1129 2774 1152 2816 et
1166 2765 1220 2813 diem

307 2830 472 2878 retributionis
1157 2831 1219 2880 4411

203 2891 253 2959 266.
274 2895 480 2952 Quemadmodum
499 2899 562 2945 enim
581 2898 675 2946 coelum
694 2911 787 2958 norum,
807 2905 994 2960 cremauere,
1013 2914 1080 2962 quae
1098 2914 1141 2961 ego
1159 2899 1219 2955 lucio,

305 2970 402 3011 uiancnt
419 2978 498 3012 coram
518 2979 570 3025 me,
600 2965 658 3014 dicit
675 2965 807 3028 Dominus,
835 2965 871 3014 sic
894 2965 939 3015 erit
965 2980 1051 3017 semen
1069 2974 1179 3022 restrum,
1201 2973 1219 3012 et

307 3046 394 3079 rititneu
413 3040 515 3080 restrum
1158 3033 1217 3082 autc

604 3184 818 3242 taurulus.

228 3299 252 3347 4.
271 3301 403 3360 Antequam
428 3301 452 3347 in
477 3308 544 3348 utero
569 3301 696 3351 lomuarcm
720 3310 743 3351 te
761 3303 814 3351 nuri
833 3308 865 3363 te,
891 3308 916 3350 et
938 3310 1073 3364 antequem
1098 3303 1172 3352 exires
1195 3299 1220 3347 dc

306 3367 369 3413 rulra
388 3368 531 3416 sanctiticaui
551 3377 574 3416 te
1157 3366 1219 3418 trud

151 3432 153 3435 ’
228 3432 252 3481 b.
272 3433 334 3490 Quid
344 3435 400 3482 inibi
410 3436 465 3482 tbos
476 3450 489 3483 e
499 3437 560 3484 saba
570 3436 676 3496 desertis,
684 3444 708 3485 et
718 3437 895 3486 cinnamomum
905 3450 918 3486 e
930 3443 993 3486 terra
1002 3438 1140 3502 longinqua
1156 3436 1218 3487 buti

228 3500 253 3548 9.
273 3500 297 3548 Si
317 3514 382 3549 mors
400 3516 443 3563 per
461 3501 579 3551 fenestras
597 3505 735 3552 ascenderit
1171 3503 1219 3552 utd

212 3566 251 3617 18.
270 3567 297 3617 m
316 3568 429 3616 descendi
449 3570 471 3616 in
491 3571 587 3619 domum
606 3572 678 3631 siguli,
704 3578 729 3619 et
745 3586 803 3621 ecee
821 3572 861 3620 ille
879 3571 983 3620 lociebat
997 3586 1062 3635 opus
1080 3587 1156 3636 super
1168 3571 1220 3633 lapi·

304 3636 387 3697 dibus,
415 3645 438 3683 et
462 3639 548 3686 ercidit
567 3653 605 3686 ras
624 3639 689 3702 quod
708 3640 811 3699 lingebat
829 3640 853 3688 in
871 3639 982 3688 manibus
1001 3644 1069 3701 suis,
1097 3648 1122 3691 et
1145 3651 1220 3689 rursus

304 3704 371 3752 linxit
388 3703 427 3752 illc
445 3719 484 3751 ros
503 3705 611 3766 alterum,
639 3707 841 3769 quemadmodum
861 3707 949 3769 placuit
968 3707 1002 3756 illi
1021 3717 1049 3758 ut
1067 3708 1165 3757 laceret,
1196 3705 1220 3753 Ει

304 3772 391 3820 luctum
410 3780 447 3820 est
464 3774 561 3822 verbum
571 3775 665 3823 Domini
685 3776 713 3824 od
734 3790 780 3833 me,
798 3776 895 3824 dicens:
917 3775 942 3824 si
952 3777 1159 3837 quemadmodum
1169 3775 1219 3834 ligu-

305 3839 341 3886 lus
360 3840 411 3901 ipse
430 3854 477 3887 non
496 3849 580 3902 potero
600 3843 645 3891 boc
663 3843 743 3891 lacere
761 3844 826 3892 robis
845 3843 931 3891 domus
950 3843 1045 3893 lsrael?
1072 3843 1137 3893 Ecce
1153 3844 1219 3892 lutum

305 3906 368 3966 figuli
387 3921 427 3955 ros
448 3909 506 3957 estis
524 3909 548 3958 in
567 3911 678 3960 manibus
697 3913 758 3959 uicis
1013 3911 1097 3962 baud.
1117 3918 1141 3960 et
1158 3908 1220 3960 1511

210 3971 251 4022 21.
270 3974 438 4025 Audirerbum
448 3977 549 4026 bomini.
575 3978 659 4026 Scribe
677 3979 750 4026 virum
771 3979 834 4025 bunc
852 3960 988 4026 abdicatum
1008 3979 1147 4028 bominem:
1167 3989 1219 4040 que

303 4043 366 4090 niam
385 4057 433 4091 non
452 4053 545 4094 crescet
563 4059 590 4093 er
609 4045 661 4094 eius
680 4047 772 4094 semine
790 4044 902 4108 princeps
926 4046 1031 4108 amplius
1050 4048 1076 4096 in
1095 4047 1160 4105 luda,
1185 4057 1217 4092 se

305 4109 366 4158 dens
384 4111 407 4159 in
427 4113 512 4161 tlrrono
531 4113 603 4161 Dauid
1157 4111 1217 4161 stul

214 4174 253 4225 tt.
273 4176 349 4225 Homo
369 4186 404 4227 est
423 4186 447 4227 et
465 4182 519 4242 quis
537 4187 667 4242 cognoscet
684 4179 771 4230 illum?
1155 4178 1217 4230 4661
