2867 5084
377 960 522 1013 τεκνον.
542 963 934 1014 ιντωιιεοιιινιινιυμ.
1104 950 1167 1013 513

152 1109 222 1194 άρα
244 1118 506 1196 παρεικασμένου
528 1115 586 1177 τοῦ
609 1121 731 1197 κυρίου,
755 1107 824 1196 οὐχὶ
846 1113 929 1180 κατὰ
951 1112 1061 1199 φύσιν,
1085 1107 1170 1179 ἀλλὰ

155 1208 268 1274 διὰ
237 1235 274 1274 το
299 1211 441 1294 αἰνιχμα,
480 1215 532 1276 καὶ
557 1209 612 1276 διά
641 1210 678 1275 τὸ
700 1212 871 1332 βασιλικὸη
901 1206 985 1278 είναι
1012 1209 1050 1275 τά
1074 1210 1167 1290 ζῶον,

155 1307 292 1372 πάντων
309 1307 399 1388 ζώων
416 1308 620 1404 ἰταμώτατον
635 1335 670 1374 τε
685 1311 738 1373 καὶ
755 1308 975 1390 ἰσχυρότατον,
996 1334 1048 1374 και
1039 1304 1169 1374 τᾶλλα

155 1403 268 1468 πάντα
287 1405 553 1487 χαριέστατον,
536 1394 599 1519 άρά
613 1431 648 1490 χε
669 1409 722 1471 καί
746 1405 803 1488 τήν
818 1405 1018 1492 χεννήσασαν
1036 1407 1169 1472 λεαιναν

153 1497 282 1583 είποιμ’
307 1501 356 1568 ἄν.
399 1503 508 1569 πόθεν
530 1501 590 1587 χάρ
613 1504 695 1568 λέων
716 1507 868 1587 γεννᾶται
890 1501 1032 1579 πάντως,
1067 1501 1095 1567 εἰ
1122 1501 1193 1587 μήθ

156 1600 271 1664 λέαινα
294 1595 311 1714 ή
335 1601 443 1719 μήτηρ
461 1601 679 1686 κληδήσεταω
710 1603 820 1686 λεαίνη
846 1601 880 1665 δὲ
903 1600 1036 1681 δευτέρα
1059 1593 1097 1662 οὐ
1119 1603 1170 1682 χί-

156 1721 248 1762 νεται
270 1696 398 1780 κύησις
422 1697 486 1812 άρα
508 1693 615 1764 οἰκέτι
637 1697 750 1784 κύησιν
766 1692 854 1764 οίδεν
874 1691 1038 1783 ήΜαρία,
1063 1690 1171 1762 οὐκέτι

158 1792 341 1881 συνάφειαν
365 1795 526 1913 σωμάτων
547 1791 565 1879 ή
590 1791 667 1878 άχία
689 1801 868 1878 παρθένος.

127 1916 147 1964 8
248 1898 293 1958 13.
322 1886 424 1958 Ἀλλά
446 1895 499 1959 καὶ
531 1893 642 1978 ἕτερας
671 1893 793 1975 ἔδωμεν
824 1898 979 2008 θεωρίμς.
1032 1916 1072 1976 ην
1095 1884 1172 1957 ἐνκό-

158 1988 283 2067 λουδος
304 2015 350 2075 τῳ
372 1984 518 2072 Ἰησοῦ(Ι
497 2017 565 2073 αμα
581 1984 669 2074 αὐτην
685 1991 829 2056 πάντοτε
844 1990 1054 2074 τυγχάνουσα.
1079 1987 1171 2075 ἐκλή-
1183 2004 1211 2055 10

158 2092 205 2171 θη
231 2081 353 2172 Ἰησοῦς
381 2088 427 2165 εἷς
454 2088 592 2171 γάμους,
627 2053 680 2152 κάὶ
710 2084 729 2172 ή
758 2087 862 2173 μήτηρ
895 2084 995 2152 αὑτοῦ
1024 2086 1090 2167 ἐκεῖ
1117 2083 1173 2153 καὶ

157 2184 190 2249 σί
214 2179 363 2271 ἀδελφοὶ,
388 2188 440 2250 καί
465 2181 610 2267 οὐδαμοῦ
629 2179 758 2271 Ἰωσήφ.
789 2192 842 2250 “τί
858 2182 931 2267 ἐμοὶ
953 2188 1005 2249 καὶ
1030 2184 1093 2260 σοί,
1116 2181 1172 2266 χά-

157 2307 231 2362 ναι,·
265 2281 361 2348 οὔπω
391 2279 459 2368 ήκει
489 2279 505 2367 ή
530 2280 599 2367 ὥρα
626 2287 718 2365 μου.”
761 2286 813 2348 καὶ
838 2277 894 2346 οὐκ
917 2276 991 2348 εἶπε
1019 2287 1072 2345 “τι’
1100 2279 1183 2362 ἐμοί

156 2383 212 2446 καί
228 2374 315 2461 ὑμῖν,
340 2378 554 2464 ἄνθρωποι,·”
575 2379 788 2465 παρειστήκει
804 2386 922 2463 Μαρία
936 2374 955 2464 ή
969 2375 1173 2462 Μαγδαληνή

157 2480 214 2542 καὶ
239 2483 358 2560 Μαρία
379 2474 398 2564 ή
421 2481 479 2543 τοῦ
504 2479 632 2543 Κλωπᾶ
654 2479 706 2543 καί
730 2483 850 2562 Μαρία
872 2472 890 2561 ή
914 2476 1018 2562 μήτηρ
1038 2470 1173 2562 Ῥούφου
1184 2492 1212 2543 15

158 2577 213 2641 καὶ
237 2581 357 2658 Μαρία
379 2571 398 2692 ή
422 2574 512 2662 άλλη,
541 2578 594 2640 καὶ
618 2575 769 2660 Σαλώμη,
799 2578 852 2641 καί
882 2572 989 2640 άλλαι.
1033 2575 1087 2638 καὶ
1117 2567 1174 2639 οὐκ

158 2662 306 2756 είπεν,ή
309 2669 367 2739 νδ
386 2669 510 2794 Ἰωσήφ
528 2667 653 2751 ἐκεῖ,“
633 2701 652 2758 η
682 2667 868 2756 δ’ίάκωβος
898 2667 916 2736 ὁ
942 2665 1086 2783 άδελφής
1114 2670 1174 2735 τοῦ

159 2777 283 2852 κυρίου,
308 2768 344 2848 ὃς
357 2766 455 2855 ίης’
435 2767 480 2836 (δν
497 2769 577 2836 ε’τῶν
593 2773 737 2857 τελευτᾷ,
761 2776 930 2886 παρθένος
945 2768 1097 2854 χεχονως
1121 2760 1172 2853 ἐφ’

128 2856 201 2934 ίου
224 2869 366 2984 κεφαλῆς
380 2869 521 2988 σίδηρος
544 2864 601 2985 οήκ
623 2863 822 2954 άνηλθεν,
807 2893 842 2946 ος
865 2891 922 2933 ουκ
944 2866 1091 2951 ἐκέχρητο
1113 2871 1173 2949 βα·

160 2967 254 3032 λανεί
255 2991 291 3050 ῳ,
316 2963 351 3043 ὃς
374 2965 521 3081 ἐμψύχου
545 2961 582 3032 οὐ
597 2973 766 3049 μετέσχεν·
794 2964 830 3043 ὃς
850 2963 1002 3047 χιτώνιον
1025 2959 1213 3044 δεύτερονοο

159 3057 221 3128 οὐκ
243 3062 474 3129 ἐνεδύσατο·
467 3063 503 3141 ὸς
525 3071 687 3150 τριβωνίιι
711 3064 859 3185 ἐκέχρητο
883 3063 962 3178 λινηῦ
983 3060 1173 3145 μονωτάτω,

159 3159 317 3278 καθάπερ
338 3160 371 3226 ἐν
386 3186 432 3246 τιν
417 3156 610 3279 εὐαχχελῖί
597 3187 622 3225 ω
647 3164 779 3246 (μησίνι
783 3161 909 3246 ἐφοχεν
926 3184 943 3223 ο
932 3155 1098 3234 νεανίας,
1120 3154 1177 3223 καὶ

159 3253 270 3344 ἆηνήκε
285 3258 342 3343 τήν
358 3223 533 3335 σινδόνα,υ
516 3286 554 3344 ην
571 3285 608 3344 ην
624 3259 928 3379 περιβεβλημένος3’
953 3251 1100 3340 ’ίωάννης
1113 3250 1175 3338 χὰρ

160 3381 219 3422 και
212 3351 381 3439 Ἰάκωβος
392 3381 444 3421 και
436 3298 656 3439 Ἰάκάιβάς,’
627 3380 656 3421 οι
669 3366 757 3440 τρεῖς
770 3345 861 3421 οὗτοι
876 3354 996 3437 ταύτην
1008 3351 1066 3439 τήν
1077 3351 1176 3419 πολι·

159 3460 256 3520 τείαν
272 3452 453 3538 ἐσχήκασιν,
474 3454 505 3518 οἱ
522 3454 580 3519 δύο
595 3456 654 3537 μὲν
670 3455 790 3531 παῖδες
801 3456 859 3518 τοῦ
875 3452 1064 3535 Ζεβεδαίου,
1087 3443 1174 3516 καίι
1158 3466 1215 3518 σεο

162 3561 249 3626 παῖς
269 3553 328 3616 τοῦ
347 3546 466 3638 Ἰωσήφ
484 3547 643 3635 Ἰάκωβος,
668 3545 813 3639 ἀδελφὸς
835 3550 870 3616 δὲ
892 3551 951 3614 τοῦ
973 3554 1094 3630 κυρίου,
1121 3545 1177 3615 διά

160 3647 204 3715 τὸ
228 3643 429 3730 ὁμοδίαιτον,
453 3648 509 3714 διὰ
530 3649 568 3714 τὸ
586 3648 779 3735 σύντροφον,
804 3646 912 3714 διὰτὸ
928 3646 961 3713 ἐν
976 3647 1066 3725 τάξει
1082 3641 1177 3712 ἀδελ-

127 3748 235 3834 0φοῦ
269 3740 368 3811 αὐτὸν
391 3745 558 3832 ἐσχηκέναι
586 3741 633 3812 δι’
662 3744 716 3863 ήν
725 3740 806 3827 εἶχεν
825 3739 944 3862 Ἰωσήφ
970 3745 1070 3827 μόνον
1094 3741 1179 3826 πρὸς

162 3843 225 3930 τήν
246 3849 385 3925 Μαρίαν
406 3844 618 3930 χνησιδτητα,
653 3838 722 3909 άπὸ
750 3847 808 3909 τοῦ
838 3838 1049 3927 δρμασθήναι
1078 3837 1177 3922 αὐτήν

160 3936 265 4026 αὐτῷ.
295 3940 396 4023 μόνον
418 3940 524 4028 τούτω
546 3945 592 4027 τῶ
612 3935 750 4025 Ἰακώβω
774 3940 847 4028 ἐξῆν
862 3936 953 4017 ἅπαξ
968 3938 1105 4005 είσιίναι
1119 3937 1218 4006 wiso

160 4041 261 4116 ἔτους
283 4038 330 4116 είς
350 4039 391 4105 τὰ
413 4035 490 4123 ἅχια
513 4043 578 4105 τῶν
601 4034 655 4124 άχί
658 4065 712 4117 ων,
737 4038 792 4104 διὰ
813 4062 852 4103 το
839 4036 1062 4117 Ναζωραῖον
1079 4026 1178 4100 αὐτὸν

158 4131 253 4206 είναι
273 4138 326 4202 καί
348 4142 511 4220 μεμίχθαι
532 4163 570 4224 τη
595 4135 762 4222 ίερωσδνη
811 4135 906 4201 ἐνθεν
935 4133 995 4218 χὰρ
1017 4126 1036 4215 ή
1058 4136 1179 4215 Μαρία

157 4234 250 4305 κατὰ
272 4233 330 4300 δύο
352 4233 498 4320 τρόπους
520 4234 672 4321 συχχενής
686 4233 837 4319 ἐτύγχανε
856 4234 914 4319 τῆς
926 4225 1100 4314 Ἔλισάβετ,
1123 4225 1179 4295 καί

217 4334 361 4388 Epiphanius.
381 4336 420 4379 ΙΙΙ,
995 4335 1027 4386 33
