2867 5084
269 953 332 1016 380
412 924 415 939 ’
489 960 697 1011 nummo?
711 960 808 1010 xm
826 961 1013 1010 Αιευτιεου
1029 963 1058 1012 υ.

265 1115 435 1200 τοκράτωρ
457 1115 610 1199 γεννητῆς
631 1109 763 1198 φύσεως
786 1107 843 1177 οὐκ
866 1105 953 1177 ολδεν
980 1110 1106 1190 ἑαυτὸν,
1132 1105 1204 1177 ὁδέ
1221 1110 1293 1190 υίὸς

265 1215 418 1298 γεννητῆς
434 1209 565 1296 φάσεως
581 1205 746 1291 ὑπάρχων,
769 1213 868 1274 τοῦτο
884 1209 1038 1293 γινώσκει
1053 1208 1180 1288 ἑαυτὸν,
1205 1205 1290 1294 ὅπερ

266 1311 347 1388 έστὶ,
382 1310 455 1386 πώς
484 1303 541 1372 οὐκ
570 1301 609 1373 ἀν
633 1307 682 1393 εἴη
706 1308 745 1372 τὸ
769 1302 946 1388 ὁμοοάσιον
972 1308 1109 1388 ψεῦδος,
1147 1309 1288 1390 τοῦμὲν

266 1407 484 1493 γινώσκοντος
506 1403 622 1472 ἑαυτὸν
646 1401 831 1489 ἀγέννητον,
855 1407 913 1469 τοῦ
937 1406 972 1470 δὲ
994 1403 1167 1490 γεννητόν,·

243 1520 260 1571 δ
354 1504 406 1570 ιδ’.
437 1504 479 1569 Et
500 1503 544 1589 μὴ
567 1502 605 1567 τὸ
629 1497 802 1587 ἀγέννητον
830 1501 889 1586 την
911 1497 1097 1568 ὑπόστασιν
1119 1504 1180 1568 τοῦ
1204 1505 1285 1568 θεοῦ

266 1610 476 1686 παρίστησιν,
501 1595 569 1668 ἀλλ’
595 1600 747 1677 ἐπινοίας
770 1599 858 1664 ἐστὶν
888 1594 1104 1685 ἀνθρωπίνης
1123 1600 1162 1664 τὸ
1186 1592 1309 1684 &uby-c

264 1724 376 1785 κριτον
400 1698 513 1781 ὄνομα,
536 1696 630 1780 χάριν
652 1708 724 1774 τοῖς
747 1696 946 1781 έπινοηοασι
966 1696 1119 1782 γινώσκει
1153 1693 1172 1762 ὃ
1196 1697 1283 1775 θεὸς,

266 1798 323 1864 διὰ
344 1798 402 1880 τὴν
425 1793 598 1881 ἀγέννητον
621 1796 783 1873 ε’πίνοιαν,
817 1794 875 1880 την
898 1790 1059 1880 ὑπεροχὴν
1082 1798 1141 1861 τοῦ
1166 1790 1285 1878 ὀνόμα-

267 1919 324 1973 τος
347 1890 384 1960 οὐ
408 1900 518 1980 φέρων
542 1893 575 1957 έν
598 1887 704 1979 οὐσίᾳ.

229 2008 258 2058 w
353 1991 401 2058 ιε’.
432 1991 473 2056 Εἰ
493 1990 617 2069 ἔξωθεν
641 1990 881 2072 ε’πιθεωρεῖται
896 1992 942 2074 τῷ
959 1993 1031 2074 θεῷ
1046 1990 1084 2054 τὸ
1101 1985 1282 2077 ἀγέννητον,

266 2090 299 2157 ολ
322 2087 611 2173 έπιθεωρήσαντες
633 2091 691 2152 τοῦ
714 2088 1007 2173 έπιθεωρηθέντος
1023 2087 1106 2153 εἰσὶν
1122 2082 1283 2170 ἀμείνους,

266 2198 414 2273 κρεῖττον
437 2186 542 2269 ὄνομα
564 2189 621 2272 τῆς
643 2185 775 2271 φύσεως
798 2181 886 2269 αὐτῷ
910 2184 1141 2269 πορισάμενοι.

353 2286 405 2365 ις’.
439 2286 479 2350 Εἰ
492 2284 536 2370 μη
558 2285 638 2350 εἴκει
659 2281 677 2367 ἡ
703 2279 875 2368 άγέννητος
898 2283 999 2369 φύσις
1016 2290 1150 2367 γενέσει,
1176 2289 1285 2350 τουτέ-

267 2406 339 2449 στιν
363 2380 546 2466 ὃλέγεται·
585 2383 613 2448 εί
642 2383 676 2447 δὲ
700 2382 780 2448 εἴκει
802 2387 941 2464 γενέσει,
974 2379 1017 2446 τὰ
1044 2384 1102 2466 της
1129 2388 1285 2466 γενέσεως

230 2481 364 2566 ιεπάθη
386 2483 444 2566 τῆς
467 2477 683 2557 ὑποστάσεως
705 2481 764 2543 τοῦ
788 2481 870 2573 θεοῦ
895 2479 944 2563 εἴη
969 2474 1113 2560 ἄμεινον.

351 2576 405 2658 ιζ’.
437 2578 478 2642 El
499 2576 538 2642 τὸ
560 2583 701 2661 γέννημα
730 2574 894 2658 ἀτρεπτον
923 2575 980 2661 την
1011 2576 1111 2661 φύσιν
1135 2575 1206 2642 ἐστὶ
1230 2576 1284 2642 διὰ

264 2675 321 2741 τὸν
343 2673 550 2759 γεννήσαντα,
575 2672 613 2738 τὸ
636 2670 809 2759 ἀγέννητον
829 2670 926 2739 οὐσία
942 2672 1030 2738 έοτὶν
1047 2672 1222 2757 άτρεπτος,
1246 2642 1319 2740 οὗο

265 2772 322 2838 διὰ
344 2771 482 2856 γνώμην,
507 2768 591 2835 ἀλλὰ
614 2771 669 2835 διὰ
692 2769 730 2834 τὸ
754 2770 787 2835 έν
811 2765 908 2856 οὐσίᾳ
932 2768 1070 2853 ἀξίωμα.

352 2866 403 2951 ιη’.
435 2868 476 2932 EI
498 2866 536 2931 τὸ
559 2863 732 2953 ἀγέννητον
756 2863 870 2946 ου’·σίας
893 2868 963 2934 ἐστὶ
987 2868 1177 2954 δηλωτικὸν,
1201 2867 1285 2936 εἰκό-

225 2984 329 3044 νοτως
352 2964 436 3048 πρὸς
458 2963 516 3050 την
538 2967 596 3029 τοῦ
619 2964 817 3053 γεννήματος
833 2960 948 3031 ου’·σίαν
965 2961 1283 3034 ἀντιδιαστέλλεται·

265 3063 294 3131 εί
316 3064 352 3130 δὲ
373 3064 474 3146 μηδὲν
489 3070 641 3148 σημαίνει
656 3061 694 3126 τὸ
711 3057 893 3149 ἀγέννητον,
918 3065 1033 3149 πολλῷ
1048 3066 1175 3146 μᾶλλον
1191 3061 1284 3132 οὐδὲν

264 3163 360 3248 δηλοῖ
381 3161 419 3225 τὸ
434 3167 585 3247 γέννημα,
608 3159 725 3247 μηδενὶ
742 3161 777 3226 δέ
791 3162 893 3246 μηδὲν
909 3164 982 3239 πώς
998 3156 1283 3247 ἀντιδιασταλείη,·

272 3315 275 3321 .
350 3258 409 3325 ιθ’.
441 3260 482 3324 Εἰ
505 3260 541 3324 δέ
563 3253 581 3342 ἡ
605 3253 779 3342 άγέννητος
802 3257 961 3344 προφορὰ
986 3257 1071 3341 πρὸς
1092 3258 1151 3344 την
1174 3284 1285 3345 γεννη-

262 3354 321 3442 την
345 3356 521 3440 προφορὰν
544 3351 856 3431 ἀντιδιαστέλλεται,
881 3359 1012 3442 σιωπῆς
1033 3355 1091 3442 την
1108 3355 1284 3444 προφορὰν

225 3454 503 3537 ποδιαδεχομένης,
527 3460 683 3536 γίνεσθαι
706 3457 956 3536 συμβαίνεικαὶ
979 3451 1207 3538 ἀπογίνεσθαι
1227 3454 1284 3540 τὴν

263 3554 329 3617 τῶν
351 3553 564 3631 Χριστιανῶν
587 3550 716 3628 έλπίὸα,
753 3550 787 3615 ἐν
817 3549 968 3636 διαφόρῳ
991 3553 1150 3637 προφορᾷ
1173 3551 1352 3637 κώμη-95

263 3673 335 3733 νην,
371 3642 439 3712 ἀλλ’
464 3644 522 3714 οὐκ
551 3647 584 3713 ἕν
614 3647 754 3732 φύσεσιν
784 3643 889 3725 οὕτως
918 3647 1069 3729 ἐχούσαις
1102 3644 1147 3726 ώς
1178 3644 1284 3734 ἡτών

264 3739 435 3827 ὀνομάτων
457 3745 613 3828 βούλεται
635 3751 761 3829 σημασί
785 3794 792 3809 .

347 3842 385 3908 κ’.
417 3843 459 3907 Εἰ
480 3842 581 3925 μηδὲν
604 3842 706 3906 πλέον
730 3847 821 3924 νέμει
844 3842 890 3921 είς
913 3837 1075 3928 ὑπεροχὴν
1106 3838 1225 3924 οὗσίας
1247 3843 1284 3910 τὸ

223 3933 436 4023 λῡάγέννητον
459 3937 544 4021 πρὸς
571 3937 609 4003 τὸ
632 3944 782 4024 γέννημα,
814 3945 972 4026 προφορᾷ
1000 3941 1101 4022 μόνον
1125 3937 1284 4025 ὑπερεχό-

262 4060 360 4118 μενος
383 4031 400 4100 ὁ
423 4035 494 4114 υίὸς
515 4037 665 4119 βελτίους
687 4036 805 4102 ἑαυτοῦ
828 4036 990 4120 γνώσεται
1015 4037 1093 4117 τοὺς
1115 4063 1287 4124 προσαγο-

262 4132 456 4217 ρεάσαντας,
487 4130 523 4199 οὐ
552 4134 610 4198 τὸν
638 4141 953 4218 προσαγορευθέντα
982 4134 1064 4203 θεὸν
1099 4126 1202 4203 αὐτοῦ
1232 4140 1287 4205 καί

262 4236 401 4314 πατέρα.
