2867 5084
582 978 703 1032 mm.
722 981 912 1033 ισοοιοιοι.
1195 971 1258 1034 383

229 1129 367 1219 αίτίαὴ
392 1126 564 1219 ἀγέννητος
592 1129 794 1212 ἀπόστασις,
829 1133 914 1200 κατά
941 1133 1054 1220 πάσης
1081 1133 1192 1214 αἰτίας
1217 1134 1258 1200 τὸ

231 1227 491 1313 ἀπαράλλακτον
514 1232 640 1312 ἔχουσα,
665 1228 847 1297 αὖτοονσία
870 1226 1175 1316 ἔστίνάσάγκριτος,
1200 1228 1259 1300 οὐκ

230 1331 361 1408 ἔξωθεν
390 1335 660 1415 σονεμφαίνουσα
688 1328 727 1393 τό
757 1324 950 1412 ἀπρόσιτον,
980 1324 1061 1393 αὐτὸ
1092 1330 1128 1395 δὲ
1150 1326 1259 1417 ὑπάρ-

227 1448 353 1509 χουσα,
388 1419 582 1510 ἀσύγκριτος
611 1425 667 1492 καὶ
695 1422 895 1511 ἀπρόσιτος,
935 1423 1050 1510 ἐπειδὴ
1081 1430 1134 1492 καὶ
1165 1423 1258 1514 ἀγέν-

230 1546 338 1610 νητος.
1266 1544 1282 1593 ε

202 1619 223 1668 Β
320 1618 380 1700 λζ’.
412 1620 453 1685 Εἰ
482 1616 641 1703 ὑπεράγει
669 1619 780 1705 πάσης
809 1618 941 1705 φάσεως
968 1615 986 1684 ό
1009 1620 1256 1706 παντοκράτωρ,

233 1717 351 1784 διὰτὸ
374 1711 548 1803 ἀγέννητον
571 1713 738 1801 ὑπεράγει,
764 1713 847 1800 ὅπερ
871 1717 960 1784 ἐστὶν
976 1717 1085 1783 α’ίτιον
1099 1729 1173 1796 τοῖς
1187 1744 1259 1804 γεν-

229 1826 345 1902 νητοῖς
367 1816 536 1900 διαμονῆς.
581 1815 610 1879 εἰ
632 1816 668 1879 δὲ
690 1813 733 1900 μὴ
759 1814 848 1879 ἔστιν
877 1811 993 1893 οόσίας
1017 1816 1196 1900 δηλωτικὸν
1218 1815 1257 1880 τό

230 1908 416 1997 ἀγέννητον,
452 1912 562 1978 πόθεν
592 1907 631 1977 ἀν
656 1909 679 1998 ’ἡ
709 1916 775 1978 τῶν
803 1916 964 1998 γεννητῶν
998 1911 1099 1998 φάσις
1125 1914 1191 1992 ἕξει
1219 1913 1257 1978 τὸ

229 2010 479 2089 διασώζεσθαι,
733 2064 755 2102 ‚q
1268 2030 1297 2079 10

319 2107 378 2192 λη’.
409 2107 451 2172 Εἰ
474 2101 569 2172 οὐδὲν
592 2110 658 2171 τῶν
682 2101 833 2189 ἀοράτων
860 2102 940 2172 αὐτὸ
964 2107 1082 2172 ἑαυτοῦ
1106 2131 1257 2192 σπερμα-

227 2207 331 2283 τικῶς
354 2205 572 2289 προόπάργει,
605 2205 753 2287 διαμένει
781 2205 818 2269 δὲ
846 2204 879 2270 ἐν
903 2205 1003 2290 φύσει
1024 2199 1257 2289 ἀποκεκληρω-

228 2309 329 2389 μένῃ,
371 2305 446 2379 πιῦς
479 2297 496 2365 ό
531 2295 705 2388 ἀγέννητος
736 2300 818 2378 θεὸς
852 2301 1028 2384 ἐλεύθερος
1061 2297 1257 2388 ἀποκληρώ-

231 2423 317 2477 σεως
339 2395 495 2482 όπάρχων
518 2402 574 2464 νῦν
597 2401 656 2481 μὲν
679 2398 738 2484 τὴν
761 2399 877 2464 ἑαυτοῦ
906 2394 1022 2464 οόσίαν
1047 2400 1199 2484 δευτέραν
1223 2399 1257 2466 ίν

201 2496 409 2584 (ἱγεννήματι
432 2492 502 2583 δρᾷ,
528 2499 584 2560 νόν
608 2498 643 2562 δὲ
666 2503 831 2581 προτέραν
855 2497 888 2562 έν
915 2491 1079 2584 ἀγεννήτῳ
1101 2498 1184 2564 κατὰ
1198 2496 1257 2584 τὴν
1268 2518 1295 2569 15

228 2598 290 2662 τοῦ
313 2593 449 2677 πρώτου
471 2597 524 2660 καὶ
550 2595 704 2678 δευτέραν
726 2593 841 2676 τάξιν;

317 2691 385 2757 W.
416 2693 457 2758 Εἰ
480 2695 629 2775 διαμένει
652 2692 685 2758 ἐν
708 2693 809 2779 φύσει
831 2688 994 2779 ἀγεννητῳ
1012 2687 1030 2756 ό
1045 2693 1137 2771 θεὸς,
1161 2691 1199 2758 τὸ
1223 2692 1257 2759 ἐν

226 2796 356 2877 γενέσει
378 2794 432 2855 καί
456 2785 631 2876 ἀγεννησίᾳ
654 2787 772 2856 ἑαυτὸν
799 2790 920 2855 εἰδέναι
944 2784 1144 2876 ἀφῃρήσθω.
1180 2813 1258 2875 σογ-

225 2894 441 2972 χωρουμένον
476 2891 511 2953 δὲ
541 2889 574 2953 έν
598 2883 762 2974 ἀγεννήτφ
798 2891 851 2953 καὶ
881 2890 1023 2973 γεννητῷ
1050 2886 1108 2974 τὴν
1137 2888 1257 2954 ἑαυτοῦ

227 2980 349 3052 οὖσίαν
378 2993 605 3069 παρατείνειν,
644 2980 745 3063 αὐτὸς
773 2986 890 3051 ἑαυτοῦ
920 2981 1033 3069 ἀγνοεῖ
1059 2983 1117 3070 τὴν
1140 2980 1296 3051 οόσίανῖθ

226 3080 475 3166 περιαγόμενος
497 3078 564 3148 ὑπὸ
586 3089 743 3167 γενέσεως
765 3086 819 3148 καί
844 3077 1046 3168 ἀγεννησίας.

316 3179 361 3264 μ’.
403 3182 445 3246 Εἰ
474 3182 509 3246 δὲ
537 3183 590 3245 καί
620 3179 659 3244 τὸ
689 3180 841 3264 γεννητὸν
874 3180 1052 3263 μετείληφε
1079 3184 1258 3259 μετουσίας

228 3273 420 3362 ἀγεννήτοο,
456 3278 489 3342 ἒν
520 3279 555 3342 δὲ
584 3281 738 3362 γεννητοῦ
762 3276 862 3362 φάσει
891 3273 1113 3358 ἀτελευτήτως
1142 3274 1258 3355 διαμέ-

181 3372 297 3455 ΙῙνει,
330 3375 364 3441 ἓν
386 3376 445 3458 μὲν
467 3377 506 3461 τῇ
531 3371 641 3440 ἀτελεῖ
671 3374 771 3461 φάσει
798 3373 950 3457 γινώσκει
979 3365 1095 3450 αὐτὸν,
1129 3365 1257 3456 ἀγνοῶν

227 3470 387 3555 δηλονότι
418 3471 477 3558 τὴν
511 3466 686 3556 ἀγέννητον
718 3478 906 3553 μετουσίαν.
963 3463 1001 3533 οὐ
1030 3465 1192 3553 γάροίόν
1221 3481 1296 3536 τελσ

222 3565 331 3638 αὐτὸν
354 3566 433 3652 περὶ
456 3569 574 3635 ἑαυτοῦ
597 3572 651 3635 καὶ
676 3565 850 3654 άγεννητου
884 3562 1000 3646 οὐσίας
1026 3570 1148 3651 γνῶσιν
1173 3569 1256 3650 ἔχειν

221 3666 286 3735 καὶ
307 3668 471 3752 γεννητῆς.

314 3762 384 3848 μα’.
414 3764 457 3829 Et
480 3765 516 3829 δὲ
539 3759 825 3849 εόκαταφρόνητόν
848 3763 919 3829 έστι
940 3761 979 3827 τὸ
1003 3756 1177 3849 ἀγέννητοι·
1201 3760 1257 3826 διά

220 3862 417 3948 μεταβολῆς
439 3860 702 3947 ἐπιτηδειότητα,
727 3855 858 3943 ἀξίωμα
880 3859 1012 3948 φύσεώς
1035 3860 1134 3938 ἔστιν,
1159 3854 1257 3923 οὐσία

219 3957 468 4046 ἀμετάβλητος,
492 3961 551 4043 τῆς
573 3952 747 4045 ἀγεννήτοο
770 3953 886 4036 οὐσίας
900 3957 1011 4043 πάσης
1027 3958 1137 4034 αἰτίας
1151 3963 1295 4039 κρείτ-30

217 4082 327 4136 τονος
350 4051 610 4142 ὡμολογημένης.
1235 4110 1239 4118 .

315 4152 383 4239 μβ.
413 4154 456 4221 El
477 4152 517 4219 τὸ
540 4146 714 4241 ἀγέννητον
742 4152 853 4238 πάσης
876 4150 985 4229 αἰτίας
1007 4148 1168 4238 ἐξῄρηται,
1205 4149 1238 4215 εί

181 4254 267 4321 Ι)δὲ
288 4250 402 4320 πολλὰ
424 4246 598 4337 ἀγέννητα,
638 4248 893 4336 ἀπαράλλακτον
922 4250 1033 4329 ἕξουσι
1061 4247 1120 4314 τόν
1142 4248 1254 4336 φύσιν.
