2867 5084
454 1015 545 1067 Lm.
564 1018 835 1068 Λυσισιικυιτιι.
1094 1008 1155 1072 235

130 1192 190 1235 σεν
216 1163 234 1231 ὁ
257 1166 339 1245 θεὸς
361 1165 418 1233 τὸν
441 1163 579 1251 οδρανὸυ
603 1169 655 1233 καί
679 1167 737 1253 την
754 1171 822 1254 γῆν.
853 1163 922 1234 άλλ’
940 1165 1008 1252 ἅμα
1026 1170 1059 1237 ἕν
1075 1164 1156 1260 άρχῇ

131 1266 168 1332 ἐν
197 1268 237 1350 τῇ
266 1271 471 1351 κοσμοποιίᾳ
499 1263 621 1351 φάσκει
644 1265 856 1351 ’ποιήσωμεν
880 1264 1065 1352 ἄνθρωπον
1086 1261 1153 1335 κατ’

133 1361 247 1429 είκόνα
274 1356 433 1448 ἡμετέραν
462 1364 516 1428 καὶ
549 1356 624 1427 καθ’
656 1358 854 1445 όμσίιυσιν,”
890 1367 943 1430 καί
979 1359 1037 1431 οόκ
1070 1359 1154 1445 εἶπε,

132 1462 234 1543 δεῦρο
257 1458 406 1542 ποιήσω,
436 1461 489 1524 καὶ
518 1454 684 1538 ὑποδείξω
707 1464 782 1538 πῶς
804 1459 933 1547 ἔργάση.
980 1463 1096 1528 ἔπειτα
1120 1463 1156 1529 δὲ

133 1562 212 1623 *καί
242 1557 398 1643 ἐποίησεν
428 1552 446 1620 δ
474 1556 556 1634 θεὸς
578 1556 635 1621 τὸν
659 1555 872 1641 άνθρσιπσν,”
896 1561 947 1622 καὶ
973 1553 1029 1623 οάκ
1053 1553 1180 1638 είπεν,5

133 1654 275 1740 ἐποίησε
297 1659 351 1720 καί
373 1654 476 1733 ἔδειξε
497 1657 544 1739 τῷ
567 1655 628 1740 υἱῷ
651 1658 724 1733 πῶς
748 1656 799 1721 δεῖ
820 1666 932 1721 ποιεῖν
948 1654 1005 1721 τὸν
1021 1653 1155 1740 άνθρω-

132 1775 210 1817 πον.
253 1746 329 1818 οὐδὲ
351 1750 412 1835 γὰρ
436 1751 469 1817 ἓν
492 1745 607 1838 άγνοίηι
631 1741 668 1837 ἦν
692 1748 709 1817 ό
733 1751 819 1830 υίὸς,
849 1753 904 1817 ἵνα
925 1752 1010 1836 μετά
1031 1753 1069 1818 τὸ
1090 1780 1156 1838 μα-

85 1855 214 1915 mciv
245 1855 357 1932 τέχνην
379 1849 455 1916 τότε
477 1848 518 1915 τὰ
541 1849 576 1928 ἐξ
597 1843 697 1935 αὐτῆς
720 1848 905 1936 ἐργάσηται.
943 1845 1012 1915 ἀλλ’
1038 1848 1154 1939 ἐπειδὴ

131 1946 238 2012 πάλιν
267 1945 377 2013 ε’λθιὺν
406 1943 556 2030 όκόριος
579 1941 670 2032 ἡμῶν
693 1947 751 2032 την
774 1947 879 2031 σάρκα
902 1947 1077 2015 ἐνεδύσατο
1099 1950 1153 2014 καὶ

131 2041 320 2127 ἅνθρωπος
341 2042 481 2128 ἐγένετο,
506 2047 557 2110 καί
583 2044 615 2109 ἐν
638 2041 715 2129 ἡμῖν
740 2045 1005 2132 συνανεστράιρη,
1030 2040 1095 2127 εἶχε
1118 2047 1153 2112 δὲ
1165 2060 1193 2110 10

131 2141 220 2225 πρὸς
241 2140 317 2218 τοὺς
337 2137 512 2219 Ἰουδαίους
534 2143 591 2206 τὸν
615 2142 721 2228 λόγου,
746 2143 866 2219 οἵτινες
888 2143 1038 2224 ἐνόμιζον
1054 2139 1153 2209 αι’·τὸυ

131 2238 175 2304 τὰ
196 2242 255 2303 τοῦ
279 2238 406 2322 πατρὸς
427 2238 609 2317 καταλύειν,
632 2240 834 2323 βουλόμενος
857 2234 1030 2323 ἀναγαγεῖν
1046 2235 1153 2305 αὐτῶν

132 2335 193 2422 τὴν
210 2335 370 2416 διάνοιαν,
393 2339 452 2401 τοῦ
474 2336 518 2423 μὴ
535 2342 709 2420 προσέχειν
726 2340 764 2423 τῇ
781 2333 882 2401 αὐτοῦ
899 2334 1154 2422 ε’νανθριυπήσει

130 2433 246 2516 μόνον,
270 2433 376 2518 ἔλεγεν
399 2428 515 2500 ὀὐδὲν
538 2444 632 2500 ποιεῖ
655 2429 672 2497 ὁ
695 2432 775 2510 υίὸς,
801 2433 856 2499 ίίιν
878 2431 921 2517 μη
943 2433 996 2517 ἴδη
1013 2430 1070 2496 τόν
1086 2460 1154 2498 πα-

130 2537 211 2615 τέρα
235 2534 424 2611 πσιοόντα”,
449 2533 503 2598 ἵνα
527 2533 614 2618 δείξῃ
638 2529 676 2596 τὸ
700 2531 874 2614 ἔργοντοῦ
898 2530 969 2594 υἱοῦ
993 2524 1077 2595 εἶναι
1100 2530 1153 2614 ἕρ·
1164 2545 1191 2597 15

128 2651 189 2713 γον
217 2631 277 2693 τοῦ
306 2629 448 2711 πατρὸς,
478 2637 531 2694 καί
560 2631 618 2694 τὸν
647 2634 776 2711 πατέρα
804 2623 1000 2694 εόδοκοῑντα
1030 2626 1085 2693 ε’πλ
1113 2631 1152 2715 τῇ

130 2720 235 2791 αἰτοῦ
262 2729 320 2812 τῆς
348 2726 458 2811 πάσης
481 2726 634 2811 ἐργασίας
656 2727 838 2811 οἰκονομίᾳ.
884 2721 970 2790 οὕτω
994 2728 1046 2790 καί
1070 2724 1153 2792 κατὰ

108 2817 337 2891 Βάκολουθίαν
366 2827 420 2890 καί
451 2822 510 2900 τάς
538 2821 640 2901 άλλας
667 2825 770 2902 λέξεις
792 2820 1075 2906 προσκόπτοντες,
1108 2818 1153 2901 τάς

130 2923 251 3004 θῆρες,
281 2924 333 2988 καί
363 2921 569 3007 ἐλεγχόμενοι
591 2916 661 2986 άπὸ
684 2922 870 3004 προσώπου
893 2923 951 3004 τῆς
972 2923 1030 2984 τοῦ
1054 2918 1151 3005 λόγου

131 3011 323 3104 ἀστραπῆς,
353 3022 412 3106 τῆς
441 3015 611 3105 άληθείας,
643 3018 898 3103 διωχθήσονται.
946 3015 1192 3102 “ά’σιραψον20

132 3109 316 3202 ἀστραπὴν,
339 3119 392 3183 καί
418 3127 589 3199 σκορπιεῖς
612 3111 740 3193 αὐτοὺς,
765 3115 1001 3195 ίξαπόστειλον
1016 3117 1057 3179 τά
1073 3117 1150 3201 βέλη

132 3234 206 3289 σου,
229 3216 280 3280 καί
303 3215 515 3298 συνταράξεις
538 3210 681 3290 αὐτούς’.

221 3315 268 3378 79.
301 3310 504 3396 Πρόσκειται
526 3314 587 3395 γάρ
609 3309 709 3395 ταύτῃ
727 3312 765 3395 τῇ
783 3310 877 3386 λέξει,
901 3306 939 3393 ἢν
956 3303 1152 3390 άναλέγουσι

131 3402 208 3473 καθ’
235 3407 347 3493 είρμὸν
369 3408 424 3474 καὶ
446 3410 596 3493 λέγουσιν
623 3403 692 3475 άπὸ
720 3410 777 3472 τοῦ
813 3400 998 3490 εὐαγγελίου
1029 3400 1067 3469 “ό
1089 3404 1151 3491 γάρ

131 3504 243 3590 πατὴρ
272 3507 364 3591 φιλεῖ
391 3505 448 3570 τὸν
481 3506 566 3584 υἱόν,
596 3509 649 3572 καί
679 3504 790 3570 πάντα
819 3505 980 3569 δείκνυσιν
1010 3496 1098 3588 αὐτῷ
1130 3500 1190 3574 325

130 3595 235 3680 αὐτὸς
257 3611 359 3680 ποιεῖ,
383 3602 437 3668 καὶ
458 3604 593 3688 μείζονα
615 3602 740 3669 τούτων
764 3602 863 3680 δείξει
880 3595 968 3685 αὐτῷ
986 3601 1072 3686 ἔργα,
1095 3601 1152 3667 ἵνα

131 3693 226 3782 ὑμεῖς
248 3699 448 3787 θαυμάζητε.
479 3704 531 3768 καί
555 3700 658 3767 πάλιν
682 3696 721 3766 “ό
744 3699 853 3784 πατὴρ
877 3698 993 3784 ἐγείρει
1008 3697 1085 3776 τοὺς
1101 3724 1152 3765 νε·

95 3795 230 3880 ςκροός
251 3794 307 3863 καὶ
328 3797 496 3878 ζωοποιεῖ.
528 3794 652 3881 ὁμοίως
675 3801 728 3864 καί
753 3794 771 3862 ό
795 3796 864 3873 υίὸς
886 3794 943 3874 υἳς
960 3797 1055 3862 θέλει
1070 3796 1152 3874 ζωο-

123 3897 251 3961 πστεΐ.
295 3897 351 3961 καλ
377 3893 480 3962 πάλιν
505 3890 642 3961 “οιίδίνα
664 3896 726 3980 γάρ
749 3891 767 3959 δ
790 3892 900 3980 πατηρ
923 3903 1043 3976 κρινεῖ,
1068 3885 1152 3957 άλλὰ

120 3990 189 4080 τὴν
218 3997 326 4074 κρίσιν
346 3996 459 4059 πᾶσαν
482 3994 603 4060 δέδωκε
625 3996 671 4078 τῷ
694 3994 773 4079 υἱῷ,
806 3993 862 4058 ίνα
885 3991 1007 4068 πάντες
1028 3991 1191 4072 τιμῶσιθθ

120 4087 188 4157 τὸν
212 4086 295 4168 αίόν,
317 4089 433 4169 καθδις
453 4093 578 4175 τιμῶσι
598 4088 655 4155 τὸν
678 4092 833 4171 πατέρα’.
864 4083 926 4169 ὅρα
950 4088 985 4152 δέ
1006 4110 1066 4170 μοι
1081 4086 1152 4151 λοι-

115 4186 208 4267 πὸν,
222 4182 347 4271 Ἄρειε,
369 4186 408 4254 τὸ
429 4193 535 4273 πέρας
556 4191 614 4274 τῆς
636 4185 722 4271 πρὸς
744 4189 781 4252 σὲ
798 4186 961 4271 διαλογῆς,
984 4186 1052 4249 ποῦ
1068 4180 1153 4250 άπε-

115 4287 262 4355 τέλεσεν
284 4280 303 4351 ὁ
325 4283 432 4372 λόγος.
461 4280 520 4352 οὐκ
541 4278 617 4353 είπε
638 4283 731 4363 τινὰς
753 4284 806 4350 ναὶ
829 4283 883 4349 καὶ
898 4280 991 4360 τινὰς
1006 4275 1055 4363 οδ,
1079 4276 1148 4350 ἀλλ’
