2867 5084
85 199 520 463 -ΙΙ
629 306 639 318 n

525 474 532 481 .

485 939 606 993 ιιιινι.
624 943 819 994 Αωοιιοιοι.
1107 936 1171 998 413

140 1095 197 1161 καὶ
222 1090 364 1180 φυσικὸν
387 1086 473 1159 εἶναι
495 1090 567 1158 υἱὸν
589 1091 644 1158 καὶ
660 1092 801 1178 φυσικὸν
817 1088 903 1160 εἶναι
918 1091 1012 1180 ἀγιον
1028 1101 1171 1182 πνεῦμα.

141 1195 184 1278 τῇ
218 1188 280 1276 γάρ
311 1189 423 1274 τριάδι
457 1184 552 1256 οὐδὲν
587 1187 668 1256 ἀλλο
704 1191 972 1278 συγκριθήσεται.
1025 1197 1079 1261 καί
1114 1195 1172 1264 διὰ

141 1291 244 1357 τοῦτο
268 1284 439 1373 ἀληθινῶς
462 1282 640 1370 όμοοόσιόν
664 1286 736 1354 ἐστι
757 1287 796 1353 τὸ
811 1291 869 1375 τῆς
885 1287 1062 1375 ὁμολογίας
1076 1289 1170 1378 ἡμῶν

143 1388 293 1471 ἔρεισμα,
328 1388 380 1451 καί
411 1379 448 1449 οδ
479 1385 536 1451 διὰ
564 1388 742 1471 προφορᾶς
759 1368 830 1471 ’τῆς
853 1384 909 1450 διὰ
931 1391 990 1451 τοῦ
1012 1396 1169 1470 γίνεσθαι

142 1482 265 1571 καὶμὴ
288 1489 444 1568 γίνεσθαι
467 1476 713 1565 ἀναιρουμένης,
743 1478 829 1568 ιόςὴ
858 1486 916 1548 τοῦ
936 1479 1067 1551 Ἀετίου
1090 1485 1195 1571 περλι

141 1580 273 1664 πατρὸς
296 1579 376 1658 δόξα
398 1583 450 1645 καί
477 1579 548 1644 υἱοῦ
576 1584 628 1644 καὶ
659 1575 754 1664 ἁγίου
777 1580 975 1662 πνεύματος.
1014 1582 1086 1648 ἔστι
1107 1582 1168 1667 γάρ

143 1677 251 1756 ὄντως
278 1676 387 1764 πατὴρ
418 1672 581 1760 ἀληθινὸς
609 1678 662 1742 καὶ
691 1675 763 1755 υἱὸς
792 1675 896 1756 ὄντως
924 1672 1085 1765 ἀληθινὸς
1114 1683 1169 1748 καὶ

112 1779 276 1858 ιιπνεῦμα
299 1772 392 1860 ἅγιον
416 1769 587 1861 ἀληθινὸν,
617 1772 676 1839 κάν
705 1800 742 1840 τε
768 1782 906 1859 μυρίους
929 1777 1170 1862 συλλογισμοὺς

140 1881 306 1958 ματαίους
328 1868 528 1959 ὑποσπείρῃ,
554 1868 600 1950 ιός
616 1896 719 1957 φησιν
735 1868 752 1936 δ
768 1881 866 1950 θεῖος
883 1874 980 1958 λόγος
1001 1879 1078 1960 περὶ
1101 1880 1169 1942 τῶν

140 1969 304 2037 τοιούτων
318 1971 419 2054 λέγων
436 1966 489 2035 ότι
510 1969 587 2055 *τὴν
600 1970 731 2035 σύνεσιν
744 1974 810 2036 τῶν
824 1975 968 2038 συνετῶν
982 1967 1169 2057 ἀθετήσω,”
1180 1989 1208 2041 w

140 2066 200 2136 καὶ
228 2064 280 2134 ὅτι
313 2063 404 2134 “ολδε
426 2067 537 2152 κύριος
564 2067 641 2144 τοὺς
665 2068 844 2152 λογισμοὺς
870 2071 936 2134 τῶν
964 2064 1166 2155 ἀνθρώπων,

142 2162 199 2232 ότι
221 2165 286 2233 εἰσί
308 2165 476 2250 μάταιοι”,
500 2168 552 2230 καί
575 2164 617 2231 τὰ
640 2165 722 2250 ἑξῆς.

232 2262 287 2344 ιζ’.
335 2263 376 2329 Εἰ
403 2265 505 2348 μηδὲν
532 2263 635 2327 πλέον
666 2268 756 2345 νέμει
785 2262 832 2341 είς
860 2258 1023 2349 ὑπεροχὴν
1052 2259 1169 2344 οὐσίας

140 2361 181 2427 τὸ
204 2355 379 2448 ἀγέννητον
401 2360 487 2444 πρὸς
509 2358 547 2424 τὸ
568 2359 731 2446 γεννητὸν,
761 2364 920 2447 προφορᾷ
942 2361 1044 2444 μόνον
1067 2358 1169 2447 ἀπερ-

142 2459 299 2543 εχόμενος
322 2454 340 2523 ὁ
362 2458 433 2536 υἱός
454 2461 605 2543 βελτίους
627 2458 745 2523 ἑαυτοῦ
768 2457 931 2542 γνώσεται
961 2458 1039 2538 τοὺς
1061 2483 1169 2541 προσ·
1179 2478 1208 2529 1⁵

141 2556 402 2644 αγορεόσαντας,
445 2551 483 2621 οὐ
516 2555 573 2620 τὸν
601 2561 917 2640 προσαγορευθέντα
950 2555 1034 2623 θεὸν
1066 2553 1168 2623 αὐτοῦ

141 2658 198 2722 καὶ
220 2661 360 2738 πατέρα.

99 2767 137 2820 τι
226 2747 427 2836 Ἀνατροπη
464 2746 581 2828 Οὐδεὶς
597 2745 732 2837 εόσεβης
747 2751 844 2837 λόγος
859 2751 1086 2837 συγχωρήσειε,
1109 2750 1169 2818 κάν

140 2877 177 2919 τε
207 2856 311 2934 μυρία
338 2848 611 2936 δραματουργήσῃ
640 2845 719 2935 ἡμῖν
739 2844 876 2930 Ἀέτιος,
907 2847 1061 2932 ἀμείνους
1084 2844 1171 2916 εἶναι

139 2948 222 3026 τοὺς
243 2945 283 3013 τὸ
307 2941 391 3013 ελναι
419 2946 512 3029 νεαρὰ
540 2951 598 3012 τοῦ
629 2945 724 3025 ὄντος
753 2947 939 3035 εἰληφότας.
990 2943 1036 3015 δι’
1068 2942 1210 3018 αότοῦιο

135 3045 204 3131 yde
228 3047 282 3125 καὶ
306 3039 407 3122 αὐτὸς
429 3039 584 3128 ὁμολογεῖ
606 3044 683 3123 τούς
706 3041 825 3123 αὐτοὺς
846 3049 1055 3129 γεγενῆσθαι.
1094 3042 1171 3111 οότε

131 3146 205 3229 γὰρ
234 3139 319 3208 κατὰ
346 3141 524 3229 προφορὰν
559 3144 656 3228 λόγον
689 3145 783 3208 ἰ’σασι
810 3142 849 3206 τὸ
878 3149 1020 3227 γέννημα
1048 3143 1169 3219 καλεῖν,

130 3239 231 3310 ἀλλὰ
254 3235 417 3327 ἀληθινὸν
441 3240 476 3319 ἐξ
497 3234 660 3326 ἀληθινοῦ
689 3246 928 3325 γεγεννημένον,
958 3240 991 3304 ολ
1013 3238 1048 3317 ἐξ
1069 3231 1171 3304 αὐτοῦ

129 3336 415 3425 εάεργετηθέντες
443 3338 692 3422 καταξιωθῆναι
720 3336 937 3419 Χριστιανοὶ,
971 3339 1018 3421 τῷ
1048 3334 1171 3402 εἰδέναι

104 3433 246 3506 -αάτὸν
272 3435 305 3501 έν
334 3430 494 3522 ἀληθείᾳ,
527 3439 581 3501 καὶ
612 3437 826 3516 διδαχθέντες
855 3432 910 3500 διὰ
937 3432 1082 3517 πατρὸς,
1116 3437 1209 3503 καίιι

124 3532 202 3602 οὖν
226 3528 299 3600 ἀπὸ
322 3533 442 3618 σαρκὸς
470 3535 523 3599 καὶ
548 3533 703 3615 αἵματος,
742 3535 795 3598 καὶ
824 3530 881 3597 διὰ
908 3534 1007 3597 τοῦτο
1037 3530 1171 3610 εἰκότως

85 3630 413 3716 Βμακαριζόμενοι,
438 3626 483 3708 ὠς
505 3626 523 3696 ὁ
544 3629 628 3713 μετά
651 3629 847 3717 προσθήκης
874 3633 933 3695 τοῦ
957 3630 1077 3709 ζῶντος
1099 3629 1172 3696 υἱὸν

123 3732 231 3800 θεοῦ
254 3722 355 3794 αὐτὸν
383 3727 553 3813 ἐπιγνοὺς,
587 3725 647 3794 κάν
677 3753 712 3794 τε
742 3731 971 3811 πνευματικῶς
1000 3722 1173 3811 ἀνακρινό-

129 3851 242 3907 μενοι
270 3826 330 3892 τὸν
359 3826 498 3911 ψυχικὸν
517 3821 647 3892 Ἀέτιον
674 3824 718 3912 μὴ
749 3825 1017 3910 παραδεχόμενον
1046 3824 1088 3889 τά
1113 3825 1171 3888 τοῦ

130 3924 347 4009 πνεύματος,
382 3921 441 3990 κάν
470 3949 506 3989 τε
536 3925 629 3990 ε’ίποι
660 3919 831 4006 δπνεῦμα
854 3918 899 3989 ὢν
921 3922 976 3988 καὶ
997 3920 1213 4005 μονογενηςθ)

138 4018 360 4106 ’ἀπέρχομαι
389 4019 475 4105 πρὸς
497 4021 554 4088 τὸν
577 4028 706 4104 πατέρα
734 4046 798 4103 μου
827 4019 883 4086 καὶ
911 4026 1040 4103 πατέρα
1069 4013 1170 4101 ὑμῶν,

142 4122 196 4189 καὶ
221 4116 309 4187 θεόν
330 4142 396 4201 μον
418 4122 472 4185 καί
495 4118 577 4187 θεὸν
599 4115 725 4202 όμῶν·”
749 4121 815 4184 τῶν
833 4112 1030 4203 ἀμφοτέρων
1045 4115 1172 4182 τούτων

148 4209 341 4304 ὄνομασιιῖιν
368 4213 455 4301 πρὸς
480 4216 523 4283 τὰ
552 4211 708 4303 ἀλλογενη
733 4210 880 4300 ὀνόματα
911 4214 956 4300 μὴ
985 4216 1173 4298 δυναμένων

1275 1478 1284 1503 Χ
