2867 5084
574 1023 696 1075 Lxxm.
715 1028 917 1075 πυτιυυιυι.
1200 1015 1264 1077 305

237 1167 350 1258 άρχην,
381 1168 471 1254 ὅμως
492 1174 534 1240 τά
557 1175 726 1260 πρδσιοττα
755 1175 788 1241 έν
817 1187 891 1254 ταῖς
920 1176 1064 1263 ἰδιότησι
1086 1181 1152 1244 τῶν
1176 1176 1263 1243 ῦπο·

238 1271 389 1337 στάσεων
414 1264 555 1354 εὖσεβιῦς
577 1274 789 1357 γνωρίζουσι,
824 1271 880 1338 τὸν
909 1280 1038 1357 πατέρα
1068 1273 1101 1340 έν
1130 1278 1169 1361 τῇ
1193 1300 1260 1339 πα·

201 1370 329 1452 στρικῇ
360 1361 520 1484 αῦθεντίη
549 1365 726 1454 ῦιρεστιῖτα
754 1373 914 1448 νοοῦντες,
947 1369 1081 1436 καὶτὸν
1104 1371 1184 1448 υίὸν,
1221 1366 1259 1437 οῦ

233 1471 337 1548 μέρος
360 1461 439 1529 ι’ίντα
460 1470 518 1530 τοῦ
543 1467 679 1552 πατρὸς,
716 1462 800 1533 ἀλλὰ
822 1467 1015 1551 καθαριῦς’
1002 1493 1035 1532 εκ
1057 1468 1185 1550 πατρὸς
1206 1474 1260 1533 τέ·

235 1561 377 1629 λειον’
363 1587 397 1627 εκ
425 1562 550 1629 τελείου
583 1570 812 1647 γεγεννημένον
845 1591 897 1629 και
934 1560 1109 1649 νιγεστῶτα
1139 1561 1259 1648 ὁμολο-
1269 1578 1285 1626 5

234 1662 379 1743 γοῦντες,
418 1663 470 1724 καί
501 1660 577 1725 τί)
568 1665 698 1744 πνεῦμα
726 1661 764 1726 τὸ
796 1658 898 1744 ἅγιον,
937 1659 955 1724 ὃ
984 1657 1001 1747 η
1040 1669 1119 1729 θεία
1148 1661 1310 1751 γραφὴ

237 1752 498 1842 παράκλητον’
484 1757 605 1839 οισμάζ
608 1784 652 1836 ει,
688 1759 722 1823 ἐκ
750 1757 876 1840 πατρὸς
905 1752 950 1823 δι’
982 1759 1053 1823 υἱοῦ
1084 1755 1260 1845 ῦιρεστιῦτα

234 1854 459 1938 γνωρίζοντες,
484 1849 528 1932 ιῦς
546 1851 562 1919 ῦ
579 1855 789 1941 παράκλητος
810 1854 849 1919 τὸ
866 1860 995 1938 πνεῦμα
1017 1860 1074 1942 τῆς
1097 1851 1260 1942 ἀληθείας

236 1949 387 2016 διδάσκει
410 1947 495 2037 ἡμᾶς
517 1951 575 2036 τὴν
591 1947 764 2037 ἀληθειαν,
790 1949 860 2037 ἣτις
879 1952 966 2018 ε’στίν
984 1948 1001 2016 ὁ
1019 1952 1097 2033 υἱός.
1129 1951 1259 2031 “σῦδείς

233 2047 299 2133 γὰρ
329 2049 413 2131 λέγει
444 2049 554 2131 κύριος
581 2044 717 2134 Ἰησοῦς,
753 2051 781 2114 εί
808 2049 852 2137 μη
888 2050 920 2116 ἐν
956 2051 1119 2133 πνεύματι
1147 2047 1259 2135 άγίιμ.”
1272 2063 1299 2113 1⁰

235 2142 327 2210 οῦτισ
349 2148 402 2210 καί
427 2141 444 2209 ῦ
467 2143 546 2223 υίὸς,
572 2143 608 2223 ῦς
631 2147 720 2211 ἐστιν
737 2142 889 2234 άληθεια,
913 2146 970 2212 τὸν
987 2142 1149 2232 άληθινὸν
1165 2146 1257 2225 θεὸν,

235 2244 295 2309 τὸν
313 2242 429 2308 ἑαυτοῦ
450 2250 583 2326 πατέρα,
598 2239 681 2327 ἡμᾶς
698 2238 840 2327 εῦσεβιῦς
856 2245 979 2310 εἰδέναι
995 2243 1130 2321 διδάξει,
1145 2240 1260 2321 καθιείς

206 2366 224 2415 n
237 2343 325 2422 λέγει
335 2336 373 2404 “ὁ
387 2339 537 2423 ἑωρακώς
547 2341 600 2423 ε’μὲ
615 2340 737 2424 ἑώρακε
749 2341 805 2405 τὸν
817 2344 973 2423 πατέρα.”
986 2336 1102 2406 σῦκοῦν
1116 2340 1148 2405 ἕν
1157 2339 1258 2405 πνεύ·

233 2464 317 2521 ματι
330 2433 412 2523 ἁγίῳ
427 2437 495 2503 υἱὸν
508 2432 608 2515 άξίιος
620 2441 767 2518 νοοῦμεν,
782 2437 814 2503 ἐν
828 2439 887 2522 σίῷ
901 2440 936 2503 δὲ
947 2447 1118 2521 μονογενεῒ
1129 2442 1258 2518 πατέρα

236 2532 383 2620 εῦσεβιῦς
405 2541 457 2600 καὶ
476 2531 575 2613 άξίιος
592 2535 778 2616 δοξάζομεν.
808 2537 862 2600 καί
879 2532 958 2620 αῦτη
976 2530 1098 2620 ἐστὶνὴ
1117 2535 1258 2619 σφραγίς
1272 2547 1298 2595 15

235 2637 296 2719 τῆς
320 2637 474 2709 πίστεως,
499 2632 532 2697 ίν
554 2622 574 2717 ᾗ
597 2633 757 2716 σφραγῖδι
772 2635 1004 2717 βαπτισθῆναι
1020 2626 1257 2716 προσίταξενδ

238 2727 349 2815 σωτὴρ
361 2731 413 2794 καί
431 2728 541 2810 κίρκος
554 2725 674 2813 Ἰησοῦς
690 2730 846 2811 Χριστος,
865 2725 882 2794 ὁ
898 2730 998 2812 λέγων
1016 2733 1259 2811 “πορευθέντες

237 2825 473 2913 μαθητεύσατε
494 2825 604 2891 πάντα
619 2825 661 2892 τὰ
677 2827 768 2911 έθνη,
791 2828 1007 2909 βαπτίζοντες
1022 2821 1141 2904 αῦτοὶς
1157 2825 1204 2903 είς
1219 2823 1258 2889 τὸ

238 2923 344 3007 ὄνομα
355 2927 414 2988 τοῦ
428 2921 554 3007 πατρὸς
567 2925 618 2988 καί
632 2927 689 2988 τοῦ
707 2925 779 2989 υίοῦ
796 2927 847 2990 καὶ
864 2927 922 2988 τοῦ
935 2920 1029 3007 ἁγίου
1041 2922 1258 3005 πνεῦματος.”

330 3027 375 3087 17.
407 3019 492 3102 Περὶ
515 3020 575 3105 γάρ
599 3023 657 3106 τῆς
679 3019 762 3086 κατὰ
784 3021 895 3087 πάντα
917 3024 975 3086 τοῦ
999 3021 1070 3085 υίοῦ
1094 3019 1179 3103 πρὸς
1201 3018 1299 3085 τὸνῖθ

238 3123 369 3201 πατέρα
398 3114 593 3202 ὁμοιότητος
621 3118 826 3199 πλατύτερον
857 3121 915 3199 μὲν
944 3112 1086 3198 ἀλλαχοῦ
1121 3117 1258 3200 εἴρηται,

239 3210 364 3297 ὁμοίως
393 3215 428 3280 δὲ
458 3219 511 3280 καὶ
542 3218 597 3279 νῦν
621 3215 654 3281 έν
676 3221 791 3299 βραχεῖ
824 3212 1174 3297 παρασημειώσασθαι
1203 3206 1261 3276 σῦκ

239 3308 419 3398 ὀκνήσομεν
443 3308 495 3377 ὅτι
518 3307 535 3375 ὁ
559 3307 748 3388 ἀπόστολος
778 3310 886 3377 εἰκόνα
914 3312 972 3374 τοῦ
1002 3303 1146 3392 ἀοράτου
1176 3311 1259 3374 θεοῦ

239 3409 295 3475 τὸν
324 3409 397 3474 υἱὸν
427 3408 575 3494 είρηκάις,
615 3412 667 3474 καί
700 3410 733 3474 ἐν
762 3408 867 3492 τοῦτηι
897 3405 1032 3484 διδάξας
1062 3402 1114 3470 ὅτι
1144 3402 1259 3486 ὅμοιός

196 3506 330 3574 εὖ*ἔστιν
360 3502 378 3572 ὁ
407 3508 477 3584 υίὸς
505 3510 551 3592 τηῦ
581 3510 699 3589 πατρί,
735 3501 875 3586 ἀλλαχοῦ
906 3507 978 3582 πῶς
1008 3505 1059 3569 δεῖ
1089 3514 1175 3570 νοεῖν
1203 3502 1260 3568 τὸν
1271 3520 1302 3569 25

240 3604 312 3671 νίὸν
336 3605 537 3688 παρέδωκεν.
589 3604 622 3669 έν
649 3603 710 3688 γάρ
740 3606 778 3689 τῇ
802 3602 886 3686 πρὸς
911 3602 1163 3687 Φιλιππησίους
1186 3600 1260 3665 ε’πτ-

241 3704 343 3789 στολῇ
368 3725 470 3817 ιγησιν
494 3699 551 3779 *ῦς
573 3700 607 3766 ἓν
629 3704 744 3822 μορφῇ
767 3703 850 3766 θεοῦ
873 3696 1029 3784 ὑπάρχων
1052 3696 1109 3780 οὐχ
1132 3694 1260 3781 ἁρπαγ-

236 3798 300 3883 μὸν
324 3794 470 3914 ηγήσατσ
492 3798 530 3864 τὸ
555 3793 639 3864 ειναι
670 3799 727 3863 ἴσα
757 3801 842 3882 θεῷ,
877 3793 984 3863 aaz*
971 3795 1087 3863 ταυτὸν
1114 3795 1260 3872 ίκίνιοσε,

236 3894 371 3984 μορφὴν
395 3896 514 3962 δοῦλον
537 3895 695 3981 λαβιὺν,’
682 3919 756 3961 ενο
745 3890 945 3977 ἰμσισώματτ
963 3889 1154 4009 ἀνθρώπων
1169 3889 1260 3974 γενό·

236 3996 367 4077 μενοςῗ
411 4019 445 4060 εν
473 3995 508 4059 δὲ
535 4019 588 4111 w),
607 3991 693 4075 πρὸς
717 3988 774 4057 Ριιι
775 3998 930 4073 τοίους
935 3990 982 4055 τὸ
1009 3990 1070 4075 γάρ
1100 3983 1301 4054 άδῦνατον30

236 4095 297 4158 τοῦ
321 4089 434 4173 νόμου,
466 4079 549 4157 έν
522 4117 548 4176 οι
571 4084 709 4176 ἠσθένει
733 4088 789 4155 διὰ
815 4115 873 4175 της
895 4086 1024 4171 σαρκὸς,
1059 4081 1181 4161 ὁθεὸς
1203 4082 1260 4149 τὸν

237 4189 359 4256 ἑαυτοῦ
382 4187 454 4255 υἱὸν
482 4193 549 4269 πέμ
540 4189 685 4281 ιψαςέν
715 4181 902 4271 ὁμοιοίματι
931 4182 1066 4266 σαρκὸς,
1100 4179 1155 4246 καὶ
1183 4187 1259 4267 περί

237 4281 405 4370 ἁμαρτίας
426 4292 593 4369 κατέκρινε
614 4312 672 4351 τιν
696 4280 859 4369 ἁμαρτίαν
882 4281 970 4349 ἐν’
930 4307 969 4368 τη
987 4281 1113 4364 σαρκί.”
1144 4273 1189 4358 ὥς
1204 4279 1362 4600 lui!

288 4386 435 4441 τριρυιιοιιι
456 4385 493 4429 ιιι.
1077 4387 1109 4436 20
