<?xml version="1.0" encoding="UTF-8"?>
<!DOCTYPE html PUBLIC "-//W3C//DTD XHTML 1.0 Transitional//EN"
    "http://www.w3.org/TR/xhtml1/DTD/xhtml1-transitional.dtd">
<html xmlns="http://www.w3.org/1999/xhtml" xml:lang="en" lang="en">
 <head>
  <title>
</title>
<meta http-equiv="Content-Type" content="text/html;charset=utf-8" />
  <meta name='ocr-system' content='tesseract 3.04.00' />
  <meta name='ocr-capabilities' content='ocr_page ocr_carea ocr_par ocr_line ocrx_word'/>
</head>
<body>
  <div class='ocr_page' id='page_1' title='image "./opera01dindgoog_0291.png"; bbox 0 0 2867 5084; ppageno 0'>
   <div class='ocr_carea' id='block_1_1' title="bbox 85 199 677 466">
    <p class='ocr_par' dir='ltr' id='par_1_1' title="bbox 85 199 677 466">
     <span class='ocr_line' id='line_1_1' title="bbox 85 199 677 466; baseline -0.005 0"><span class='ocrx_word' id='word_1_1' title='bbox 85 199 602 466; x_wconf 95' lang='grc' dir='ltr'><strong><em>-Ι</em></strong></span> <span class='ocrx_word' id='word_1_2' title='bbox 669 311 677 320; x_wconf 31' lang='lat' dir='ltr'>N</span> 
     </span>
    </p>
   </div>
   <div class='ocr_carea' id='block_1_2' title="bbox 509 985 1145 1049">
    <p class='ocr_par' dir='ltr' id='par_1_2' title="bbox 509 985 1145 1049">
     <span class='ocr_line' id='line_1_2' title="bbox 509 985 1145 1049; baseline 0.002 -4"><span class='ocrx_word' id='word_1_3' title='bbox 509 992 586 1045; x_wconf 71' lang='lat' dir='ltr'><strong><em>Lxx.</em></strong></span> <span class='ocrx_word' id='word_1_4' title='bbox 606 995 786 1046; x_wconf 76' lang='grc' dir='ltr'><strong><em>ιταιαοτ.</em></strong></span> <span class='ocrx_word' id='word_1_5' title='bbox 1089 985 1145 1049; x_wconf 74' lang='grc'><strong><em>261</em></strong></span> 
     </span>
    </p>
   </div>
   <div class='ocr_carea' id='block_1_3' title="bbox 85 1142 1270 4356">
    <p class='ocr_par' dir='ltr' id='par_1_3' title="bbox 132 1142 1175 1819">
     <span class='ocr_line' id='line_1_3' title="bbox 132 1142 1152 1235; baseline 0.004 -25"><span class='ocrx_word' id='word_1_6' title='bbox 132 1146 248 1233; x_wconf 78' lang='grc' dir='ltr'><strong><em>χλεύη,</em></strong></span> <span class='ocrx_word' id='word_1_7' title='bbox 283 1142 439 1233; x_wconf 76' lang='grc' dir='ltr'><strong><em>Ἑλλήνιον</em></strong></span> <span class='ocrx_word' id='word_1_8' title='bbox 462 1146 621 1232; x_wconf 86' lang='grc' dir='ltr'><strong><em>λεγόντων</em></strong></span> <span class='ocrx_word' id='word_1_9' title='bbox 643 1149 697 1212; x_wconf 81' lang='grc' dir='ltr'><strong><em>καί</em></strong></span> <span class='ocrx_word' id='word_1_10' title='bbox 718 1146 938 1229; x_wconf 78' lang='grc' dir='ltr'><strong><em>χλευαζόντων</em></strong></span> <span class='ocrx_word' id='word_1_11' title='bbox 966 1146 1024 1234; x_wconf 78' lang='grc' dir='ltr'><strong><em>τὴν</em></strong></span> <span class='ocrx_word' id='word_1_12' title='bbox 1052 1148 1085 1214; x_wconf 79' lang='grc' dir='ltr'><strong><em>ἒν</em></strong></span> <span class='ocrx_word' id='word_1_13' title='bbox 1113 1146 1152 1235; x_wconf 79' lang='grc' dir='ltr'><strong><em>τῇ</em></strong></span> 
     </span>
     <span class='ocr_line' id='line_1_4' title="bbox 135 1245 1154 1334; baseline 0 -24"><span class='ocrx_word' id='word_1_14' title='bbox 135 1245 289 1331; x_wconf 70' lang='grc' dir='ltr'><strong><em>ἐκκλησίᾳ</em></strong></span> <span class='ocrx_word' id='word_1_15' title='bbox 312 1247 507 1332; x_wconf 90' lang='grc' dir='ltr'><strong><em>διαφωνίαν,</em></strong></span> <span class='ocrx_word' id='word_1_16' title='bbox 532 1245 589 1311; x_wconf 76' lang='grc' dir='ltr'><strong><em>ἐπὶ</em></strong></span> <span class='ocrx_word' id='word_1_17' title='bbox 606 1251 856 1311; x_wconf 81' lang='grc' dir='ltr'><strong><em>Κωνσταντίνου</em></strong></span> <span class='ocrx_word' id='word_1_18' title='bbox 879 1246 915 1311; x_wconf 81' lang='grc' dir='ltr'><strong><em>δὲ</em></strong></span> <span class='ocrx_word' id='word_1_19' title='bbox 931 1245 987 1312; x_wconf 89' lang='grc' dir='ltr'><strong><em>διά</em></strong></span> <span class='ocrx_word' id='word_1_20' title='bbox 1008 1249 1066 1334; x_wconf 77' lang='grc' dir='ltr'><strong><em>τῆς</em></strong></span> <span class='ocrx_word' id='word_1_21' title='bbox 1087 1248 1154 1311; x_wconf 86' lang='grc' dir='ltr'><strong><em>τῶν</em></strong></span> 
     </span>
     <span class='ocr_line' id='line_1_5' title="bbox 135 1341 1154 1430; baseline 0.001 -22"><span class='ocrx_word' id='word_1_22' title='bbox 135 1341 332 1408; x_wconf 77' lang='grc' dir='ltr'><strong><em>ἐπισκόπων</em></strong></span> <span class='ocrx_word' id='word_1_23' title='bbox 365 1344 513 1426; x_wconf 73' lang='grc' dir='ltr'><strong><em>σπουδῆς</em></strong></span> <span class='ocrx_word' id='word_1_24' title='bbox 542 1343 715 1430; x_wconf 79' lang='grc' dir='ltr'><strong><em>συνηνώθη</em></strong></span> <span class='ocrx_word' id='word_1_25' title='bbox 748 1343 873 1424; x_wconf 86' lang='grc' dir='ltr'><strong><em>μᾶλλον</em></strong></span> <span class='ocrx_word' id='word_1_26' title='bbox 901 1341 940 1407; x_wconf 86' lang='grc' dir='ltr'><strong><em>τὸ</em></strong></span> <span class='ocrx_word' id='word_1_27' title='bbox 962 1349 1084 1425; x_wconf 79' lang='grc' dir='ltr'><strong><em>σχίσμα</em></strong></span> <span class='ocrx_word' id='word_1_28' title='bbox 1106 1343 1154 1421; x_wconf 86' lang='grc' dir='ltr'><strong><em>είς</em></strong></span> 
     </span>
     <span class='ocr_line' id='line_1_6' title="bbox 133 1431 1151 1523; baseline 0.001 -20"><span class='ocrx_word' id='word_1_29' title='bbox 133 1445 216 1522; x_wconf 89' lang='grc' dir='ltr'><strong><em>μίαν</em></strong></span> <span class='ocrx_word' id='word_1_30' title='bbox 250 1434 420 1521; x_wconf 84' lang='grc' dir='ltr'><strong><em>ὁμόνοιαν,</em></strong></span> <span class='ocrx_word' id='word_1_31' title='bbox 455 1445 489 1505; x_wconf 87' lang='grc' dir='ltr'><strong><em>τί</em></strong></span> <span class='ocrx_word' id='word_1_32' title='bbox 527 1431 583 1506; x_wconf 77' lang='grc' dir='ltr'><strong><em>οὖν</em></strong></span> <span class='ocrx_word' id='word_1_33' title='bbox 622 1439 739 1505; x_wconf 86' lang='grc' dir='ltr'><strong><em>τούτου</em></strong></span> <span class='ocrx_word' id='word_1_34' title='bbox 773 1439 841 1505; x_wconf 76' lang='grc' dir='ltr'><strong><em>ἐστὶ</em></strong></span> <span class='ocrx_word' id='word_1_35' title='bbox 880 1436 1151 1523; x_wconf 80' lang='grc' dir='ltr'><strong><em>προάργιαίτερον</em></strong></span> 
     </span>
     <span class='ocr_line' id='line_1_7' title="bbox 133 1532 1175 1625; baseline -0.001 -23"><span class='ocrx_word' id='word_1_36' title='bbox 133 1540 189 1602; x_wconf 76' lang='grc' dir='ltr'><strong><em>καὶ</em></strong></span> <span class='ocrx_word' id='word_1_37' title='bbox 227 1542 450 1621; x_wconf 76' lang='grc' dir='ltr'><strong><em>χαριέστερον,</em></strong></span> <span class='ocrx_word' id='word_1_38' title='bbox 498 1532 567 1603; x_wconf 86' lang='grc' dir='ltr'><strong><em>ἀπὸ</em></strong></span> <span class='ocrx_word' id='word_1_39' title='bbox 602 1541 659 1625; x_wconf 76' lang='grc' dir='ltr'><strong><em>γῆς</em></strong></span> <span class='ocrx_word' id='word_1_40' title='bbox 689 1536 842 1620; x_wconf 78' lang='grc' dir='ltr'><strong><em>περάτων</em></strong></span> <span class='ocrx_word' id='word_1_41' title='bbox 882 1536 914 1602; x_wconf 77' lang='grc' dir='ltr'><strong><em>ἒν</em></strong></span> <span class='ocrx_word' id='word_1_42' title='bbox 949 1539 1010 1622; x_wconf 80' lang='grc' dir='ltr'><strong><em>μιᾷ</em></strong></span> <span class='ocrx_word' id='word_1_43' title='bbox 1048 1532 1175 1623; x_wconf 61' lang='grc' dir='ltr'><strong><em>ἡμέρας</em></strong></span> 
     </span>
     <span class='ocr_line' id='line_1_8' title="bbox 138 1628 1150 1721; baseline -0.002 -22"><span class='ocrx_word' id='word_1_44' title='bbox 138 1629 362 1700; x_wconf 74' lang='grc' dir='ltr'><strong><em>ἀπαλλάττειν</em></strong></span> <span class='ocrx_word' id='word_1_45' title='bbox 388 1634 467 1700; x_wconf 88' lang='grc' dir='ltr'><strong><em>λαὸν</em></strong></span> <span class='ocrx_word' id='word_1_46' title='bbox 494 1639 574 1721; x_wconf 74' lang='grc' dir='ltr'><strong><em>θεῷ,</em></strong></span> <span class='ocrx_word' id='word_1_47' title='bbox 599 1645 789 1720; x_wconf 77' lang='grc' dir='ltr'><strong><em>συμφωνεῖν</em></strong></span> <span class='ocrx_word' id='word_1_48' title='bbox 816 1659 852 1701; x_wconf 87' lang='grc' dir='ltr'><strong><em>τε</em></strong></span> <span class='ocrx_word' id='word_1_49' title='bbox 879 1637 934 1699; x_wconf 84' lang='grc' dir='ltr'><strong><em>καί</em></strong></span> <span class='ocrx_word' id='word_1_50' title='bbox 964 1628 1150 1717; x_wconf 75' lang='grc' dir='ltr'><strong><em>ἀγρυπνεῖν,</em></strong></span> 
     </span>
     <span class='ocr_line' id='line_1_9' title="bbox 138 1725 1153 1819; baseline -0.002 -22"><span class='ocrx_word' id='word_1_51' title='bbox 138 1733 193 1797; x_wconf 87' lang='grc' dir='ltr'><strong><em>καὶ</em></strong></span> <span class='ocrx_word' id='word_1_52' title='bbox 216 1731 275 1809; x_wconf 85' lang='grc' dir='ltr'><strong><em>τὰς</em></strong></span> <span class='ocrx_word' id='word_1_53' title='bbox 296 1726 397 1809; x_wconf 84' lang='grc' dir='ltr'><strong><em>αάτάς</em></strong></span> <span class='ocrx_word' id='word_1_54' title='bbox 417 1727 539 1817; x_wconf 78' lang='grc' dir='ltr'><strong><em>ἡμέρας</em></strong></span> <span class='ocrx_word' id='word_1_55' title='bbox 568 1735 643 1810; x_wconf 82' lang='grc' dir='ltr'><strong><em>ίόας</em></strong></span> <span class='ocrx_word' id='word_1_56' title='bbox 672 1738 799 1819; x_wconf 83' lang='grc' dir='ltr'><strong><em>φέρειν,</em></strong></span> <span class='ocrx_word' id='word_1_57' title='bbox 834 1731 867 1797; x_wconf 80' lang='grc' dir='ltr'><strong><em>ίν</em></strong></span> <span class='ocrx_word' id='word_1_58' title='bbox 894 1756 931 1797; x_wconf 86' lang='grc' dir='ltr'><strong><em>τε</em></strong></span> <span class='ocrx_word' id='word_1_59' title='bbox 958 1725 1153 1815; x_wconf 75' lang='grc' dir='ltr'><strong><em>ἀγρυπνίαις</em></strong></span> 
     </span>
    </p>

    <p class='ocr_par' dir='ltr' id='par_1_4' title="bbox 85 1825 1153 2014">
     <span class='ocr_line' id='line_1_10' title="bbox 85 1825 1153 1917; baseline 0 -24"><span class='ocrx_word' id='word_1_60' title='bbox 85 1831 191 1894; x_wconf 62' lang='lat' dir='ltr'><strong><em>mua)</em></strong></span> <span class='ocrx_word' id='word_1_61' title='bbox 227 1829 374 1914; x_wconf 78' lang='grc' dir='ltr'><strong><em>δεηοεοι,</em></strong></span> <span class='ocrx_word' id='word_1_62' title='bbox 419 1832 472 1894; x_wconf 80' lang='grc' dir='ltr'><strong><em>καί</em></strong></span> <span class='ocrx_word' id='word_1_63' title='bbox 507 1825 645 1917; x_wconf 79' lang='grc' dir='ltr'><strong><em>ὁμονοίᾳ</em></strong></span> <span class='ocrx_word' id='word_1_64' title='bbox 677 1830 733 1895; x_wconf 85' lang='grc' dir='ltr'><strong><em>καὶ</em></strong></span> <span class='ocrx_word' id='word_1_65' title='bbox 766 1832 914 1914; x_wconf 82' lang='grc' dir='ltr'><strong><em>λατρείᾳ,</em></strong></span> <span class='ocrx_word' id='word_1_66' title='bbox 953 1834 1085 1915; x_wconf 82' lang='grc' dir='ltr'><strong><em>νηστείᾳ</em></strong></span> <span class='ocrx_word' id='word_1_67' title='bbox 1116 1853 1153 1894; x_wconf 83' lang='grc' dir='ltr'><strong><em>τε</em></strong></span> 
     </span>
     <span class='ocr_line' id='line_1_11' title="bbox 134 1923 1153 2014; baseline 0.001 -23"><span class='ocrx_word' id='word_1_68' title='bbox 134 1929 190 1991; x_wconf 81' lang='grc' dir='ltr'><strong><em>καί</em></strong></span> <span class='ocrx_word' id='word_1_69' title='bbox 215 1927 412 2013; x_wconf 77' lang='grc' dir='ltr'><strong><em>ξηροφαγίᾳ,</em></strong></span> <span class='ocrx_word' id='word_1_70' title='bbox 441 1929 495 1992; x_wconf 80' lang='grc' dir='ltr'><strong><em>καὶ</em></strong></span> <span class='ocrx_word' id='word_1_71' title='bbox 519 1923 631 2014; x_wconf 81' lang='grc' dir='ltr'><strong><em>ἁγνείᾳ</em></strong></span> <span class='ocrx_word' id='word_1_72' title='bbox 659 1926 713 1992; x_wconf 83' lang='grc' dir='ltr'><strong><em>καὶ</em></strong></span> <span class='ocrx_word' id='word_1_73' title='bbox 741 1938 816 2005; x_wconf 82' lang='grc' dir='ltr'><strong><em>ταῖς</em></strong></span> <span class='ocrx_word' id='word_1_74' title='bbox 838 1924 954 2004; x_wconf 87' lang='grc' dir='ltr'><strong><em>ἀλλαις</em></strong></span> <span class='ocrx_word' id='word_1_75' title='bbox 974 1937 1048 2004; x_wconf 78' lang='grc' dir='ltr'><strong><em>ταῖς</em></strong></span> <span class='ocrx_word' id='word_1_76' title='bbox 1069 1925 1153 1992; x_wconf 83' lang='grc' dir='ltr'><strong><em>κατὰ</em></strong></span> 
     </span>
    </p>

    <p class='ocr_par' dir='ltr' id='par_1_5' title="bbox 133 2018 1192 2304">
     <span class='ocr_line' id='line_1_12' title="bbox 133 2018 1192 2111; baseline 0.002 -23"><span class='ocrx_word' id='word_1_77' title='bbox 133 2023 196 2110; x_wconf 76' lang='grc' dir='ltr'><strong><em>τὴν</em></strong></span> <span class='ocrx_word' id='word_1_78' title='bbox 219 2025 469 2106; x_wconf 74' lang='grc' dir='ltr'><strong><em>πανσεβάσμιον</em></strong></span> <span class='ocrx_word' id='word_1_79' title='bbox 491 2024 610 2110; x_wconf 82' lang='grc' dir='ltr'><strong><em>ταύτην</em></strong></span> <span class='ocrx_word' id='word_1_80' title='bbox 632 2021 755 2111; x_wconf 74' lang='grc' dir='ltr'><strong><em>ἡμέραν</em></strong></span> <span class='ocrx_word' id='word_1_81' title='bbox 779 2020 924 2109; x_wconf 72' lang='grc' dir='ltr'><strong><em>ἀγαθαῖς</em></strong></span> <span class='ocrx_word' id='word_1_82' title='bbox 946 2028 1016 2109; x_wconf 72' lang='grc' dir='ltr'><strong><em>θεῷ</em></strong></span> <span class='ocrx_word' id='word_1_83' title='bbox 1042 2018 1152 2106; x_wconf 81' lang='grc' dir='ltr'><strong><em>εδορε-</em></strong></span> <span class='ocrx_word' id='word_1_84' title='bbox 1164 2048 1192 2100; x_wconf 83' lang='lat'><strong><em>10</em></strong></span> 
     </span>
     <span class='ocr_line' id='line_1_13' title="bbox 136 2120 1152 2207; baseline -0.003 -20"><span class='ocrx_word' id='word_1_85' title='bbox 136 2120 311 2207; x_wconf 72' lang='grc' dir='ltr'><strong><em>στησεσινς</em></strong></span> <span class='ocrx_word' id='word_1_86' title='bbox 353 2121 470 2198; x_wconf 82' lang='grc' dir='ltr'><strong><em>λκανιῦς</em></strong></span> <span class='ocrx_word' id='word_1_87' title='bbox 499 2123 534 2186; x_wconf 73' lang='grc' dir='ltr'><strong><em>δὲ</em></strong></span> <span class='ocrx_word' id='word_1_88' title='bbox 563 2121 645 2203; x_wconf 72' lang='grc' dir='ltr'><strong><em>ἔχειν</em></strong></span> <span class='ocrx_word' id='word_1_89' title='bbox 668 2123 789 2204; x_wconf 85' lang='grc' dir='ltr'><strong><em>νομίζω</em></strong></span> <span class='ocrx_word' id='word_1_90' title='bbox 812 2125 869 2207; x_wconf 78' lang='grc' dir='ltr'><strong><em>τῆς</em></strong></span> <span class='ocrx_word' id='word_1_91' title='bbox 890 2123 973 2187; x_wconf 86' lang='grc' dir='ltr'><strong><em>κατὰ</em></strong></span> <span class='ocrx_word' id='word_1_92' title='bbox 995 2124 1092 2186; x_wconf 83' lang='grc' dir='ltr'><strong><em>τοῦτο</em></strong></span> <span class='ocrx_word' id='word_1_93' title='bbox 1114 2122 1152 2185; x_wconf 90' lang='grc' dir='ltr'><strong><em>τὸ</em></strong></span> 
     </span>
     <span class='ocr_line' id='line_1_14' title="bbox 134 2214 755 2304; baseline -0.002 -19"><span class='ocrx_word' id='word_1_94' title='bbox 134 2217 247 2303; x_wconf 85' lang='grc' dir='ltr'><strong><em>τάγμα</em></strong></span> <span class='ocrx_word' id='word_1_95' title='bbox 269 2222 334 2282; x_wconf 82' lang='grc' dir='ltr'><strong><em>τῶν</em></strong></span> <span class='ocrx_word' id='word_1_96' title='bbox 357 2214 536 2283; x_wconf 77' lang='grc' dir='ltr'><strong><em>Αάδιανιῦν</em></strong></span> <span class='ocrx_word' id='word_1_97' title='bbox 560 2221 755 2304; x_wconf 81' lang='grc' dir='ltr'><strong><em>διαφωνίας.</em></strong></span> 
     </span>
    </p>

    <p class='ocr_par' dir='ltr' id='par_1_6' title="bbox 91 2311 1270 2790">
     <span class='ocr_line' id='line_1_15' title="bbox 91 2311 1153 2401; baseline -0.002 -20"><span class='ocrx_word' id='word_1_98' title='bbox 91 2384 94 2389; x_wconf 71' lang='grc'><strong><em>,</em></strong></span> <span class='ocrx_word' id='word_1_99' title='bbox 220 2313 358 2401; x_wconf 81' lang='grc' dir='ltr'><strong><em>Ὑπέστη</em></strong></span> <span class='ocrx_word' id='word_1_100' title='bbox 383 2318 492 2382; x_wconf 79' lang='grc' dir='ltr'><strong><em>δὲκαὶ</em></strong></span> <span class='ocrx_word' id='word_1_101' title='bbox 517 2317 645 2400; x_wconf 76' lang='grc' dir='ltr'><strong><em>ἐξορίαν</em></strong></span> <span class='ocrx_word' id='word_1_102' title='bbox 668 2311 766 2393; x_wconf 78' lang='grc' dir='ltr'><strong><em>αὐτὸς</em></strong></span> <span class='ocrx_word' id='word_1_103' title='bbox 790 2313 807 2380; x_wconf 85' lang='grc' dir='ltr'><strong><em>δ</em></strong></span> <span class='ocrx_word' id='word_1_104' title='bbox 830 2322 931 2401; x_wconf 90' lang='grc' dir='ltr'><strong><em>γε’ρων</em></strong></span> <span class='ocrx_word' id='word_1_105' title='bbox 954 2312 1084 2392; x_wconf 79' lang='grc' dir='ltr'><strong><em>Αδδιος</em></strong></span> <span class='ocrx_word' id='word_1_106' title='bbox 1107 2314 1153 2392; x_wconf 84' lang='grc' dir='ltr'><strong><em>είς</em></strong></span> 
     </span>
     <span class='ocr_line' id='line_1_16' title="bbox 134 2410 1151 2500; baseline -0.005 -19"><span class='ocrx_word' id='word_1_107' title='bbox 134 2415 178 2481; x_wconf 86' lang='grc' dir='ltr'><strong><em>τὰ</em></strong></span> <span class='ocrx_word' id='word_1_108' title='bbox 206 2420 287 2500; x_wconf 82' lang='grc' dir='ltr'><strong><em>με’·ρη</em></strong></span> <span class='ocrx_word' id='word_1_109' title='bbox 317 2418 374 2500; x_wconf 74' lang='grc' dir='ltr'><strong><em>τῆς</em></strong></span> <span class='ocrx_word' id='word_1_110' title='bbox 401 2419 548 2491; x_wconf 78' lang='grc' dir='ltr'><strong><em>Σκυθίας</em></strong></span> <span class='ocrx_word' id='word_1_111' title='bbox 581 2410 647 2478; x_wconf 79' lang='grc' dir='ltr'><strong><em>ὑπὸ</em></strong></span> <span class='ocrx_word' id='word_1_112' title='bbox 675 2417 734 2478; x_wconf 86' lang='grc' dir='ltr'><strong><em>τοῦ</em></strong></span> <span class='ocrx_word' id='word_1_113' title='bbox 766 2415 928 2496; x_wconf 74' lang='grc' dir='ltr'><strong><em>βασιλέως</em></strong></span> <span class='ocrx_word' id='word_1_114' title='bbox 956 2411 1151 2495; x_wconf 77' lang='grc' dir='ltr'><strong><em>ἔξορισίλείς,</em></strong></span> 
     </span>
     <span class='ocr_line' id='line_1_17' title="bbox 136 2506 1191 2598; baseline -0.006 -19"><span class='ocrx_word' id='word_1_115' title='bbox 136 2512 196 2579; x_wconf 88' lang='grc' dir='ltr'><strong><em>διὰ</em></strong></span> <span class='ocrx_word' id='word_1_116' title='bbox 218 2511 257 2577; x_wconf 87' lang='grc' dir='ltr'><strong><em>τὸ</em></strong></span> <span class='ocrx_word' id='word_1_117' title='bbox 280 2507 470 2598; x_wconf 84' lang='grc' dir='ltr'><strong><em>ἀφηνιάζειν</em></strong></span> <span class='ocrx_word' id='word_1_118' title='bbox 493 2510 607 2589; x_wconf 78' lang='grc' dir='ltr'><strong><em>λαοὺς,</em></strong></span> <span class='ocrx_word' id='word_1_119' title='bbox 637 2513 690 2577; x_wconf 80' lang='grc' dir='ltr'><strong><em>καὶ</em></strong></span> <span class='ocrx_word' id='word_1_120' title='bbox 713 2506 780 2575; x_wconf 79' lang='grc' dir='ltr'><strong><em>ὑπὸ</em></strong></span> <span class='ocrx_word' id='word_1_121' title='bbox 802 2513 867 2575; x_wconf 77' lang='grc' dir='ltr'><strong><em>τιῦν</em></strong></span> <span class='ocrx_word' id='word_1_122' title='bbox 891 2509 1083 2575; x_wconf 73' lang='grc' dir='ltr'><strong><em>ἐπισκόπων</em></strong></span> <span class='ocrx_word' id='word_1_123' title='bbox 1105 2512 1191 2594; x_wconf 63' lang='lat' dir='ltr'><strong><em>ugho</em></strong></span> 
     </span>
     <span class='ocr_line' id='line_1_18' title="bbox 135 2603 1153 2695; baseline -0.006 -20"><span class='ocrx_word' id='word_1_124' title='bbox 135 2611 271 2695; x_wconf 81' lang='grc' dir='ltr'><strong><em>βασιλεῖ</em></strong></span> <span class='ocrx_word' id='word_1_125' title='bbox 293 2603 463 2695; x_wconf 71' lang='grc' dir='ltr'><strong><em>ἀνηνέχθη.</em></strong></span> <span class='ocrx_word' id='word_1_126' title='bbox 510 2610 575 2676; x_wconf 77' lang='grc' dir='ltr'><strong><em>ἰκεῖ</em></strong></span> <span class='ocrx_word' id='word_1_127' title='bbox 597 2611 632 2674; x_wconf 83' lang='grc' dir='ltr'><strong><em>δὲ</em></strong></span> <span class='ocrx_word' id='word_1_128' title='bbox 654 2608 799 2691; x_wconf 88' lang='grc' dir='ltr'><strong><em>μάλιστα</em></strong></span> <span class='ocrx_word' id='word_1_129' title='bbox 822 2610 1007 2690; x_wconf 78' lang='grc' dir='ltr'><strong><em>διατρίβων,</em></strong></span> <span class='ocrx_word' id='word_1_130' title='bbox 1035 2605 1153 2688; x_wconf 88' lang='grc' dir='ltr'><strong><em>χρόνον</em></strong></span> 
     </span>
     <span class='ocr_line' id='line_1_19' title="bbox 137 2701 1270 2790; baseline -0.006 -16"><span class='ocrx_word' id='word_1_131' title='bbox 137 2708 221 2774; x_wconf 75' lang='grc' dir='ltr'><strong><em>ἐτῶν</em></strong></span> <span class='ocrx_word' id='word_1_132' title='bbox 244 2701 301 2772; x_wconf 74' lang='grc' dir='ltr'><strong><em>οὐκ</em></strong></span> <span class='ocrx_word' id='word_1_133' title='bbox 324 2707 385 2789; x_wconf 70' lang='grc' dir='ltr'><strong><em>ἔχω</em></strong></span> <span class='ocrx_word' id='word_1_134' title='bbox 409 2710 520 2790; x_wconf 76' lang='grc' dir='ltr'><strong><em>λέγειν,</em></strong></span> <span class='ocrx_word' id='word_1_135' title='bbox 543 2712 597 2772; x_wconf 83' lang='grc' dir='ltr'><strong><em>καί</em></strong></span> <span class='ocrx_word' id='word_1_136' title='bbox 621 2707 667 2784; x_wconf 83' lang='grc' dir='ltr'><strong><em>είς</em></strong></span> <span class='ocrx_word' id='word_1_137' title='bbox 682 2707 723 2772; x_wconf 85' lang='grc' dir='ltr'><strong><em>τά</em></strong></span> <span class='ocrx_word' id='word_1_138' title='bbox 744 2706 861 2789; x_wconf 85' lang='grc' dir='ltr'><strong><em>πρόσω</em></strong></span> <span class='ocrx_word' id='word_1_139' title='bbox 875 2712 1008 2788; x_wconf 68' lang='grc' dir='ltr'><strong><em>βαίνων,</em></strong></span> <span class='ocrx_word' id='word_1_140' title='bbox 1031 2707 1083 2768; x_wconf 81' lang='grc' dir='ltr'><strong><em>καὶ</em></strong></span> <span class='ocrx_word' id='word_1_141' title='bbox 1108 2703 1155 2782; x_wconf 83' lang='grc' dir='ltr'><strong><em>είς</em></strong></span> <span class='ocrx_word' id='word_1_142' title='bbox 1264 2729 1270 2741; x_wconf 94' lang='grc'><em>·</em></span> 
     </span>
    </p>

    <p class='ocr_par' dir='ltr' id='par_1_7' title="bbox 108 2800 1194 3671">
     <span class='ocr_line' id='line_1_20' title="bbox 108 2800 1154 2889; baseline -0.007 -14"><span class='ocrx_word' id='word_1_143' title='bbox 108 2805 180 2876; x_wconf 68' lang='lat' dir='ltr'><strong><em>Bt&amp;</em></strong></span> <span class='ocrx_word' id='word_1_144' title='bbox 203 2804 352 2870; x_wconf 78' lang='grc' dir='ltr'><strong><em>ίσώτατα</em></strong></span> <span class='ocrx_word' id='word_1_145' title='bbox 373 2809 431 2889; x_wconf 74' lang='grc' dir='ltr'><strong><em>τῆς</em></strong></span> <span class='ocrx_word' id='word_1_146' title='bbox 454 2811 483 2868; x_wconf 91' lang='grc' dir='ltr'>Γ</span> <span class='ocrx_word' id='word_1_147' title='bbox 482 2811 610 2883; x_wconf 74' lang='grc' dir='ltr'><strong><em>οτίίίας,</em></strong></span> <span class='ocrx_word' id='word_1_148' title='bbox 634 2804 780 2881; x_wconf 85' lang='grc' dir='ltr'><strong><em>πολλοὺς</em></strong></span> <span class='ocrx_word' id='word_1_149' title='bbox 807 2806 872 2868; x_wconf 82' lang='grc' dir='ltr'><strong><em>τῶν</em></strong></span> <span class='ocrx_word' id='word_1_150' title='bbox 895 2809 924 2866; x_wconf 91' lang='grc' dir='ltr'><strong><em>Γ</em></strong></span> <span class='ocrx_word' id='word_1_151' title='bbox 924 2801 1035 2868; x_wconf 72' lang='grc' dir='ltr'><strong><em>δτδων</em></strong></span> <span class='ocrx_word' id='word_1_152' title='bbox 1056 2800 1154 2887; x_wconf 82' lang='grc' dir='ltr'><strong><em>κατή-</em></strong></span> 
     </span>
     <span class='ocr_line' id='line_1_21' title="bbox 134 2893 1154 2989; baseline -0.003 -20"><span class='ocrx_word' id='word_1_153' title='bbox 134 2925 243 2989; x_wconf 81' lang='grc' dir='ltr'><strong><em>χησιν,</em></strong></span> <span class='ocrx_word' id='word_1_154' title='bbox 277 2897 333 2988; x_wconf 78' lang='grc' dir='ltr'><strong><em>ἀφ’</em></strong></span> <span class='ocrx_word' id='word_1_155' title='bbox 359 2893 461 2986; x_wconf 80' lang='grc' dir='ltr'><strong><em>οὗπερ</em></strong></span> <span class='ocrx_word' id='word_1_156' title='bbox 490 2906 543 2968; x_wconf 83' lang='grc' dir='ltr'><strong><em>καί</em></strong></span> <span class='ocrx_word' id='word_1_157' title='bbox 565 2901 770 2987; x_wconf 80' lang='grc' dir='ltr'><strong><em>μοναστηρια</em></strong></span> <span class='ocrx_word' id='word_1_158' title='bbox 799 2901 832 2967; x_wconf 76' lang='grc' dir='ltr'><strong><em>ἓν</em></strong></span> <span class='ocrx_word' id='word_1_159' title='bbox 854 2904 893 2987; x_wconf 82' lang='grc' dir='ltr'><strong><em>τῇ</em></strong></span> <span class='ocrx_word' id='word_1_160' title='bbox 919 2895 999 2986; x_wconf 77' lang='grc' dir='ltr'><strong><em>αὐτῇ</em></strong></span> <span class='ocrx_word' id='word_1_161' title='bbox 1024 2907 1053 2964; x_wconf 91' lang='grc' dir='ltr'>Γ</span> <span class='ocrx_word' id='word_1_162' title='bbox 1052 2905 1154 2986; x_wconf 73' lang='grc' dir='ltr'><strong><em>οτδίᾳ</em></strong></span> 
     </span>
     <span class='ocr_line' id='line_1_22' title="bbox 137 2991 1193 3084; baseline -0.006 -17"><span class='ocrx_word' id='word_1_163' title='bbox 137 3000 265 3084; x_wconf 75' lang='grc' dir='ltr'><strong><em>ἐγένετο</em></strong></span> <span class='ocrx_word' id='word_1_164' title='bbox 292 3005 347 3065; x_wconf 84' lang='grc' dir='ltr'><strong><em>καὶ</em></strong></span> <span class='ocrx_word' id='word_1_165' title='bbox 369 3001 523 3066; x_wconf 88' lang='grc' dir='ltr'><strong><em>πολιτεία</em></strong></span> <span class='ocrx_word' id='word_1_166' title='bbox 545 3000 599 3066; x_wconf 82' lang='grc' dir='ltr'><strong><em>καὶ</em></strong></span> <span class='ocrx_word' id='word_1_167' title='bbox 621 3005 791 3083; x_wconf 66' lang='grc' dir='ltr'><strong><em>παρθενία</em></strong></span> <span class='ocrx_word' id='word_1_168' title='bbox 812 3024 848 3065; x_wconf 89' lang='grc' dir='ltr'><strong><em>τε</em></strong></span> <span class='ocrx_word' id='word_1_169' title='bbox 869 3002 922 3063; x_wconf 81' lang='grc' dir='ltr'><strong><em>καί</em></strong></span> <span class='ocrx_word' id='word_1_170' title='bbox 947 2995 1082 3084; x_wconf 86' lang='grc' dir='ltr'><strong><em>ἀσκησις</em></strong></span> <span class='ocrx_word' id='word_1_171' title='bbox 1097 2991 1193 3078; x_wconf 74' lang='grc' dir='ltr'><strong><em>οάχτο</em></strong></span> 
     </span>
     <span class='ocr_line' id='line_1_23' title="bbox 139 3093 1153 3184; baseline -0.007 -21"><span class='ocrx_word' id='word_1_172' title='bbox 139 3093 159 3184; x_wconf 79' lang='grc' dir='ltr'>ἡ</span> <span class='ocrx_word' id='word_1_173' title='bbox 183 3100 331 3179; x_wconf 79' lang='grc' dir='ltr'><strong><em>τυχοῦσα.</em></strong></span> <span class='ocrx_word' id='word_1_174' title='bbox 378 3097 448 3163; x_wconf 69' lang='grc' dir='ltr'><strong><em>ἔστι</em></strong></span> <span class='ocrx_word' id='word_1_175' title='bbox 476 3096 536 3182; x_wconf 83' lang='grc' dir='ltr'><strong><em>γὰρ</em></strong></span> <span class='ocrx_word' id='word_1_176' title='bbox 564 3100 610 3183; x_wconf 76' lang='grc' dir='ltr'><strong><em>τῷ</em></strong></span> <span class='ocrx_word' id='word_1_177' title='bbox 640 3094 710 3162; x_wconf 80' lang='grc' dir='ltr'><strong><em>δ’ντι</em></strong></span> <span class='ocrx_word' id='word_1_178' title='bbox 738 3100 836 3162; x_wconf 83' lang='grc' dir='ltr'><strong><em>τοῦτο</em></strong></span> <span class='ocrx_word' id='word_1_179' title='bbox 864 3094 902 3159; x_wconf 83' lang='grc' dir='ltr'><strong><em>τὸ</em></strong></span> <span class='ocrx_word' id='word_1_180' title='bbox 930 3095 1037 3179; x_wconf 88' lang='grc' dir='ltr'><strong><em>τάγμα</em></strong></span> <span class='ocrx_word' id='word_1_181' title='bbox 1065 3093 1153 3160; x_wconf 86' lang='grc' dir='ltr'><strong><em>πάνυ</em></strong></span> 
     </span>
     <span class='ocr_line' id='line_1_24' title="bbox 139 3186 1155 3281; baseline -0.006 -20"><span class='ocrx_word' id='word_1_182' title='bbox 139 3195 175 3261; x_wconf 74' lang='grc' dir='ltr'><strong><em>ἓν</em></strong></span> <span class='ocrx_word' id='word_1_183' title='bbox 199 3190 389 3281; x_wconf 75' lang='grc' dir='ltr'><strong><em>ἀναστροφῇ</em></strong></span> <span class='ocrx_word' id='word_1_184' title='bbox 411 3199 589 3280; x_wconf 77' lang='grc' dir='ltr'><strong><em>θαυμαστῇ</em></strong></span> <span class='ocrx_word' id='word_1_185' title='bbox 619 3198 671 3260; x_wconf 82' lang='grc' dir='ltr'><strong><em>καί</em></strong></span> <span class='ocrx_word' id='word_1_186' title='bbox 701 3193 742 3259; x_wconf 84' lang='grc' dir='ltr'><strong><em>τὰ</em></strong></span> <span class='ocrx_word' id='word_1_187' title='bbox 766 3193 876 3258; x_wconf 88' lang='grc' dir='ltr'><strong><em>πάντα</em></strong></span> <span class='ocrx_word' id='word_1_188' title='bbox 899 3186 1005 3257; x_wconf 78' lang='grc' dir='ltr'><strong><em>αὐτῶν</em></strong></span> <span class='ocrx_word' id='word_1_189' title='bbox 1028 3191 1061 3256; x_wconf 82' lang='grc' dir='ltr'><strong><em>ἒν</em></strong></span> <span class='ocrx_word' id='word_1_190' title='bbox 1083 3200 1155 3267; x_wconf 80' lang='grc' dir='ltr'><strong><em>τοῖς</em></strong></span> 
     </span>
     <span class='ocr_line' id='line_1_25' title="bbox 139 3288 1156 3379; baseline -0.005 -21"><span class='ocrx_word' id='word_1_191' title='bbox 139 3288 248 3358; x_wconf 77' lang='grc' dir='ltr'><strong><em>αὐτῶν</em></strong></span> <span class='ocrx_word' id='word_1_192' title='bbox 270 3299 503 3379; x_wconf 89' lang='grc' dir='ltr'><strong><em>μοναστηρίοις</em></strong></span> <span class='ocrx_word' id='word_1_193' title='bbox 522 3294 628 3370; x_wconf 78' lang='grc' dir='ltr'><strong><em>καλῶς</em></strong></span> <span class='ocrx_word' id='word_1_194' title='bbox 644 3297 789 3378; x_wconf 77' lang='grc' dir='ltr'><strong><em>φέρεται,</em></strong></span> <span class='ocrx_word' id='word_1_195' title='bbox 813 3290 899 3376; x_wconf 75' lang='grc' dir='ltr'><strong><em>πλὴν</em></strong></span> <span class='ocrx_word' id='word_1_196' title='bbox 921 3292 986 3354; x_wconf 79' lang='grc' dir='ltr'><strong><em>τῶν</em></strong></span> <span class='ocrx_word' id='word_1_197' title='bbox 1009 3288 1156 3375; x_wconf 86' lang='grc' dir='ltr'><strong><em>φιλονει-</em></strong></span> 
     </span>
     <span class='ocr_line' id='line_1_26' title="bbox 137 3387 1155 3474; baseline -0.006 -17"><span class='ocrx_word' id='word_1_198' title='bbox 137 3394 219 3457; x_wconf 83' lang='grc' dir='ltr'><strong><em>κιῶν</em></strong></span> <span class='ocrx_word' id='word_1_199' title='bbox 247 3390 388 3468; x_wconf 78' lang='grc' dir='ltr'><strong><em>τούτων,</em></strong></span> <span class='ocrx_word' id='word_1_200' title='bbox 420 3392 478 3474; x_wconf 80' lang='grc' dir='ltr'><strong><em>τῆς</em></strong></span> <span class='ocrx_word' id='word_1_201' title='bbox 505 3415 541 3456; x_wconf 85' lang='grc' dir='ltr'><strong><em>τε</em></strong></span> <span class='ocrx_word' id='word_1_202' title='bbox 567 3390 780 3474; x_wconf 75' lang='grc' dir='ltr'><strong><em>παραλλαγῆς</em></strong></span> <span class='ocrx_word' id='word_1_203' title='bbox 809 3391 867 3452; x_wconf 86' lang='grc' dir='ltr'><strong><em>τοῦ</em></strong></span> <span class='ocrx_word' id='word_1_204' title='bbox 890 3387 1009 3469; x_wconf 89' lang='grc' dir='ltr'><strong><em>Πάσχα</em></strong></span> <span class='ocrx_word' id='word_1_205' title='bbox 1035 3389 1093 3473; x_wconf 73' lang='grc' dir='ltr'><strong><em>τῆς</em></strong></span> <span class='ocrx_word' id='word_1_206' title='bbox 1119 3410 1155 3452; x_wconf 90' lang='grc' dir='ltr'><strong><em>τε</em></strong></span> 
     </span>
     <span class='ocr_line' id='line_1_27' title="bbox 138 3479 1194 3572; baseline -0.006 -18"><span class='ocrx_word' id='word_1_207' title='bbox 138 3487 222 3554; x_wconf 85' lang='grc' dir='ltr'><strong><em>κατὰ</em></strong></span> <span class='ocrx_word' id='word_1_208' title='bbox 251 3486 291 3552; x_wconf 85' lang='grc' dir='ltr'><strong><em>τὸ</em></strong></span> <span class='ocrx_word' id='word_1_209' title='bbox 321 3487 486 3553; x_wconf 74' lang='grc' dir='ltr'><strong><em>ἰδιωτικὸν</em></strong></span> <span class='ocrx_word' id='word_1_210' title='bbox 521 3486 703 3572; x_wconf 74' lang='grc' dir='ltr'><strong><em>ἐγκειμένης</em></strong></span> <span class='ocrx_word' id='word_1_211' title='bbox 737 3489 795 3551; x_wconf 85' lang='grc' dir='ltr'><strong><em>τοῦ</em></strong></span> <span class='ocrx_word' id='word_1_212' title='bbox 829 3479 896 3550; x_wconf 76' lang='grc' dir='ltr'><strong><em>κατ’</em></strong></span> <span class='ocrx_word' id='word_1_213' title='bbox 932 3484 1041 3551; x_wconf 86' lang='grc' dir='ltr'><strong><em>είκόνα</em></strong></span> <span class='ocrx_word' id='word_1_214' title='bbox 1074 3480 1194 3568; x_wconf 59' lang='grc' dir='ltr'><strong><em>ὁμο-χχ</em></strong></span> 
     </span>
     <span class='ocr_line' id='line_1_28' title="bbox 139 3587 263 3671; baseline 0 -21"><span class='ocrx_word' id='word_1_215' title='bbox 139 3587 263 3671; x_wconf 85' lang='grc' dir='ltr'><strong><em>λογίας.</em></strong></span> 
     </span>
    </p>

    <p class='ocr_par' dir='ltr' id='par_1_8' title="bbox 114 3678 1196 4356">
     <span class='ocr_line' id='line_1_29' title="bbox 114 3678 1153 3766; baseline -0.01 -14"><span class='ocrx_word' id='word_1_216' title='bbox 114 3702 131 3752; x_wconf 84' lang='lat' dir='ltr'><strong>c</strong></span> <span class='ocrx_word' id='word_1_217' title='bbox 227 3691 276 3749; x_wconf 82' lang='lat'><strong><em>15.</em></strong></span> <span class='ocrx_word' id='word_1_218' title='bbox 321 3681 369 3747; x_wconf 89' lang='grc' dir='ltr'><strong><em>Τὸ</em></strong></span> <span class='ocrx_word' id='word_1_219' title='bbox 397 3684 432 3748; x_wconf 79' lang='grc' dir='ltr'><strong><em>δὲ</em></strong></span> <span class='ocrx_word' id='word_1_220' title='bbox 462 3681 644 3765; x_wconf 84' lang='grc' dir='ltr'><strong><em>δεινότερον</em></strong></span> <span class='ocrx_word' id='word_1_221' title='bbox 673 3679 808 3746; x_wconf 89' lang='grc' dir='ltr'><strong><em>πάντων</em></strong></span> <span class='ocrx_word' id='word_1_222' title='bbox 834 3680 890 3745; x_wconf 86' lang='grc' dir='ltr'><strong><em>καὶ</em></strong></span> <span class='ocrx_word' id='word_1_223' title='bbox 918 3678 1153 3766; x_wconf 81' lang='grc' dir='ltr'><strong><em>φοβερώτερον,</em></strong></span> 
     </span>
     <span class='ocr_line' id='line_1_30' title="bbox 138 3774 1155 3863; baseline -0.006 -17"><span class='ocrx_word' id='word_1_224' title='bbox 138 3774 193 3846; x_wconf 80' lang='grc' dir='ltr'><strong><em>ὅτι</em></strong></span> <span class='ocrx_word' id='word_1_225' title='bbox 215 3774 274 3845; x_wconf 82' lang='grc' dir='ltr'><strong><em>οδκ</em></strong></span> <span class='ocrx_word' id='word_1_226' title='bbox 297 3777 445 3862; x_wconf 75' lang='grc' dir='ltr'><strong><em>εὔχονται</em></strong></span> <span class='ocrx_word' id='word_1_227' title='bbox 466 3779 550 3862; x_wconf 87' lang='grc' dir='ltr'><strong><em>μετά</em></strong></span> <span class='ocrx_word' id='word_1_228' title='bbox 570 3803 668 3857; x_wconf 90' lang='grc' dir='ltr'><strong><em>τινος,</em></strong></span> <span class='ocrx_word' id='word_1_229' title='bbox 691 3775 751 3843; x_wconf 86' lang='grc' dir='ltr'><strong><em>κάν</em></strong></span> <span class='ocrx_word' id='word_1_230' title='bbox 771 3802 807 3844; x_wconf 89' lang='grc' dir='ltr'><strong><em>τε</em></strong></span> <span class='ocrx_word' id='word_1_231' title='bbox 828 3781 893 3842; x_wconf 82' lang='grc' dir='ltr'><strong><em>τῶν</em></strong></span> <span class='ocrx_word' id='word_1_232' title='bbox 909 3778 1050 3861; x_wconf 89' lang='grc' dir='ltr'><strong><em>δοκίμιον</em></strong></span> <span class='ocrx_word' id='word_1_233' title='bbox 1067 3777 1155 3863; x_wconf 83' lang='grc' dir='ltr'><strong><em>φανῇ</em></strong></span> 
     </span>
     <span class='ocr_line' id='line_1_31' title="bbox 137 3874 1155 3964; baseline -0.008 -20"><span class='ocrx_word' id='word_1_234' title='bbox 137 3880 194 3944; x_wconf 87' lang='grc' dir='ltr'><strong><em>καί</em></strong></span> <span class='ocrx_word' id='word_1_235' title='bbox 215 3877 317 3964; x_wconf 81' lang='grc' dir='ltr'><strong><em>μηδὲν</em></strong></span> <span class='ocrx_word' id='word_1_236' title='bbox 341 3877 387 3956; x_wconf 83' lang='grc' dir='ltr'><strong><em>εἰς</em></strong></span> <span class='ocrx_word' id='word_1_237' title='bbox 408 3878 623 3963; x_wconf 86' lang='grc' dir='ltr'><strong><em>κατηγόρησιν</em></strong></span> <span class='ocrx_word' id='word_1_238' title='bbox 646 3875 784 3958; x_wconf 78' lang='grc' dir='ltr'><strong><em>ἐχόντων</em></strong></span> <span class='ocrx_word' id='word_1_239' title='bbox 812 3874 894 3958; x_wconf 78' lang='grc' dir='ltr'><strong><em>μηδὲ</em></strong></span> <span class='ocrx_word' id='word_1_240' title='bbox 920 3880 1047 3959; x_wconf 78' lang='grc' dir='ltr'><strong><em>μέμψιν</em></strong></span> <span class='ocrx_word' id='word_1_241' title='bbox 1070 3896 1155 3956; x_wconf 61' lang='grc' dir='ltr'><strong><em>πορ4</em></strong></span> 
     </span>
     <span class='ocr_line' id='line_1_32' title="bbox 137 3966 1196 4063; baseline -0.009 -20"><span class='ocrx_word' id='word_1_242' title='bbox 137 3981 230 4053; x_wconf 79' lang='grc' dir='ltr'><strong><em>νείας</em></strong></span> <span class='ocrx_word' id='word_1_243' title='bbox 250 3969 273 4062; x_wconf 77' lang='grc' dir='ltr'><em>ἢ</em></span> <span class='ocrx_word' id='word_1_244' title='bbox 294 3981 450 4058; x_wconf 90' lang='grc' dir='ltr'><strong><em>μοιχείας,</em></strong></span> <span class='ocrx_word' id='word_1_245' title='bbox 473 3969 494 4063; x_wconf 81' lang='grc' dir='ltr'>ἢ</span> <span class='ocrx_word' id='word_1_246' title='bbox 517 3973 717 4051; x_wconf 84' lang='grc' dir='ltr'><strong><em>πλεονεξίας,</em></strong></span> <span class='ocrx_word' id='word_1_247' title='bbox 742 3966 811 4039; x_wconf 76' lang='grc' dir='ltr'><strong><em>ἀλλ’</em></strong></span> <span class='ocrx_word' id='word_1_248' title='bbox 836 3967 889 4037; x_wconf 78' lang='grc' dir='ltr'><strong><em>ὅτι</em></strong></span> <span class='ocrx_word' id='word_1_249' title='bbox 911 3967 929 4037; x_wconf 87' lang='grc' dir='ltr'><strong><em>δ</em></strong></span> <span class='ocrx_word' id='word_1_250' title='bbox 948 3973 1099 4047; x_wconf 85' lang='grc' dir='ltr'><strong><em>τοιοῦτος</em></strong></span> <span class='ocrx_word' id='word_1_251' title='bbox 1121 3968 1196 4035; x_wconf 56' lang='lat' dir='ltr'><strong><em>§rao</em></strong></span> 
     </span>
     <span class='ocr_line' id='line_1_33' title="bbox 136 4066 1155 4160; baseline -0.005 -23"><span class='ocrx_word' id='word_1_252' title='bbox 136 4075 179 4160; x_wconf 83' lang='grc' dir='ltr'><strong><em>τῇ</em></strong></span> <span class='ocrx_word' id='word_1_253' title='bbox 202 4072 356 4160; x_wconf 78' lang='grc' dir='ltr'><strong><em>ἐκκλησίᾳ</em></strong></span> <span class='ocrx_word' id='word_1_254' title='bbox 378 4071 561 4157; x_wconf 87' lang='grc' dir='ltr'><strong><em>συνάγεται.</em></strong></span> <span class='ocrx_word' id='word_1_255' title='bbox 591 4075 644 4136; x_wconf 85' lang='grc' dir='ltr'><strong><em>καί</em></strong></span> <span class='ocrx_word' id='word_1_256' title='bbox 666 4069 764 4135; x_wconf 80' lang='grc' dir='ltr'><strong><em>τοῦτό</em></strong></span> <span class='ocrx_word' id='word_1_257' title='bbox 788 4069 858 4135; x_wconf 72' lang='grc' dir='ltr'><strong><em>ἔστι</em></strong></span> <span class='ocrx_word' id='word_1_258' title='bbox 879 4069 918 4134; x_wconf 84' lang='grc' dir='ltr'><strong><em>τὸ</em></strong></span> <span class='ocrx_word' id='word_1_259' title='bbox 941 4066 1092 4156; x_wconf 82' lang='grc' dir='ltr'><strong><em>φοβερὸν,</em></strong></span> <span class='ocrx_word' id='word_1_260' title='bbox 1116 4066 1155 4133; x_wconf 87' lang='grc' dir='ltr'><strong><em>τὸ</em></strong></span> 
     </span>
     <span class='ocr_line' id='line_1_34' title="bbox 137 4162 1154 4256; baseline -0.008 -18"><span class='ocrx_word' id='word_1_261' title='bbox 137 4170 352 4256; x_wconf 84' lang='grc' dir='ltr'><strong><em>παραλλάξαι</em></strong></span> <span class='ocrx_word' id='word_1_262' title='bbox 385 4167 490 4254; x_wconf 82' lang='grc' dir='ltr'><strong><em>ὄνομα</em></strong></span> <span class='ocrx_word' id='word_1_263' title='bbox 517 4170 729 4256; x_wconf 81' lang='grc' dir='ltr'><strong><em>Χριστιανῶν</em></strong></span> <span class='ocrx_word' id='word_1_264' title='bbox 760 4170 819 4254; x_wconf 77' lang='grc' dir='ltr'><strong><em>τῆς</em></strong></span> <span class='ocrx_word' id='word_1_265' title='bbox 851 4162 945 4250; x_wconf 83' lang='grc' dir='ltr'><strong><em>ἁγίας</em></strong></span> <span class='ocrx_word' id='word_1_266' title='bbox 977 4165 1154 4252; x_wconf 74' lang='grc' dir='ltr'><strong><em>ἐκκλησίας,</em></strong></span> 
     </span>
     <span class='ocr_line' id='line_1_35' title="bbox 136 4258 1157 4356; baseline -0.004 -19"><span class='ocrx_word' id='word_1_267' title='bbox 136 4272 199 4356; x_wconf 80' lang='grc' dir='ltr'><strong><em>τῆς</em></strong></span> <span class='ocrx_word' id='word_1_268' title='bbox 225 4267 271 4355; x_wconf 79' lang='grc' dir='ltr'><strong><em>μὴ</em></strong></span> <span class='ocrx_word' id='word_1_269' title='bbox 300 4267 435 4356; x_wconf 69' lang='grc' dir='ltr'><strong><em>ἐχούσης</em></strong></span> <span class='ocrx_word' id='word_1_270' title='bbox 462 4266 622 4335; x_wconf 71' lang='grc' dir='ltr'><strong><em>ἐπίθετον</em></strong></span> <span class='ocrx_word' id='word_1_271' title='bbox 645 4263 766 4350; x_wconf 77' lang='grc' dir='ltr'><strong><em>ὄνομα,</em></strong></span> <span class='ocrx_word' id='word_1_272' title='bbox 804 4258 887 4331; x_wconf 86' lang='grc' dir='ltr'><strong><em>ἀλλὰ</em></strong></span> <span class='ocrx_word' id='word_1_273' title='bbox 917 4263 1019 4348; x_wconf 87' lang='grc' dir='ltr'><strong><em>μόνον</em></strong></span> <span class='ocrx_word' id='word_1_274' title='bbox 1052 4259 1157 4348; x_wconf 83' lang='grc' dir='ltr'><strong><em>ὄνομα</em></strong></span> 
     </span>
    </p>
   </div>
   <div class='ocr_carea' id='block_1_4' title="bbox 1048 4522 1279 4640">
    <p class='ocr_par' dir='ltr' id='par_1_9' title="bbox 1048 4522 1279 4640">
     <span class='ocr_line' id='line_1_36' title="bbox 1048 4522 1279 4640; baseline -0.004 -110"><span class='ocrx_word' id='word_1_275' title='bbox 1048 4522 1279 4640; x_wconf 59' lang='grc' dir='ltr'><strong><em>Α,</em></strong></span> 
     </span>
    </p>
   </div>
   <div class='ocr_carea' id='block_1_5' title="bbox 0 0 1438 5084">
    <p class='ocr_par' dir='ltr' id='par_1_10' title="bbox 0 0 1438 5084">
     <span class='ocr_line' id='line_1_37' title="bbox 0 0 1438 5084; baseline 0 0"><span class='ocrx_word' id='word_1_276' title='bbox 0 0 1438 5084; x_wconf 95' lang='lat' dir='ltr'><strong><em> </em></strong></span> 
     </span>
    </p>
   </div>
  </div>
 </body>
</html>
