2867 5084
290 971 354 1033 202
519 983 726 1033 επτψιυιον
742 983 838 1032 τοττι
856 984 1043 1034 mmm
1059 986 1089 1032 ο.

289 1132 529 1219 ὑποδεέστερος
551 1137 673 1221 νοηθῇ,
698 1129 845 1218 άχρόνως
867 1133 902 1200 έκ
924 1133 1051 1218 πατρὸς
1072 1141 1310 1221 γεγεννημένος.

290 1231 368 1300 οὔτε
395 1235 569 1319 προκοπῆς
599 1232 705 1313 έχεται
727 1232 766 1297 τὸ
789 1239 902 1311 θεῖον,
932 1231 988 1298 ἰ’να
1011 1227 1029 1297 δ
1051 1233 1111 1314 μὲν
1135 1232 1208 1311 υἱός
1231 1255 1312 1316 προ·

290 1330 401 1415 κόψας
428 1330 471 1416 μῆ
504 1330 637 1416 φθάσαι
665 1328 723 1413 τῆν
752 1333 811 1394 τοῦ
841 1328 970 1412 πατρὸς
990 1329 1240 1417 μεγαλειότητα.
1285 1329 1311 1395 τί

291 1427 352 1513 γάρ
374 1426 457 1493 κατὰ
480 1427 654 1513 προκοπὴν
682 1421 699 1490 ό
723 1425 794 1504 υίὸς
815 1431 874 1492 τοῦ
898 1430 981 1493 θεοῦ
1004 1426 1076 1504 υἱὸς
1097 1431 1182 1494 θεοῦ
1206 1429 1311 1493 καλεῖ·

266 1542 362 1603 εται,
392 1523 456 1608 ἀρα
485 1526 604 1589 πολλοὶ
633 1513 717 1609 ῆσαν
747 1525 817 1589 ἴσοι
845 1518 944 1610 αὐτῷ.
989 1525 1044 1590 καὶ
1066 1523 1186 1590 τούτου
1212 1526 1309 1592 ἕνεκεν

292 1619 392 1701 αὐτὸς
414 1629 585 1705 προέκοψε
599 1622 718 1704 μείζων
734 1624 793 1704 μὲν
808 1625 855 1706 τῷ
872 1617 1035 1702 ἀξιώματι
1050 1622 1197 1709 κληθεὶς,
1221 1621 1309 1689 έλάτ·

291 1745 357 1785 τιυν
381 1721 416 1785 δὲ
438 1723 497 1783 τοῦ
521 1718 587 1801 πρὸ
610 1714 710 1783 αὐτοῦ
734 1718 768 1784 έν
791 1714 955 1801 ἀξιώματι
978 1716 1057 1785 όντι.
1104 1714 1191 1785 ἀλλὰ
1213 1723 1327 1807 φησλνί
1361 1794 1362 1807 η

294 1813 443 1902 ῆγραφῆ
468 1821 537 1894 “τι’ς
561 1811 811 1899 όμοιωθέσεται
832 1820 879 1902 τῷ
902 1823 1003 1903 κυρίην
1026 1817 1059 1883 έν
1083 1817 1169 1895 υίοῖς
1193 1819 1307 1896 θεοῦ,·”

293 1908 339 1991 ιός
367 1916 433 1978 τῶν
461 1913 596 1978 πάντων
622 1916 887 1998 καταχρηστικῶς
909 1916 1106 1998 λεγομένων,
1136 1914 1256 1981 τούτου
1276 1915 1307 1979 δὲ

257 2009 395 2094 ιομόνου
412 2009 507 2088 ὄντος
523 2011 594 2077 υἱοῦ
610 2009 692 2075 κατὰ
708 2011 820 2096 φύσιν,
844 2014 897 2076 καὶ
915 2006 952 2076 οὗ
969 2009 1050 2077 κατά
1063 2010 1176 2095 χάριν·
1201 2013 1306 2079 “Kna-

295 2105 398 2195 δήπερ
422 2108 539 2196 ἐφεῦρε
561 2110 674 2174 πᾶσαν
698 2103 777 2174 ὁδὸν
800 2108 993 2195 ἐπιστήμης,
1016 2112 1070 2174 καὶ
1094 2103 1205 2189 οόδελς
1225 2105 1305 2193 αὐτῷ

294 2205 562 2292 έξισωθῆσεται”.
608 2199 692 2270 ἀλλὰ
716 2212 750 2270 τί
772 2230 876 2292 φασιν
884 2235 895 2287 ,·
924 2207 958 2273 έν
982 2202 1141 2291 όψιόματι
1163 2201 1305 2292 ὑπερέχει

293 2299 444 2390 όπατῆρ
474 2307 533 2369 τοῦ
555 2303 637 2368 υἱοῦ.
684 2301 718 2368 ἐν
741 2310 830 2389 ποίην
852 2311 962 2370 τοίνυν
984 2309 1078 2388 μέρει
1099 2303 1253 2372 τάττεται
1272 2300 1303 2368 τό

293 2407 409 2483 θεῖον,·
438 2397 458 2488 ῆ
480 2405 627 2478 τοπικῶς
654 2401 896 2483 περιορίζεται,·
925 2402 980 2468 ἵνα
1002 2405 1041 2487 τῇ
1063 2405 1253 2489 περιγραᾳςῆ
1271 2397 1302 2464 τό

258 2500 406 2583 ιομεῖζον
430 2501 566 2584 οημανῆ.
605 2501 736 2580 πνεῦμα
758 2497 818 2583 γὰρ
843 2493 861 2562 ό
884 2499 973 2577 θεός.
1011 2502 1067 2565 καὶ
1089 2498 1125 2564 έκ
1147 2494 1302 2580 πανταχό-

294 2602 356 2663 θεν
388 2598 565 2660 διαπίπτει
593 2590 611 2681 ῆ
641 2590 749 2660 αὐτῶν
779 2595 1011 2682 έπινενοημένη
1036 2596 1215 2681 ξενολογία.
1257 2594 1320 2660 καλε

294 2697 392 2758 τοῦτο
422 2694 458 2756 δὲ
487 2692 714 2776 παρελθόντες
743 2692 798 2759 ἐπὶ
822 2693 881 2771 τὰς
903 2694 977 2778 ἑξῆς
999 2687 1107 2759 αὐτῶν
1129 2694 1234 2774 λέξεις
1254 2692 1303 2760 fw-

294 2815 364 2872 μεν,
388 2779 414 2854 ὦ
438 2783 612 2873 ἀγαπητοί.

381 2894 431 2952 54.
464 2890 546 2972 φασί
569 2887 629 2971 γὰρ
653 2882 706 2951 ὅτι
728 2883 786 2951 οὐκ
808 2887 897 2954 έστιν
921 2883 938 2951 ό
959 2884 1176 2955 ἀποστέλλων
1200 2885 1304 2972 ὅμοιος

253 2987 342 3069 νοτῴ
371 2978 661 3070 ἀποστελλομένη,
693 2978 778 3049 ἀλλὰ
806 2982 905 3062 ἀλλος
932 2985 1022 3051 ἐστὶν
1051 2980 1069 3049 ό
1098 2980 1304 3052 ἀποστέλλω

293 3085 334 3169 τῆ
363 3081 500 3165 δυνάμει
528 3086 582 3148 καὶ
612 3079 711 3158 ἀλλος
734 3080 823 3147 ἐστὶν
846 3076 865 3145 ό
888 3077 1191 3166 ἀποστελλόμενος,
1222 3074 1307 3149 ’ότιό

294 3182 353 3264 μέν
377 3186 519 3262 πέμπει,
544 3175 562 3243 ό
587 3179 622 3244 δέ
644 3184 823 3260 πέμπεται.
869 3183 922 3245 καί
947 3180 976 3247 εἰ
998 3175 1065 3246 κατ’
1091 3176 1214 3260 αὐτοὺς
1234 3168 1307 3268 ῆνῆ

294 3282 353 3363 τῆς
381 3274 544 3365 ἀληθείας
573 3275 720 3354 διάνοια,
751 3270 859 3342 οὐκέτι
887 3276 944 3342 έπλ
972 3284 1052 3361 μίαν
1074 3277 1216 3364 ἑνότητα
1237 3272 1313 3364 ἀλη-

295 3380 408 3452 θείας,
440 3375 494 3440 καὶ
522 3373 691 3454 δυνάμεως
715 3377 769 3438 καὶ
793 3373 953 3457 θεότητος
976 3369 1153 3462 ἀνεφέρετο
1177 3371 1198 3462 ῆ
1223 3379 1314 3443 πᾶσα

254 3474 352 3556 ’ίίντῆς
379 3471 531 3557 γνώσεως
559 3466 734 3549 ἀπόθεσις.
782 3470 840 3536 δόο
868 3470 929 3556 γάρ
958 3467 1185 3538 ἀπαντώντων
1216 3468 1236 3559 ῆ
1259 3472 1315 3541 δόο

295 3568 506 3651 πεμπόντων,
531 3562 639 3634 οὐκέτι
662 3567 733 3646 υἱός
756 3563 773 3632 ό
797 3567 867 3647 υἱὸς
890 3558 937 3647 έν,
965 3565 1032 3635 ἀλλ’
1058 3565 1216 3656 ἀδελφὸς,
1240 3591 1362 3641 avr-⁰¹

295 3666 442 3752 αδέλφου
465 3666 634 3744 συνόντος,
665 3660 773 3732 οδκέτι
796 3666 881 3745 υἱὸς,
907 3663 991 3732 ἀλλὰ
1012 3662 1034 3755 ῆ
1054 3665 1138 3733 κατὰ
1158 3669 1320 3736 συναλοι-

295 3764 371 3851 φῆν,
396 3757 415 3849 ῆ
437 3763 519 3828 κατὰ
541 3764 725 3841 υἱοθεσίαν,
749 3757 884 3849 ῆαότὸς
900 3763 1016 3830 ἑαυτὸν
1031 3767 1069 3851 ῆν
1086 3759 1320 3847 ἀποστέλλων,

296 3856 315 3948 ῆ
345 3862 378 3927 οἱ
406 3860 464 3926 δάο
494 3858 563 3944 άμα
591 3855 868 3939 ἀποστέλλοντες,
899 3856 919 3946 ῆ
947 3861 1227 3947 παραγινόμενοι,
1261 3865 1322 3933 δόο
1361 3876 1362 3883 ’

253 3959 459 4045 θθθεότητας
487 3957 667 4043 έσῆμαναν,
696 3963 750 4024 καὶ
780 3953 850 4039 οάχλ
873 3966 953 4040 μίαν
976 3959 1121 4046 ἑνότητα.
1166 3959 1324 4030 ἐνταῦθα
1356 3970 1362 4015 -“

294 4047 352 4122 οὖν
375 4052 393 4121 ό
416 4051 618 4134 ἀποστείλας
640 4058 695 4121 καλ
717 4051 1046 4140 όάποστελλόμενος,
1070 4058 1127 4124 ἰ’να
1142 4059 1237 4148 δείξῃ
1253 4064 1324 4131 τῶν

295 4151 429 4220 πόντιον
458 4148 595 4239 ἀγαθῶν
622 4160 702 4238 μίαν
733 4147 818 4219 εἶναι
845 4152 903 4239 τῆν
932 4155 1053 4242 πηγῆν,
1083 4162 1241 4224 τουτέστι
1264 4159 1325 4227 τὸν
1360 4142 1362 4195 ¹

294 4255 433 4332 πατέρα,
460 4253 603 4338 καθεξῆς
625 4252 661 4317 δὲ
683 4251 741 4336 τῆς
763 4252 869 4336 πηγῆς
892 4248 949 4335 οὐχ
971 4252 1201 4338 ἑτερωνύμιυς,
1235 4249 1325 4329 ἀλλὰ

543 4506 740 4654 Α
