2867 5084
305 915 342 979 12
526 930 731 981 εσιυιυισυ
750 931 842 979 ma
860 931 1045 981 Αινευκεισ
1060 931 1091 979 υ.

299 1071 430 1145 εὐδοκία
452 1079 644 1164 ἔμπροσθέν
667 1103 738 1147 σου.
768 1079 878 1156 πάντα
898 1104 958 1163 μοι
978 1074 1185 1165 παρεδόθη“
1169 1076 1237 1144 υπό
1252 1079 1341 1145 τοῦυ

299 1176 427 1261 πατρός
454 1203 533 1262 μου,
562 1181 615 1245 καλ
639 1172 747 1256 οόδελς
769 1173 893 1245 οἶδε
859 1200 917 1242 τον
941 1174 1011 1242 υἱὸν
1033 1174 1121 1242 εί
1082 1202 1126 1263 μη
1151 1171 1168 1241 6
1191 1172 1312 1296 πατηη,

298 1277 352 1340 καὶ
380 1273 437 1340 τόν
465 1281 593 1359 πατέρα
623 1271 771 1352 ου’·δελς’
754 1300 834 1359 εγνω
857 1271 945 1358 εἶτ’
906 1300 950 1361 μη
975 1271 993 1339 6
1015 1273 1101 1353 υἱός,
1129 1275 1182 1339 καλ
1207 1261 1235 1357 ὦ
1258 1271 1314 1339 ἐάν

299 1364 318 1433 6
335 1370 405 1450 υἱός
420 1368 631 1459 ἀποκαλύψῃ.
664 1370 932 1455 ἀπεκάλυψας
896 1396 958 1456 γαρ
974 1377 1115 1458 νηπίοις,
1131 1371 1184 1437 καὶ
1203 1367 1313 1435 πάντα

274 1481 357 1548 ὅριοι
385 1470 559 1556 παρεδόθη
588 1464 655 1535 όπό
683 1471 742 1535 τοῦ
770 1468 897 1552 πατρός
921 1492 1001 1552 μου,
1030 1468 1086 1534 ἵνα
1108 1463 1231 1554 ἕκκόψη
1254 1462 1313 1551 τὴν

298 1563 423 1632 τούτων
446 1565 696 1652 ε’·πινενοημένην
720 1567 929 1647 ξενολεξίαν”.

385 1670 413 1728 7.
441 1658 527 1729 Ἀλλ’
553 1660 614 1749 ὅρα
641 1663 698 1728 τόν
728 1659 778 1732 ἀεὶ
802 1658 1086 1748 άντιπολεμοῦντα
1106 1664 1146 1748 τῇ
1168 1663 1235 1727 τῶν
1258 1654 1313 1727 άν-

299 1757 448 1842 θρώπων
482 1760 580 1877 φύσει
614 1760 852 1845 διάβολον,τί
883 1761 917 1827 ἐν
950 1755 1064 1839 αὐτοῖς
1097 1757 1312 1845 ἔνεκίσσησεν,

298 1851 412 1941 ὥσπερ
435 1852 504 1923 άπὸ
526 1859 716 1946 διαβολικης
729 1857 913 1979 ἐνεργείας
917 1880 975 1923 του
960 1859 1104 1942 λέγειν.
1136 1854 1288 1943 δῆθεν
1254 1880 1313 1941 γαρ

263 1945 543 2039 Ιοάπολογοόνται
571 1954 656 2039 πρὸς
683 1959 787 2021 ταῦτα
815 1956 848 2021 οἱ
875 1958 932 2041 της
952 1958 1018 2020 τῶν
1037 1949 1202 2020 Ἰουδαίων
1226 1954 1314 2035 αλρέ·

299 2072 383 2129 σειυς
404 2047 575 2135 ὑπηρέται,
598 2049 682 2137 ὑπὲρ
705 2052 822 2119 τοότου
845 2051 1074 2134 αἰσχυνόμενοι
1095 2048 1206 2116 διά
1173 2076 1231 2136 την
1248 2051 1354 2116 aaran

299 2154 404 2214 θείων
434 2145 627 2235 εὐαγγελίων
657 2154 747 2238 σαφῆ
776 2146 969 2264 ιφηγησεως
999 2148 1277 2229 διδασκαλίαν,”
1261 2173 1314 2215 ενα

297 2243 342 2331 μὴ
366 2239 505 2333 ὀφθῶσι
526 2243 762 2315 παλαιότατα
744 2245 1020 2363 αντιπράττσντες
1041 2248 1080 2332 τῇ
1102 2248 1161 2312 τοῦ
1184 2239 1315 2363 εόαγγε-

299 2343 371 2409 λίου
395 2340 537 2432 άληθινῖγ
559 2344 687 2430 γνώσει.
727 2345 893 2434 φάσκουσι
913 2343 973 2430 γάρ
998 2339 1051 2409 ὅτι
1073 2340 1256 2427 άνθρωπος
1277 2330 1317 2429 ἦν

262 2435 331 2507 156
338 2437 467 2525 Ἰησοῦς,
490 2443 581 2507 κάλ’
567 2468 600 2507 εν
624 2438 712 2529 αὐτῷ
736 2444 927 2510 ἐνέπνευσεν
943 2439 1075 2508 άνωθεν
1090 2465 1108 2505 ο
1097 2436 1230 2525 ίλόγος.
1260 2440 1316 2507 καὶ

253 2589 257 2597 .
297 2542 401 2602 ταῦτα
430 2542 506 2623 περὶ
535 2539 652 2605 ἑαυτοῦ
682 2536 700 2604 6
729 2537 913 2655 άνθρφπος
941 2542 1035 2624 λέγει.
1080 2532 1098 2602 ό
1121 2537 1231 2652 πατηρ
1254 2536 1316 2623 γὰρ

298 2628 368 2716 όμα
389 2637 435 2719 τῶ
459 2637 519 2721 υιιῖι
543 2629 590 2714 εἷς
611 2634 700 2714 θεὸς,
725 2660 743 2700 ο
731 2631 795 2702 δε
811 2633 994 2719 άνθρωπος
1007 2635 1157 2703 κάτωθεν
1173 2633 1211 2700 τό
1228 2635 1318 2702 ιδιον

297 2728 426 2812 πρόσω
422 2755 483 2796 τον
500 2693 694 2830 ιὑποφαίνει.
726 2729 827 2797 καίἶ
796 2729 900 2811 οότως
914 2760 956 2799 τα
943 2732 1030 2799 δόο
1046 2730 1215 2817 πρόσωπα
1230 2733 1319 2850 naq}

298 2831 441 2911 ροῦνται.
487 2833 560 2907 πῶς
591 2831 648 2895 οὖν
676 2826 859 2914 ἅνθρωπος
886 2829 969 2909 θεὸς
999 2829 1135 2896 δύναται
1157 2824 1317 2908 elnam}

259 2923 433 2991 2⁰66vcwv
462 2919 654 3010 ἀνθρώπων
683 2921 835 3011 ἀβέλτερε
863 2922 958 2994 κάλ’
940 2925 1010 2993 από
1032 2929 1091 2992 τοῦ
1114 2926 1316 3010 ἐπουρανίου

298 3022 509 3108 φρονήματος
530 3022 587 3090 τόν
611 3027 687 3090 νοῦν
710 3021 979 3109 άπεοτραμμένες
1002 3026 1076 3103 πῶς
1098 3023 1234 3089 δόναται
1257 3018 1347 3091 (ἵν-Β

297 3126 440 3204 θρωπος
462 3115 545 3187 εἶναι
571 3121 670 3201 ψιλὸς
690 3121 774 3188 κατά
796 3124 834 3189 σὲ
857 3118 874 3188 6
897 3124 997 3207 λέγων
1022 3117 1060 3186 “ό
1083 3120 1235 3205 ἑωρακώς
1259 3120 1318 3205 ἐμὲ

298 3217 421 3302 ἑώρακε
443 3218 500 3284 τόν
523 3223 688 3305 πατέρα,·”
713 3221 742 3287 εἰ
763 3219 824 3305 γάρ
849 3216 866 3284 6
889 3217 1072 3304 ἅνθρωπος
1096 3214 1142 3296 ὡς
1159 3213 1176 3283 ό
1194 3217 1315 3305 πατὴρ,

210 3370 219 3387 .
299 3311 393 3381 οόδὲν
416 3316 604 3383 διαλλάττει
629 3313 647 3381 ό
669 3317 779 3404 πατὴρ
802 3320 859 3383 τοῦ
879 3313 1079 3402 ἀνθρώπου·
1103 3317 1131 3383 εἰ
1147 3318 1183 3383 δὲ
1200 3310 1216 3381 6
1234 3314 1319 3395 θεὸς

259 3412 403 3498 θελόγος,
427 3409 445 3479 6
468 3414 730 3503 ἐνανθριυπησας
753 3416 786 3483 ἐν
808 3414 1005 3499 τελειότητι,
1029 3416 1153 3493 τέλειος
1175 3408 1221 3479 άλν
1243 3413 1318 3481 ἔστι

297 3511 381 3589 θεός
411 3509 543 3579 όνωθεν
571 3510 640 3580 άπὸ
668 3514 796 3598 πατρὸς
823 3518 1065 3600 γεγεννημένος,
1098 3514 1233 3590 δικαίως
1261 3514 1316 3579 καὶ

215 3646 217 3650 ·
299 3613 417 3695 σαφῶς
446 3617 628 3697 φθέγγεται
655 3615 732 3697 περὶ
761 3612 877 3680 ἑαυτοῦ
906 3613 1007 3698 λέγων
1036 3606 1089 3677 ότι
1118 3606 1135 3677 6
1163 3608 1319 3693 ἑωρακὼς

299 3708 355 3793 ἐμὲ
377 3706 499 3792 ἑώρακε
521 3708 577 3774 τὸν
600 3715 738 3794 πατέρα,
763 3706 807 3790 65·
829 3715 881 3777 καὶ
906 3711 938 3783 οἱ
958 3705 1110 3777 Ἰουδαῖοί
1131 3731 1215 3796 φασι
1237 3708 1332 3791 περὶ.

298 3801 409 3874 αότοό.
440 3800 498 3871 “οό
519 3804 622 3890 μόνον
643 3806 723 3893 γάρ”
746 3811 847 3896 φησὶν
870 3807 1023 3895 “ἐ·ζήτουν
1046 3803 1240 3875 ἀποκτεῖναι
1257 3800 1299 3871 ai»

259 3904 371 3984 σστὸν,
402 3900 455 3969 ότι
476 3907 578 3971 ταῦτα
600 3904 724 3985 ε’ποίει,
755 3900 823 3971 ἀλλ’
848 3901 902 3971 ότι
923 3908 976 3972 καὶ
1000 3904 1070 3972 υἱόν
1093 3906 1176 3971 θεοῦ
1199 3901 1316 3971 ἑαυτὸν

299 4002 414 4087 ἔλεγεν,
439 4001 512 4067 ἰ’σον
533 4007 606 4087 θεῷ
627 4001 744 4069 ἑαυτὸν
767 4000 927 4089 φάσκων”.
958 4001 997 4071 τό
1010 3999 1071 4087 γὰρ
1088 4000 1195 4068 εἰπεῖν
1210 3999 1313 4069 πόλιν

298 4093 338 4162 “ό
361 4096 513 4183 ἑωρακὼς
535 4099 591 4182 ἐμὲ
613 4099 736 4183 ἑώρακε
757 4099 814 4167 τόν
837 4104 980 4187 πατίρα”
1002 4098 1058 4166 τόν
1080 4103 1211 4182 πατέρα
1232 4097 1314 4165 θεὸν

298 4192 372 4259 ἴσον
394 4196 513 4263 ἑαυτοῦ
535 4195 664 4285 φάσκει.
695 4194 754 4265 οόκ
775 4195 958 4284 ἄνθρωπος
978 4197 1015 4265 δέ
1037 4195 1126 4263 ἐστιν
1143 4195 1216 4275 λὀος
1233 4198 1314 4282 θεῷ,
