2867 5084
1175 548 1177 557 ι

477 1025 570 1077 Lm.
589 1027 858 1079 κνετσκιαττιι.
1111 1018 1171 1083 231

152 1174 320 1256 δεύουσας
343 1176 387 1262 μὴ
409 1183 547 1262 γένοιτο.
579 1172 647 1243 ἀλλ’
673 1172 717 1254 ὡς
741 1172 797 1243 ἀπ’
823 1175 921 1263 ἀρχῆς
944 1179 1092 1263 ε’ίπσμεν,
1118 1179 1175 1246 διὰ

150 1275 190 1340 τὸ
220 1273 470 1358 προσληπτικὸν
499 1277 557 1358 τῆς
580 1273 882 1360 ε’νανθρωπησεως,
911 1274 953 1341 τὰ
975 1275 1087 1343 πάντα
1110 1276 1176 1359 ἔχει

150 1375 210 1457 τῆς
234 1366 369 1454 εύλόγου
392 1366 604 1449 ἀκολουθίας.
645 1371 674 1438 εἰ
695 1369 757 1455 γάρ
781 1373 994 1456 παραδίδωσι
1015 1372 1054 1439 τὸ
1076 1379 1175 1459 βασί-

152 1469 242 1536 λειον
264 1467 379 1554 χρόνῳ,
404 1467 468 1552 άρα
491 1472 546 1534 νῦν
570 1463 645 1534 οὐδὲ
667 1468 853 1553 βασιλεύει·
884 1468 913 1535 εί
936 1470 971 1535 δὲ
995 1467 1090 1536 ούπω
1112 1477 1174 1553 βα·

105 1564 294 1643 ὀσιλεύει,
325 1568 398 1643 πῶς
427 1561 610 1650 εὑρίσκεται
632 1565 920 1648 προσκυνούμενος
942 1562 993 1633 άεὶ
1018 1562 1085 1631 άπὸ
1107 1568 1197 1634 τῶνε

152 1658 299 1750 άγγίλων
321 1665 373 1728 καὶ
398 1657 602 1748 δρχαγγέλων
625 1661 692 1746 πρὸ
715 1666 773 1747 τῆς
796 1661 952 1744 ίνσάρκου
976 1670 1172 1747 παρουσίας,

151 1763 206 1827 καί
230 1760 264 1826 ἐν
286 1762 325 1846 τῇ
354 1759 499 1846 ἒνσάρκηι
530 1765 715 1846 παρουσίᾳ,
746 1757 791 1838 ιῦς
814 1756 832 1847 9
854 1759 964 1848 γραφη
988 1762 1074 1846 λέγει
1096 1758 1176 1843 περὶ

152 1852 255 1924 αὐτοῦ
279 1852 332 1922 ότι
356 1853 455 1923 ’όταν
480 1855 633 1976 εἰσαγάγῃ
657 1856 714 1922 τὸν
738 1857 950 1971 πρωτότοκον
975 1858 1021 1935 εἰς
1043 1856 1101 1943 τὴν
1125 1856 1175 1922 σι’-

151 1961 322 2040 κοομίνην,
346 1956 494 2040 λέγουσα,
518 1958 571 2020 καὶ
595 1953 920 2041 προσκυνησάτωσαν
947 1950 1035 2041 αδτιῦ
1053 1954 1175 2033 πάντες

153 2050 286 2173 ἄγγελοι
308 2054 417 2118 θεοῡλ
451 2054 504 2118 καὶ
528 2050 662 2118 πάλιν·
667 2050 869 2118 ἒκάδισεν’
856 2078 889 2117 εν
913 2053 1003 2139 δεξιᾷ
1025 2055 1083 2117 τοῦ
1107 2077 1174 2117 πα·
1158 2067 1213 2118 -10
1289 2055 1296 2067 '

151 2150 252 2233 τρὸς,’
255 2152 346 2214 καί
368 2164 500 2266 φησιν·
504 2143 603 2235 πότην
626 2147 754 2232 κάμψει
776 2152 844 2215 πᾶν
866 2148 944 2232 γόνυ
967 2149 1175 2232 ἐπουρανίων

152 2250 206 2313 καί
232 2246 387 2330 ἐπιγείων
409 2249 463 2313 καὶ
484 2183 743 2330 uara99ovae‘wv”.
776 2244 840 2328 ἄρα
864 2235 920 2310 οὖν
938 2241 1142 2329 βασιλεύει’
1124 2247 1177 2312 αεὶ

152 2342 170 2410 9
200 2339 269 2409 ύτιό
299 2342 433 2411 πάντων
463 2345 759 2461 προσκυνούμενος.
805 2349 838 2408 τί
866 2331 923 2407 οὖν
952 2344 1090 2425 εἰπομεν
1117 2343 1175 2406 τοῦ

124 2442 228 2508 ὓυιού
252 2435 303 2507 ἀεὶ
324 2437 612 2523 βασιλεύοντος,
594 2441 663 2508 απὸ
686 2444 752 2506 τῶν
776 2434 937 2505 άνίκαδεν
959 2465 1014 2504 και
1037 2443 1093 2505 νῦν
1121 2436 1176 2504 καί

151 2539 200 2618 εἰς
223 2538 262 2603 τὸ
285 2537 415 2624 {599²
402 2542 473 2607 επεὶ
496 2542 651 2702 μηδέπω.
659 2535 886 2622 παρέδωκε
853 2562 911 2652 την
933 2537 1105 2620 βασιλείαν
1128 2561 1174 2622 τω
1188 2552 1214 2602 15

152 2643 277 2721 πατρί,
290 2638 365 2758 βρα
388 2635 478 2714 ε’κτός
501 2635 572 2702 ἔστι
592 2639 651 2702 τοῦ
673 2634 862 2721 βασιλεύειν
877 2628 895 2698 ό
911 2632 1039 2720 πατήρ,·
1062 2632 1106 2718 μη
1112 2638 1176 2749 γέ-

151 2758 256 2800 νοιτο.
288 2736 358 2799 εστι
380 2733 444 2817 γάρ
468 2730 537 2816 ἅμα
489 2759 657 2819 γπατρι
649 2729 873 2818 βασιλεύων,
897 2733 984 2796 καί,
975 2730 1084 2817 πατὴρ
1108 2726 1177 2811 ἅμα

152 2831 216 2917 υἱῷ
247 2829 301 2896 καί
324 2825 407 2915 ἁγίῳ
430 2831 603 2914 πνεύματι.
651 2824 735 2896 ἀλλά
757 2837 791 2896 τί
814 2831 963 2914 λέγουσιν
987 2823 1087 2894 ’όταν
1110 2853 1177 2892 πα-

153 2929 245 3014 ραδῷ
273 2926 313 2993 τὸ
339 2929 509 3010 βασίλειον
538 2930 585 3013 τῷ
615 2930 686 3014 θεῷ
715 2927 771 2993 καὶ
794 2929 930 3010 πατρί,”
952 2925 1096 2992 παύεται
1119 2917 1178 2989 αύ-

152 3026 213 3104 τὸς
234 3028 292 3090 τοῦ
313 3023 521 3109 βασιλεύειν,·
543 3025 587 3112 μη
610 3031 748 3111 γίνοιτο.
796 3023 870 3090 ἐπεὶ
894 3026 968 3101 πιῦς
991 3025 1217 3106 πληροῦταιίο

153 3123 196 3188 τὸ
220 3121 299 3187 “zai
326 3124 384 3208 τῆς
410 3124 582 3205 βασιλείας
611 3118 710 3188 αὐτοῦ
741 3115 797 3186 οδκ
826 3122 919 3186 ἔσται
946 3121 1074 3201 τίλδς,·”
1105 3115 1174 3185 ἀλλ’

155 3220 215 3286 ἵνα
236 3218 321 3306 δείξῃ
345 3215 397 3284 ότι
420 3214 515 3286 οὐδὲν
537 3220 571 3286 ἐν
593 3223 639 3305 τῷ
663 3220 724 3304 υἱῷ
746 3216 975 3304 πεπλήρωται,
999 3213 1076 3282 οὐδὲ
1092 3217 1178 3300 πλη-

153 3319 273 3401 ροῦται
295 3312 477 3405 ἇφηνιάζον
499 3320 553 3384 καί
577 3317 702 3397 ἰδιάζον
726 3320 784 3402 τῆς
799 3318 857 3381 τοῦ
874 3313 1002 3396 πατρὸς
1017 3312 1176 3390 ἑνώσεως,

93 3418 210 3483 smmi
240 3413 312 3493 ἑνὸς
339 3413 528 3499 θελήματος
557 3412 684 3498 πατρὸς
710 3413 765 3479 καὶ
787 3413 860 3478 υἱοῦ
882 3410 937 3478 καὶ
960 3406 1054 3498 ἆγίου
1078 3406 1178 3476 πνεύ-

153 3535 268 3597 ματος.
315 3506 441 3596 δρῶμεν
471 3511 532 3596 γὰρ
560 3514 615 3576 καί
644 3511 792 3578 ἐνταῦθα
822 3505 866 3588 ὡς
892 3512 968 3594 περὶ
994 3503 1094 3573 αὐτοῦ
1117 3507 1216 3579 τούε5

153 3611 229 3677 υἱοῦ
259 3609 426 3695 εἰρημένον
455 3604 508 3675 ὅτι
531 3605 631 3674 “ὅταν
653 3608 830 3693 παραδιδῷ
853 3606 911 3693 την
932 3607 1106 3689 βασιλείαν
1129 3606 1176 3689 τῷ

153 3709 228 3794 θεῷ
250 3709 305 3772 καί
328 3711 441 3789 πατρὶ,
475 3701 554 3772 ὅταν
576 3705 762 3825 καταργήσῃ
787 3709 899 3787 πᾶσαν
923 3700 1022 3790 άρχίην
1051 3704 1104 3768 καὶ
1126 3702 1178 3782 ἐξ·

152 3811 274 3872 ουσίαν
295 3801 351 3870 καὶ
373 3803 539 3920 δύναμιν,”
562 3799 606 3907 ιδς
629 3799 810 3870 αὐτοῦτοῦ
833 3802 906 3867 υἱοῦ
930 3798 1177 3886 παραδιδόντος

150 3901 214 3989 τὴν
225 3901 398 3986 βασιλείαν
410 3901 466 3968 καὶ
475 3902 714 3987 καταργοῦντος
726 3904 840 3966 πᾶσαν
856 3894 964 3985 ἀρχὴν,
973 3899 1026 3963 καὶ
1040 3922 1081 3961 τα
1068 3895 1174 4011 εξης.

148 4002 207 4067 καί
231 3996 271 4064 τὸ
294 3993 427 4065 “δεῖ’
389 3997 488 4065 αυτὸν
508 3994 741 4083 βασιλεύειν’
711 4022 812 4121 αγρις
831 4021 868 4061 ου
856 3986 932 4081 θῇ
948 3994 1078 4071 πάντας
1100 3991 1217 4071 τοδςδο

149 4091 337 4183 ἐχθρούςτ
320 4092 387 4161 υπὸ
409 4095 486 4175 τοὺς
501 4096 610 4174 πόδας
625 4092 754 4172 αύτού,”
777 4118 822 4172 ως
840 4095 898 4158 τοῦ
921 4093 993 4157 υιοῦ
1008 4088 1050 4156 τὰ
1065 4089 1177 4157 πάντα

147 4195 335 4271 ποιοῦντος
344 4194 397 4260 καὶ
409 4187 715 4272 αύθεντοῦντοςκαὶ
726 4188 973 4271 δξουσιάζοντος
985 4186 1040 4253 καὶ
1055 4190 1102 4272 τῷ
1111 4212 1178 4254 πα-

114 4294 204 4379 οτρί
220 4289 468 4377 παραδιδόντος
481 4289 541 4358 σύν
553 4293 593 4379 τῇ
607 4290 763 4377 βασιλείᾳ
779 4285 858 4367 τοὺς
873 4280 1177 4370 ύποταοσομένους.
