2867 5084
294 933 353 995 1⁴2
519 943 722 992 συιυκυιον
740 941 835 991 xm
853 942 1036 990 κινυκεειν
1056 944 1086 990 ε.

383 1104 427 1160 ΙΙ.
464 1094 574 1158 Πάλιν
607 1094 642 1159 δὲ
675 1091 923 1173 συνεσκευάσθη
959 1091 1044 1174 πρὸς
1078 1090 1313 1157 Κωνστάντιον

292 1189 362 1260 ἀπὸ
392 1196 457 1257 τῶν
481 1195 556 1274 περὶ
581 1197 765 1276 Στέφανον,
795 1189 849 1255 καὶ
874 1189 1010 1279 ίξειόθη,
1057 1191 1109 1253 καλ
1132 1194 1313 1270 μετέπειτα

292 1290 395 1356 πάλιν
418 1287 664 1373 συνεσκευάσθη
687 1282 757 1353 ἀπὸ
779 1290 846 1351 τῶν
869 1287 947 1370 περὶ
963 1286 1128 1352 Λεόντιον
1151 1285 1209 1351 τὸν
1226 1282 1314 1351 ἀπό-

292 1411 397 1453 κοπον
424 1388 476 1451 καὶ
507 1384 583 1463 τούς
613 1381 681 1466 ἀμα
705 1381 827 1461 αύτοῖς.
873 1385 970 1450 ἔνθεν
993 1384 1116 1467 ίγίνετο
1138 1378 1241 1447 αύτὸν
1265 1383 1315 1449 έκ-

267 1484 488 1569 δβάλλεσθαι,
512 1487 563 1548 καί
589 1482 692 1548 πάλιν
715 1483 944 1566 εἰσφέρεσθαι.
975 1487 1005 1544 Γ
1003 1480 1139 1564 εώρχιος
1160 1479 1222 1564 χάρ
1247 1475 1314 1545 ἀπὸ

292 1587 526 1648 Κωνσταντίοο
549 1575 806 1655 ἀποστέλλεται,
831 1582 882 1643 καί
909 1575 1075 1662 ἀποχωρεῖ
1093 1572 1312 1656 Ἀθανάσιος,

291 1682 421 1763 κρυβελς
441 1678 557 1760 χρόνον
578 1676 667 1755 τινὰ,
698 1679 760 1754 ἕως
783 1672 838 1742 ὅτε
861 1673 879 1740 ό
906 1683 933 1740 Γ
932 1677 1067 1759 εεύργιος
1089 1669 1257 1760 ἀνῃρέθη,
1282 1673 1314 1739 έν

293 1767 320 1860 ᾧ
347 1774 451 1860 χρόνῳ
480 1774 688 1857 ἐβασίλευσεν
714 1770 903 1852 Ἰουλιανὸς,
938 1778 990 1839 καί
1025 1773 1072 1851 εἷς
1100 1769 1314 1857 Ἑλληνισμὸν

293 1871 419 1955 ἐτράπη
441 1871 525 1951 μετὰ
546 1870 603 1956 τὴν
625 1871 777 1956 τελευτὴν
803 1877 1043 1937 Κωνσταντίου.
1070 1866 1338 1954 Ἀλεξανδρέωνε

256 1968 354 2053 ιοχάρ
375 1971 471 2054 μῆνιν
494 1966 705 2053 τηρησάντων
721 1971 768 2053 τῷ
787 1975 815 2032 Γ
813 1976 948 2054 εωργίηι,
971 1972 1089 2033 τοῦτον
1105 1963 1313 2044 ἀπέκτειναν,

293 2069 346 2132 καλ
364 2066 542 2142 καύσαντες
557 2071 608 2129 καί
626 2071 750 2150 τέφραν
766 2065 966 2153 ποιήσαντες
982 2065 1028 2142 εἷς
1044 2059 1185 2146 ἀνέμους
1200 2064 1315 2147 έσκύρ-

293 2187 408 2229 πισαν.
454 2158 691 2239 ἀποθανόντος
719 2164 754 2228 δέ
776 2167 834 2228 τοῦ
853 2159 1030 2229 Ἰουλιανοῦ
1053 2163 1087 2228 ἓν
1108 2164 1149 2247 τῇ
1171 2163 1316 2244 Περσίδι

293 2264 348 2326 καὶ
371 2262 604 2342 διαδεξαμένου
626 2259 665 2324 τὸ
686 2262 857 2342 βασίλειον
872 2257 1030 2344 Ἰοβιανοῦ
1045 2263 1104 2324 τοῦ
1119 2265 1313 2342 μακαρίτου,

292 2358 376 2440 μετὰ
404 2359 530 2444 πολλῆς
558 2360 669 2444 τιμῆς,
698 2357 753 2421 καὶ
782 2352 988 2436 ἀξιοπίστων
1012 2356 1214 2443 γραμμάτων
1235 2355 1317 2441 χρά-

256 2468 422 2539 15ψαντος
443 2459 490 2538 τῷ
514 2455 689 2538 ἐπισκύπηι
704 2450 911 2540 Ἀθανασίιμ,
935 2459 987 2519 καὶ
1004 2456 1315 2537 μεταστειλαμένον,

294 2553 581 2636 περιπτυξαμένου
608 2576 645 2618 τε
674 2547 789 2629 αύτύν,
819 2555 873 2617 καὶ
904 2548 1164 2628 ἀποστείλαντος
1188 2551 1235 2628 είς
1258 2551 1316 2616 τὸν

295 2650 381 2714 ἰ’διον
404 2647 538 2730 θρόνον,
563 2647 665 2712 πάλιν
688 2644 925 2734 ἀπολαβούσης
946 2653 1003 2734 τῆς
1026 2644 1121 2731 άχίας
1143 2648 1317 2734 ἐκκλησίας

293 2745 351 2809 τὸν
375 2745 569 2822 ἐπίσκοπον,
593 2747 646 2809 καί
671 2745 756 2826 πρὸς
774 2741 885 2830 ὀλίγον
900 2747 1180 2831 παρακληθείσης,
1204 2746 1316 2812 τελευ-

293 2842 454 2927 τησαντος
476 2846 534 2906 τοῦ
554 2837 728 2925 Ἰοβιανοῦ,
754 2844 787 2908 ἐν
810 2855 882 2920 τοῖς
904 2839 1017 2922 αὐτοῖς
1040 2843 1142 2908 πάλιν
1166 2837 1184 2907 ὁ
1206 2842 1340 2924 {caud-c

253 2959 366 3020 τοριος
391 2934 597 3016 Ἀθανάσιος
628 2940 786 3024 διωγμοῖς
821 2944 873 3004 καί
910 2940 1036 3027 φήμαις
1068 2943 1120 3006 καί
1154 2951 1316 3023 ταραχαῖς

295 3036 440 3122 ἐφέρετο.
486 3031 524 3101 ού
552 3036 616 3122 μὴν
646 3031 716 3101 ἀπὸ
745 3041 802 3124 τῆς
831 3038 1001 3122 ἐκκλησίας
1028 3040 1162 3102 καὶτοῦ
1187 3036 1316 3121 θρόνου

293 3135 507 3220 μετεκινήθη·
527 3128 769 3216 Ἀλεξανδρέων
792 3136 827 3199 δὲ
844 3141 1138 3218 πρεσβευσαμένων
1154 3130 1239 3216 ὑπὲρ
1256 3129 1317 3199 αύ-

293 3236 367 3309 τού,
397 3235 451 3298 καλ
480 3231 591 3318 πάσης
618 3234 677 3318 τῆς
705 3232 836 3309 πόλεως
864 3227 1052 3317 ἀξιωσάσης
1079 3230 1163 3314 μετὰ
1189 3231 1231 3295 τὸ
1256 3230 1316 3296 τόν

293 3330 444 3394 Λούκιον
471 3333 524 3394 καὶ
552 3328 610 3394 τὸν
639 3332 695 3394 νῦν
714 3324 887 3412 Ἀρειανύν
908 3333 1159 3413 κατασταθῆναι
1181 3327 1240 3394 ἐπὶ
1264 3329 1318 3406 ξέ-

253 3449 360 3509 ηηνης,
390 3425 472 3505 τάχα
502 3428 538 3491 δέ
567 3425 600 3490 ἐν
618 3421 819 3512 Ἀντιοχείᾳ,
852 3423 907 3491 καὶ
935 3425 1098 3504 πολλάκις
1125 3427 1319 3509 παρακαλέ-

295 3545 398 3587 σαντα
420 3523 477 3586 τὸν
499 3523 638 3605 βασιλέα
663 3519 833 3590 Οὐάλεντα
855 3518 1086 3609 ἀποσταλῆναι
1109 3523 1157 3600 είς
1176 3523 1235 3588 τὸν
1257 3527 1319 3610 τῆς

290 3613 541 3702 Ἀλεξανδρείας
570 3619 710 3703 θρόνον,
746 3624 798 3686 καλ
833 3614 934 3685 αύτού
964 3619 1019 3686 διά
1049 3621 1107 3708 τὴν
1135 3631 1201 3685 των
1225 3621 1318 3685 λαῶν

286 3715 436 3802 ταραχὴν
457 3716 500 3802 μὴ
523 3718 747 3800 βουληθέντος
769 3716 869 3784 αύτόν
892 3718 1039 3798 έξειῦσαι.
1077 3723 1182 3801 πέρας
1203 3713 1230 3802 y’
1255 3707 1318 3783 οὖν

295 3813 350 3882 ὅτε
383 3813 533 3880 ἐτελεύτα
562 3809 579 3878 ό
608 3810 736 3892 Πάπας
760 3810 982 3893 Ἀθανάσιος,
1017 3812 1188 3900 ἀπεστάλη
1218 3814 1345 3886 Λού-ι)

255 3933 379 3992 εοκιος,
415 3911 526 3977 πολλὰ
557 3911 639 3977 κακά
672 3911 898 3993 ἐνδειξάμενος
930 3916 970 3998 τῇ
1003 3939 1053 3979 τε·
1073 3913 1241 3998 ἐκκλησίᾳ,
1275 3916 1317 3999 τῇ

294 4036 332 4076 τε·
363 4008 475 4088 πόλει,
510 4019 581 4087 τοῖς
609 4009 717 4088 λαοῖς,
752 4019 824 4084 τοῖς
851 4008 1066 4088 ἐπισκόποις,
1103 4021 1174 4087 τοῖς
1202 4012 1320 4094 κληρι-

294 4117 363 4182 κοῖς
396 4117 469 4185 τοῖς
502 4103 568 4172 ἀπὸ
595 4101 804 4173 Ἀθανασίοο
833 4094 926 4184 dm,-
959 4109 1012 4171 καί
1043 4102 1142 4172 αὐτὸν
1171 4106 1205 4172 έν
1240 4106 1320 4173 έκά·

295 4222 354 4285 στη
396 4203 548 4292 ἐκκλησίᾳ
587 4205 850 4285 διαδεξαμένοις,
892 4205 944 4268 καί
987 4210 1104 4290 Πέτρην
1143 4206 1190 4288 τῷ
1230 4204 1320 4287 μετὰ
