2867 5084
502 964 622 1018 mm.
642 967 835 1017 κεοκοιοι.
1114 958 1179 1020 367

149 1121 397 1203 γεγεννημένος.
435 1112 521 1182 οίῖτιυ
550 1119 605 1182 καί
634 1116 693 1183 ἐπὶ
714 1120 773 1182 τοῦ
796 1113 890 1202 ἁγίου
912 1117 1100 1201 πνεύματος
1122 1118 1182 1187 διὰ

151 1214 195 1278 τὸ
219 1213 255 1280 ἐκ
274 1212 405 1295 πατρὸς
428 1213 591 1292 ἐξελθεῖν,
620 1214 649 1281 εἰ
677 1217 729 1279 καί
759 1210 797 1278 οὗ
822 1222 1027 1301 γεγέννηται,
1062 1216 1181 1283 διὰτὸ

151 1315 216 1377 τοῦ
239 1313 314 1377 υίοῦ
336 1317 517 1394 μονογενὲς.
567 1302 664 1390 οὗτος
686 1314 722 1378 δὲ
745 1308 762 1374 ό
783 1307 911 1391 Ἀέτισς
933 1322 1182 1400 περισσοτέρως

153 1407 338 1495 βουληθείς
360 1401 554 1494 ἀντιστῆναι
574 1413 614 1495 τῇ
636 1411 694 1495 τῆς
716 1403 878 1493 ἀληθείας
910 1405 1069 1499 ὁμολογίᾳ
1101 1408 1178 1480 οὐδὲ

154 1505 196 1572 τό
220 1502 338 1589 ὅμοιον
365 1505 439 1570 υἱοῦ
468 1505 553 1588 πρὸς
581 1514 710 1589 πατέρα
739 1510 895 1590 πειρᾶται
926 1503 1107 1593 ὁμολογεῖν.
1146 1510 1207 1577 οίε

154 1605 218 1684 μὲν
241 1601 302 1687 γὰρ
318 1600 413 1669 ἄλλοι
428 1606 494 1667 τιῖιν
507 1598 686 1686 Ἀρειαυιῦν
701 1607 767 1669 τιῦν
783 1599 853 1670 ἀπὸ
866 1610 1059 1671 Λουκιανοῦ
1073 1633 1110 1674 τε
1124 1609 1178 1673 καί

129 1696 339 1785 ΕὨριγένους
354 1700 509 1782 λαβόντες
525 1701 782 1788 τηνπρόφασιν,
798 1703 967 1786 γεγονότες
981 1699 1051 1785 ἅμα
1063 1697 1180 1771 'Aou-

155 1804 220 1884 ρίῳ
241 1801 306 1863 τινί
330 1792 400 1863 ἀπὸ
423 1803 595 1884 σοφιστῶν
618 1796 697 1878 όντι,
723 1800 896 1866 έκιτεσοντι
919 1801 955 1866 δὲ
978 1799 1011 1866 έν
1033 1804 1080 1886 τῷ
1100 1803 1179 1867 διιο·

155 1900 230 1981 neq&
251 1899 298 1981 τῷ
322 1895 377 1961 ε’ττί
394 1899 611 1978 Μαξιμιοινσό
626 1897 782 1981 γεγόνοτι.
813 1899 900 1976 τινὲς
914 1899 975 1980 μὲν
989 1896 1050 1982 γὰρ
1067 1893 1177 1978 αὐτὸν,

156 1988 203 2071 ιός
226 1993 260 2061 ἒν
281 2002 356 2070 ταῖς
384 1990 453 2059 ἄνω
480 2018 540 2075 μοι
568 1994 715 2077 αἱρέσεσι
744 1996 942 2082 δεδήλωται,
979 1991 1031 2061 ὅτι
1057 2003 1178 2080 κτίσμα
1189 2010 1221 2060 10

155 2090 215 2158 τὸν
237 2089 310 2156 υἱὸν
332 2093 391 2155 τοῦ
414 2094 497 2158 θεοῦ
522 2092 656 2168 ἕκαστος
676 2095 742 2156 τῶν
758 2098 1005 2178 προειρημένων
1021 2089 1176 2176 ιόρίσατο,

155 2191 211 2255 καὶ
240 2187 279 2253 τό
307 2191 438 2270 πνεῦμα
465 2187 504 2252 τό
533 2183 626 2272 ἅγιον
653 2198 775 2270 κτίσμα
806 2197 985 2272 κτίσματος
1014 2190 1177 2268 ἐδίδαξαν.

153 2286 245 2363 τινὲς
267 2287 302 2352 δὲ
326 2286 435 2370 ἔλεγον
458 2281 575 2367 ὅμοιον
597 2281 682 2351 εἶναι
703 2286 761 2351 τὸν
783 2286 855 2351 υἱὸν
872 2289 920 2371 τῷ
936 2290 1049 2369 πατρί,
1073 2288 1102 2353 εί
1123 2289 1176 2353 καί

155 2390 281 2466 κτίσμα
301 2377 400 2448 αὐτὸν
423 2378 596 2465 ὡρίσαντο.
639 2374 735 2460 οὗτος
758 2384 792 2448 δὲ
815 2382 853 2448 τὸ
877 2387 945 2448 πᾶν
967 2388 1025 2471 τῆς
1047 2384 1179 2450 ἐκείνων

155 2483 219 2564 μὲν
240 2481 417 2563 εἰρωνείας,
450 2480 537 2556 ἰδίας
559 2482 594 2546 δὲ
617 2474 770 2563 ἀσεβείας
792 2476 988 2564 ἀπεκάλυψε
1010 2483 1178 2568 τηλαυγῶς
1189 2495 1220 2545 τε

154 2578 197 2644 τό
219 2581 278 2643 τοῦ
302 2576 464 2663 δόγματος
486 2578 571 2659 πρὸς
593 2576 650 2642 τόν
673 2577 783 2659 κόριον
806 2572 930 2663 ἀπηνές
952 2582 1061 2645 τεκαὶ
1083 2573 1177 2645 dval-

124 2688 304 2758 σσχυντον.
341 2675 396 2741 καὶ
419 2671 463 2753 ὡς
484 2677 544 2758 μὲν
567 2675 632 2756 ἔχει
655 2671 671 2762 ἡ
696 2670 848 2758 ἀλήθεια,
877 2676 1070 2742 δικαιότατα
1093 2676 1179 2759 πρὸς

155 2773 235 2851 τοὺς
256 2772 295 2838 τὸ
317 2780 438 2855 κτίσμα
460 2778 747 2858 παρεισφέροντος
775 2767 985 2839 ἀποτείνεται
1013 2771 1031 2861 ἦ
1058 2774 1179 2840 τούτου

154 2874 216 2937 τοῦ
228 2865 359 2937 Ἀετίου
381 2897 417 2937 τε
438 2870 493 2936 καὶ
506 2867 683 2952 Ἀνομοίου
707 2871 881 2953 λεγομένου
897 2874 956 2935 τοῦ
973 2871 1070 2956 λόγου
1086 2867 1178 2953 ἀκρι·

155 2970 304 3054 βολογία.
350 2972 418 3034 πᾶν
446 2967 507 3052 γὰρ
536 2967 574 3031 τό
602 2967 735 3034 κτιστὸν
764 2965 922 3050 ἀνόμοιον
954 2969 1103 3053 τυγχάνει
1131 2971 1220 3055 τῷν)

155 3065 328 3144 κεκτικότι,
351 3064 410 3131 κᾶν
432 3091 468 3132 τε
490 3065 572 3131 κατὰ
593 3065 687 3149 χόριν
711 3060 923 3151 όφομσιοῖτο,
947 3069 999 3130 καί
1025 3061 1042 3129 ό
1064 3074 1178 3143 κτίσας

156 3165 206 3248 τιῖ
228 3169 424 3249 κεκτισμένφ
448 3157 605 3244 ἀνόμοιος
627 3159 777 3245 ὑπάρχει,
806 3164 835 3229 εί
857 3162 911 3228 καί
932 3162 1083 3244 χρώμασι
1107 3163 1180 3225 δια-

157 3260 279 3348 φόροις
306 3256 387 3325 αότό
414 3271 549 3342 κοσμεῖν
579 3261 791 3343 πειράσοιτο,
823 3260 852 3326 εί
880 3258 924 3344 μή
954 3283 986 3323 τι
1021 3253 1060 3323 όν
1094 3258 1179 3341 πρὸς

157 3353 367 3440 ἀπεικασμὸν
388 3360 441 3424 καί
465 3354 687 3440 ἇιτεικόνισμα
709 3357 792 3422 κατὰ
813 3363 951 3443 μίμησιν
971 3356 1074 3439 μόνον
1090 3364 1179 3422 θειο-

156 3461 234 3538 ρίας
255 3454 326 3521 ἐστὶ
347 3454 385 3519 τὸ
401 3454 652 3537 έκτυιτοόμενον.
683 3459 736 3519 καί
757 3451 801 3531 ὡς
815 3456 876 3536 μὲν
891 3453 976 3537 πρός
988 3450 1221 3538 Ἀρειανοὺςίο

156 3551 237 3629 τοὺς
263 3552 396 3618 κτιοτὸν
424 3553 617 3636 νομίζοντας
649 3552 706 3617 τὸν
742 3551 811 3617 υἱόν
845 3556 903 3617 τοῦ
940 3556 1021 3618 θεοῦ
1053 3553 1108 3617 καί
1139 3552 1178 3616 τὸ

157 3646 255 3734 ἅγιον
277 3653 408 3732 πνεῦμα
430 3652 562 3732 ἰὀχυσεν
585 3644 624 3716 όν
648 3645 666 3713 ὁ
688 3648 807 3714 τούτου
828 3650 931 3735 λόγος,
957 3646 1001 3728 ὡς
1016 3655 1070 3715 καὶ
1085 3647 1176 3716 όστε·

95 3767 148 3819 916
158 3770 222 3829 ρον
243 3741 298 3814 ὑπ’
324 3742 432 3813 αὐτῶν
453 3752 519 3814 τῶν
538 3742 728 3832 Ἀρειανιῦν,
762 3750 845 3833 φημί
870 3750 904 3813 δέ
927 3751 993 3813 τῶν
1015 3753 1092 3829 περί
1116 3742 1181 3810 Εὐ-

156 3843 273 3924 όόξιον
305 3850 360 3911 καί
390 3845 591 3932 Μηνόφιλον
620 3843 674 3910 καὶ
704 3841 840 3923 ἄλλους,
868 3847 921 3910 καί
950 3839 1180 3920 ἆιτοοόναιτος

152 3941 332 4030 γενόμενος
353 3943 519 4028 διήλεγχεν
542 3942 597 4008 ἕιτί
621 3946 679 4007 τοῦ
695 3943 860 4026 βασιλέως
874 3941 959 4019 τότε,
985 3937 1036 4006 ὅτι
1053 3936 1223 4017 &aonam

152 4035 252 4107 αι’·τοί
276 4040 414 4122 ἔχουσιν,
439 4039 502 4125 έγιὸ
526 4040 597 4121 ἐ’χω,
628 4035 672 4117 ὠς
700 4043 752 4105 καί
776 4033 869 4104 αὐτοὶ
901 4039 1033 4116 πάντες,
1068 4032 1135 4103 ἀλλ’
1162 4036 1180 4102 ὃ

153 4139 193 4206 ἰν
214 4137 288 4220 έμοί
312 4131 446 4225 ἀληθὲς,
478 4132 572 4203 αὗταί
595 4136 828 4219 κρυιιτάζουσι,
858 4138 910 4201 καί
936 4134 953 4200 ὃ
976 4135 1039 4220 έγιὶι
1061 4135 1181 4221 τηλαυ·

149 4238 223 4324 γῶς
256 4229 437 4323 όποφαίνω
466 4237 519 4301 καί
551 4232 710 4318 ὁμολογῶ,
752 4223 846 4300 οὗτοι
875 4233 997 4312 κιόντες
1026 4231 1068 4298 τὰ
1097 4227 1182 4299 αὐτὰ
