2867 5084
271 942 330 1004 134
492 951 698 1001 mammo?
714 951 809 999 xm
828 950 1014 999 ΑΙΡΕΣΕΩΝ
1031 951 1061 997 Β.

351 1115 380 1173 4.
411 1096 526 1180 Αύτὸς
553 1101 613 1187 γάρ
645 1089 742 1178 οὗτος
770 1098 787 1165 6
811 1102 978 1179 Μελέτιος
1000 1100 1034 1167 ἒν
1052 1093 1288 1185 Ἀλεξανδρείᾳ

264 1203 453 1288 γενόμενος,
482 1194 612 1265 κάκεῖσε
640 1198 818 1282 διατρίβων
845 1198 977 1281 χρόνον,
1008 1197 1088 1279 ἔχων
1116 1197 1205 1262 ἰδίαν
1229 1196 1288 1282 τὴν

266 1299 400 1379 σύναξιν
430 1296 488 1363 σύν
514 1306 586 1374 τοῖς
608 1295 722 1374 ἰδίοις,
751 1295 809 1360 τὸν
825 1292 958 1378 ’Ἀρειον
981 1294 1154 1381 ἐφώρασεν
1175 1289 1289 1361 άνενέ-

266 1421 344 1480 γκας
366 1394 424 1462 ε’πὶ
446 1392 502 1459 τὸν
523 1389 747 1476 Ἀλέξανδρον.
786 1388 831 1469 ώς
854 1392 995 1478 ε’νηχηίίη
1019 1393 1055 1457 δὲ
1077 1390 1134 1456 τὸν
1152 1389 1288 1474 ’Ἀρειον

242 1492 301 1559 δέν
323 1504 397 1570 ταῖς
420 1486 519 1557 αὐτοῦ
543 1489 731 1608 ε’ξηγησεσιν
754 1490 815 1567 ἔξω
838 1494 896 1554 τοῦ
920 1494 1137 1572 προκειμένου
1153 1492 1212 1573 της
1227 1495 1289 1553 πί-

267 1613 369 1667 στειυς
395 1588 566 1675 βεβηκότα.
610 1589 649 1672 ἦν
675 1586 736 1671 γὰρ
760 1577 856 1664 οὗτος
879 1586 911 1652 ἐν
934 1586 1150 1672 Βαυκάλη”
1111 1613 1149 1673 τη
1174 1585 1288 1670 ἔκκλη-

267 1694 323 1773 σίᾳ
346 1684 432 1753 ούτω
460 1688 640 1770 καλουμένῃ
660 1678 910 1767 Ἀλεξανδρείας
932 1628 1162 1768 πρεσβύύερος.
1205 1676 1284 1747 καθ’
1300 1698 1318 1746 υ

266 1783 456 1869 ἑκάστην
421 1808 482 1868 γαρ
499 1777 546 1859 εἷς
560 1781 811 1864 πρεσβύτερός’
798 1805 887 1847 εστιν
903 1776 1176 1866 ἀποτεταγμένος.
1201 1770 1288 1865 ἦσαν

265 1880 326 1964 γὰρ
350 1881 473 1945 πολλοὶ
495 1878 730 1963 ἐκκλησίαι,
695 1904 750 1943 νιν
774 1879 809 1943 δὲ
832 1880 978 1957 πλείους,
1002 1881 1054 1944 καί
1079 1873 1167 1963 αὐτώ
1190 1872 1209 1964 6
1234 1877 1289 1943 ε’κ-

230 1978 383 2063 ιθκλησία
412 1977 642 2062 ἐγκεχείριστο
672 1972 731 2040 κάν
759 2000 795 2041 τε
822 1972 922 2053 άλλος
951 1975 1010 2041 σύν
1039 1970 1126 2060 αύτώ
1153 1965 1208 2061 ἧν
1238 1965 1287 2040 ὧν

268 2074 360 2141 ἕνεκα
387 2073 555 2159 γενόμενοι
584 2072 617 2138 ἐν
639 2075 685 2158 τῷ
709 2071 803 2193 τύπῳ
827 2074 882 2138 λε’
864 2097 960 2155 ομεν
983 2072 1066 2138 κατὰ
1088 2073 1286 2158 λεπτότητα,

268 2167 323 2238 ὅτε
349 2178 442 2256 χρεία
471 2196 546 2255 περι
576 2170 694 2235 τούτου
724 2170 825 2235 ἔσται.
872 2169 945 2235 ε’πει
970 2159 1027 2235 οὖν
1051 2169 1204 2257 ἐφώρασε
1226 2169 1287 2236 τὸν

259 2265 393 2354 ’Ἀρειον
409 2269 601 2345 σπουδαίως
613 2261 710 2332 Ἀλέ
692 2270 838 2350 ανδρος,
863 2267 1092 2351 συγκαλέσας’
1079 2269 1288 2345 επισκόπους

266 2369 318 2430 καί
343 2366 491 2444 σύνοδον,
515 2365 619 2451 ἐζήτει
641 2360 743 2443 άξιιῦν
766 2367 843 2446 περὶ
867 2371 1028 2441 πίστεως·
1051 2368 1104 2429 καί
1129 2359 1287 2431 άπαιτιύν

229 2462 321 2529 ιίιτὸν
337 2461 471 2545 ’Ἀρειον
493 2468 569 2547 περί
592 2466 650 2545 τῆς
673 2461 705 2528 ἐν
730 2455 818 2546 αύτῷ
841 2461 1093 2577 ἒγιισσηθείσης
1110 2461 1212 2547 λύμης
1227 2465 1288 2546 τῆς

265 2560 467 2673 κακοδοξίας.
513 2556 530 2623 6
560 2561 595 2626 δέ
611 2557 745 2644 ’Ἀρειος
767 2554 806 2623 06
828 2559 892 2644 μὴν
913 2553 1093 2645 ἠρνήσατο,
1124 2554 1208 2626 άλλὰ
1229 2562 1337 2626 καιῖισ

264 2656 348 2740 μετὰ
376 2663 588 2791 τετριμμένου
612 2657 799 2739 προσώπου
822 2651 867 2734 ώς
890 2651 988 2738 εἶχεν,
1020 2653 1125 2733 αἴτιος
1147 2650 1288 2740 άπεκρί·

265 2775 360 2829 νυτο,
390 2755 443 2816 καί
474 2752 560 2830 ἕξεοῖ
583 2755 643 2836 μὲν
661 2749 879 2837 Ἀλέξανδρος
901 2748 999 2818 αύτὸν
1023 2757 1080 2838 τῆς
1103 2750 1286 2836 ἐκκλησίας,

265 2848 413 2928 ἐξεοῦται
436 2850 472 2914 δὲ
495 2846 563 2932 ἅμα
585 2845 674 2935 αύτῷ
697 2852 831 2936 πλῆθος
854 2850 950 2928 πολὺ,
975 2851 1007 2915 οί
1030 2845 1087 2916 ἀπ’
1109 2847 1210 2916 αὐτοῦ
1232 2878 1289 2919 κε-

225 2950 446 3031 ίθχραμμένοι
474 2951 754 3030 παρίίενευουσών
782 2950 835 3012 καὶ
860 2944 969 3013 άλλων
991 2949 1159 3034 κληρικών.
1206 2944 1224 3013 6
1248 2951 1287 3016 δὲ

258 3040 392 3126 ’Ἀρειος
414 3040 609 3127 ἀποδράσας
631 3045 687 3110 ἐπὶ
710 3044 768 3131 τὴν
783 3045 1020 3111 Παλαιστινών
1041 3046 1210 3111 στέλλεται
1225 3046 1288 3133 την

263 3147 412 3224 πορείαν.
444 3140 477 3207 ἒν
500 3142 703 3227 Νικομηδείᾳ
727 3143 762 3207 δὲ
785 3135 946 3219 ἀνελθών,
973 3137 1127 3209 κάκείίίεν
1149 3142 1288 3227 γράψας

264 3236 443 3317 ἐπιστολάς
461 3233 685 3322 Ἀλεξάνδρῳ,
717 3235 773 3321 οὐχ
802 3235 998 3322 άπερέβαινε
1022 3243 1080 3325 τῆς
1102 3236 1202 3304 αὐτοῦ
1226 3266 1288 3306 κα-

263 3335 416 3412 κοδοξίας
445 3335 501 3421 τὴν
528 3334 677 3421 μανιώδη
707 3337 867 3402 διάνοιαν.
913 3333 998 3402 ἀλλὰ
1025 3336 1146 3420 μεταξὺ
1169 3330 1287 3422 ὀλίγου

224 3434 322 3496 ιετοῦ
349 3431 468 3513 χρόνου
496 3434 554 3496 τοῦ
584 3429 683 3497 αὐτοῦ
704 3427 921 3515 Ἀλεξάνδρου
947 3436 1006 3499 τοῦ
1029 3429 1123 3518 ἁγίου
1147 3434 1289 3501 έπισιιύ-

264 3552 332 3594 που
344 3523 593 3611 Ἀλεξανδρείας
616 3529 910 3616 ἑπιμελησαμένου,
934 3534 986 3597 καὶ
1010 3530 1204 3617 κινήσαντος
1225 3533 1315 3604 τὸνε

264 3624 426 3710 μακάριον
442 3631 704 3705 Κωνσταντῖνον,
729 3626 943 3713 συνεκρότησε
959 3627 1098 3694 σύνοδον
1115 3627 1148 3693 ἐν
1163 3631 1203 3714 τῇ
1221 3636 1288 3695 Νι-

263 3729 341 3809 κοίη
363 3725 402 3808 τῇ
425 3723 532 3790 πόλει.
577 3726 630 3789 καὶ
653 3718 932 3807 άναίίεματίζεται
954 3727 1014 3807 μὲν
1037 3720 1055 3811 6
1076 3720 1208 3807 Ἀρείου
1231 3727 1287 3792 αἵ·

264 3844 355 3936 ρεσις
381 3819 465 3903 μετὰ
492 3819 530 3885 τὸ
557 3815 746 3887 ἀποθανεῖν
769 3815 877 3886 αὐτόν.
922 3822 961 3886 τὸ
984 3824 1199 3906 πρῶτονμὲν
1221 3822 1287 3909 γὰρ

225 3912 394 4003 θθήρνεῖτο
430 3917 477 3995 εἷς
510 3917 695 4002 πρόσωπον
723 3921 782 3983 τού
810 3923 973 4001 μακαρίου
1000 3920 1165 4003 βασιλέως
1187 3925 1289 3986 Κων-

264 4021 446 4091 σταντίνου,
470 4039 523 4079 και
548 4008 632 4078 6³⁰
613 4038 717 4099 ορκιυν
741 4027 980 4099 προσεποιεῖτο
1004 4017 1154 4102 εἰρωνείᾳ
1168 4017 1211 4082 τά
1225 4020 1289 4132 της

264 4104 509 4225 δρίίυδοξίας’
492 4136 629 4195 ρηματα.
676 4111 844 4199 φήσαντος
872 4113 907 4179 δὲ
929 4116 988 4178 τοῦ
1009 4115 1173 4198 βασιλέως
1196 4114 1288 4199 πρὸς

262 4201 362 4270 αὐτὸν
385 4203 437 4271 ὅτι
461 4208 489 4272 εἰ
510 4209 570 4290 μὲν
593 4204 827 4276 δικαιότατα’
809 4209 1018 4292 απύμνυσαι,
1048 4209 1285 4299 πιστωδείη’
1267 4238 1287 4280 ο
