2867 5084
455 959 560 1012 zm
578 962 844 1012 ιιιεειωινοτ.
917 980 920 987 ·
1093 950 1154 1012 541

95 1111 276 1197 ημηδὲίξ
293 1105 460 1178 Ἰουδαίων
483 1108 702 1226 ὁρμωμένους.
738 1106 868 1193 ολμαιδ
868 1111 1159 1189 ὲΛουππιιιιανδς

133 1206 153 1273 δ
178 1208 402 1295 στρατηλάτης
425 1199 512 1287 εἷς’
492 1236 532 1298 ην
554 1214 620 1275 τιῦν
642 1208 720 1287 τούς
742 1204 861 1325 αύτούς
876 1204 1071 1295 Εῦιρημίτας
1091 1211 1158 1273 τῶν

129 1301 291 1394 Ἑλλήνων
312 1307 592 1391 τιμωρησάμενος,
617 1297 688 1385 ίξ
668 1331 707 1395 ης
722 1305 926 1392 προφάσεως
948 1307 1032 1392 ίφύη
1054 1305 1158 1373 πάλινΙ

133 1398 251 1480 αὐτοῖς
274 1405 409 1487 δευτέρα
430 1403 547 1488 πλάνη.
582 1404 739 1486 λαβόντες
760 1403 821 1488 γάρ
836 1428 923 1480 τινες
944 1404 986 1468 τά
1000 1407 1067 1469 τιῦν
1081 1403 1159 1469 τότε

133 1497 415 1567 ἀποκτανβίντιον
449 1500 587 1582 σώματα
621 1500 677 1565 διὰ
708 1500 768 1588 την
796 1500 950 1585 τοιαύτην
975 1496 1182 1587 Ἑλληνικηνδ

133 1594 276 1680 ἀνομίαν
300 1601 353 1663 καλ
376 1597 552 1682 βάψαντες
574 1597 608 1663 ἔν
630 1622 700 1663 τισι
722 1598 858 1675 τόποις,
891 1598 958 1664 ἐκεῖ
986 1598 1088 1663 πάλιν
1116 1595 1158 1661 τὰ

134 1689 222 1761 αῦτὰ
244 1692 375 1782 εῦφημά
396 1722 432 1761 τε
454 1696 645 1761 ἐπιτελοῦσι
667 1698 720 1760 καὶ
740 1694 999 1780 ίίίαρτυριανούς
1020 1692 1159 1771 ἑαυτούς

134 1792 369 1875 ἐπωνόμασαν,
404 1795 506 1879 δῆθεν
536 1790 591 1859 διά
612 1792 689 1870 τοῦς
711 1788 795 1877 ὑπὲρ
818 1797 883 1859 τῶν
907 1790 1052 1860 ελδιόλιον
1074 1816 1160 1875 μαρ-

135 1891 350 1978 τυρήσαντας.

85 2019 131 2070 m
225 1996 253 2057 3.
284 1986 402 2053 ’Ἀλλοι
431 1989 466 2053 δὲ
495 1987 597 2052 πάλιν
627 1985 660 2052 ἐκ
689 1985 815 2052 τούτων
846 1987 895 2052 ἔτι
916 1985 1103 2070 βαδύτερόν
1125 2010 1159 2052 τι
1170 2000 1198 2049 10

138 2085 378 2167 διανοούμενοι,
410 2081 454 2163 ὡς
476 2082 560 2149 κατὰ
581 2084 639 2172 την
662 2081 770 2149 αύτιῦν
794 2078 960 2171 εῦηθειαν,
984 2081 1159 2167 συμβούλῳ

135 2187 178 2270 τῇ
202 2185 333 2268 διανοίᾳ
353 2182 525 2265 χρώμενοι,
551 2176 656 2260 εἶπον,
681 2177 699 2244 ό
717 2185 869 2258 Σατανᾶς
890 2187 992 2264 μίγας
1013 2180 1084 2245 ἐστὶ
1105 2181 1160 2244 καὶ

138 2279 357 2364 ἰσχυρότερος,
380 2279 435 2344 καὶ
458 2280 568 2344 πολλὰ
590 2278 738 2344 ἐπιτελεῖ
759 2278 843 2343 κακὰ
864 2288 935 2353 τοῖς
952 2272 1159 2358 ἀνθρώποις.

138 2379 196 2445 διὰ
217 2384 252 2443 τί
274 2372 312 2441 ού
334 2379 460 2459 μᾶλλον
483 2376 567 2456 πρὸς
589 2379 707 2441 τοῦτον
730 2374 977 2459 καταφεύγομεν
999 2375 1052 2438 καί
1071 2367 1160 2457 αύτῷ

137 2477 397 2560 προσκυνοῦμεν,
432 2470 531 2537 αὐτόν
558 2498 595 2539 τε
615 2475 763 2555 τιμῶμεν
790 2477 843 2537 καί
867 2467 967 2537 αύτόν
996 2466 1162 2556 εύῳημοῦ-
1174 2484 1200 2535 15

137 2598 210 2657 μεν,
232 2574 288 2638 ἵνα
311 2571 426 2636 διὰ
388 2596 446 2658 της
468 2572 695 2686 κρλακευτικης
716 2576 863 2654 θεραπε
865 2593 953 2651 ας
932 2568 975 2657 μη
1007 2567 1160 2653 ε’νεργηση

137 2667 282 2760 ἡμῖντὸ
304 2666 442 2754 πονηρά,
474 2662 542 2732 ἀλλ
568 2664 613 2745 ιός
636 2667 762 2732 δούλων
793 2663 892 2732 αὐτοῦ
914 2662 1009 2784 Qva
1031 2665 1165 2749 γεγονό

136 2794 216 2843 των,
240 2770 334 2888 Quoi,
359 2760 552 2852 ιγείδηταιζ
534 2769 646 2845 νμιῦν,
682 2766 735 2829 καὶ
760 2761 847 2828 οῦτω
869 2766 924 2829 καὶ
946 2753 1040 2828 οὗτοι
1054 2769 1163 2826 Σατα-

140 2863 272 2942 τιανοῦς
307 2860 443 2940 ἕαυτοις
476 2860 707 2943 ἐπωνόμασαν.
761 2858 843 2943 ὁμοῦ
879 2862 914 2927 δὲ
946 2859 1072 2926 τούτων
1104 2856 1162 2945 την

111 2965 270 3045 ηαίρεσιν
293 2960 326 3027 ίν
349 2957 458 3045 ταύτιῇ
482 2926 717 3044 συνεδηκαμεν,
741 2962 795 3023 καί
811 2956 888 3035 τοῦς
903 2963 1201 3042 προειρημένουςίο

137 3062 320 3144 μέλλοντας
342 3053 396 3145 ὑφ’
416 3053 506 3143 ἡμῶν
529 3060 598 3122 νυνὶ
623 3058 791 3139 λέγεσθαι,
816 3053 931 3139 ἐπειδη
953 3054 1014 3139 γάρ
1036 3053 1078 3119 τὰ
1103 3055 1162 3120 ἰ’σα

138 3160 174 3226 ίν
197 3155 357 3242 ύπαίίίρηι
382 3154 580 3238 ἐξαγόμενοι,
612 3154 674 3231 ἔξω
702 3153 876 3237 βεβηκότες
909 3156 967 3239 τῆς
990 3148 1161 3238 ἀληθείας,

139 3258 196 3323 ἐπί
221 3253 260 3320 τὸ
283 3250 440 3335 εὔχεσθαι
463 3254 515 3316 καί
539 3248 652 3334 ύμνείν
675 3249 900 3331 ἕσγολάκασιν.
946 3246 1030 3316 ἀλλὰ
1052 3248 1163 3314 πάντα

138 3355 200 3437 μὲν
223 3354 326 3417 ταῦτα
349 3352 570 3434 περιγίλαστα
594 3344 673 3412 ὄντα
696 3344 824 3435 ἀβλαβῆ
850 3346 1009 3432 ἐτύγχανε,
1039 3345 1083 3434 μὴ
1107 3347 1164 3410 δυ-

139 3451 297 3534 νάμενα
288 3449 514 3530 παρεκκλίνειν
542 3444 600 3510 τὸν
634 3448 709 3509 νοῦν
739 3439 808 3509 ἀπὸ
836 3448 894 3533 της
917 3441 1086 3530 ἀληθείας.
1125 3437 1203 3511 ού25

139 3548 202 3634 γάρ
227 3544 315 3624 είς”
296 3570 401 3626 ονομα
423 3546 573 3663 Χριστοῦ
603 3543 752 3626 ἐλέγοντο
782 3537 876 3621 εἶναι,
916 3539 1000 3608 ἀλλὰ
1014 3538 1165 3627 Ἓλληνες

140 3647 179 3713 τό
202 3647 287 3710 πᾶν·
311 3648 368 3709 νῦν
391 3638 468 3706 δὲ)
450 3635 506 3706 απ’
526 3639 591 3706 εκεί
594 3667 657 3705 νων
679 3642 746 3703 τιῦν
767 3639 903 3722 τρόπων
918 3630 1011 3705 οῦτοι
1030 3666 1085 3704 νυν
1107 3665 1166 3703 κα-

140 3743 298 3826 λούμενοι
321 3727 632 3815 Μασσαλιανοί,
605 3764 650 3802 ων
673 3733 749 3802 ούτε
771 3732 851 3825 ἀρχὴ
876 3736 952 3805 οὔτε
973 3738 1067 3813 τέλος
1090 3733 1166 3801 ούτε

139 3838 267 3928 κεφαλὴ
293 3835 367 3902 ούτε
389 3835 471 3918 ῥίζα,
497 3829 581 3899 ἀλλὰ
603 3832 645 3897 τά
667 3833 778 3898 πάντα
798 3835 882 3900 είσλν
899 3830 1090 3922 ἀστήρικτοι
1110 3836 1164 3897 καί

116 3937 282 4019 εῦνσργοι
309 3937 362 4001 καί
392 3930 606 4020 ἠπατημένοι,
643 3930 687 4018 μη
718 3933 844 4013 ἔχοντες
876 3928 960 4009 όλως
989 3928 1205 4014 στηριγμδνυο

141 4032 357 4149 ὀνόματος,
339 4025 361 4095 Q
382 4039 461 4111 οεσ
462 4052 522 4106 ιον
546 4022 773 4116 ἢθίσεως,ἢ
752 4034 952 4111 νομοβεσ
953 4053 1001 4105 ας
1031 4029 1166 4091 δοκοῦσι

139 4139 254 4198 τοίνυν
277 4118 372 4194 οὗτοι
394 4126 448 4192 ἐπι
473 4125 511 4189 τὸ
533 4121 614 4190 αύτο
601 4121 746 4208 ἄνδρες
761 4150 797 4191 τε
818 4126 871 4190 καλ
887 4135 1037 4208 γυναῖκες
1053 4125 1165 4210 δῆθεν,

140 4230 190 4308 τίς
212 4225 362 4310 Χριστὸν
385 4227 642 4290 πεπιστευκέναι
667 4217 874 4307 λέγοντες(
850 4246 895 4300 ως
917 4218 1168 4304 διποταξάμενοι

1166 4490 1308 4632 Ι
