2867 5084
289 936 346 995 140
512 944 716 996 ααιψκαιον
732 945 828 994 κατι
845 945 1031 994 mmmm
1048 945 1079 992 ιι.

283 1099 338 1163 καὶ
362 1091 606 1163 ἀποστέλλουσι
629 1094 687 1162 δύο
710 1094 803 1174 τινός
824 1096 890 1158 τιῦν
914 1091 983 1160 άπό
1005 1100 1209 1160 Παννωνίων
1234 1094 1308 1161 ἐπι·

284 1193 419 1279 σκόπων
441 1193 483 1260 τά
502 1189 633 1275 Ἀρείου
650 1196 865 1278 φρονοῦντας,
894 1187 1077 1274 Θύρσάκιόν
1093 1216 1127 1256 τε
1143 1194 1197 1257 καί
1219 1187 1307 1258 Ούά·

284 1292 390 1366 λεντα,
415 1292 463 1369 είς
484 1317 519 1357 τε
542 1289 600 1375 την
620 1287 872 1371 Ἀλεξάνδρειαν
895 1293 947 1352 καί
973 1289 1198 1372 Μαραιώτην,
1224 1289 1308 1355 ἔνθα

284 1386 395 1470 ἐλεγον
422 1391 620 1474 γεγενῆσθαι
648 1386 690 1451 τὰ
721 1391 958 1470 προειρημένα,
995 1390 1053 1450 τοῦ
1089 1385 1226 1463 σκεύους
1254 1388 1331 1453 καίί

259 1488 349 1548 οτιῦν
378 1482 486 1551 ἄλλων
516 1484 719 1568 πραγμάτιον
747 1487 803 1566 τῆς
824 1481 938 1566 μάχης.
985 1483 1016 1548 οί
1040 1485 1075 1548 δὲ
1098 1477 1309 1560 ἀπελθόντες

285 1577 342 1647 υύκ
371 1582 478 1648 ἐκεῖνα
508 1576 682 1667 άνηνεγκαν
712 1576 775 1644 ὅσα
799 1568 836 1665 ἦν
859 1573 986 1664 άληθῆ,
1017 1573 1085 1644 ἀλλ’
1111 1579 1206 1662 ἕτερα
1230 1574 1305 1645 ἄνθ’

284 1679 403 1760 ἑτέρων
426 1677 724 1764 παραχωρήσαντες
747 1675 942 1761 ἐψεύσαντο,
967 1678 1018 1742 καί
1036 1677 1309 1762 ἐσυκοφάντησεν

284 1798 341 1838 τον
356 1783 538 1859 μακαρίτην
554 1774 680 1839 Πάπαν
694 1769 911 1840 Ἀθανάσιονζ
934 1768 1066 1839 κάκεῖνα
1082 1776 1117 1840 δὲ
1134 1769 1180 1852 ιῦς
1195 1768 1308 1860 άληθῆ

285 1869 364 1936 όντα
395 1871 602 1953 πλασάμενοι
634 1870 805 1957 ἐγγράφως
838 1870 1022 1955 ἐνέγκαντες
1054 1865 1215 1955 ἀνέφερον
1251 1872 1307 1937 ἐπί

248 1967 342 2054 νοτίην
372 1967 510 2032 σύνοδον
539 1971 605 2032 τῶν
633 1971 709 2050 περὶ
735 1962 895 2051 Εὗσέβιον
918 1970 971 2033 καί
995 1966 1072 2045 τοῦς
1094 1967 1231 2046 ἄλλους,
1264 1963 1309 2046 τίς

285 2064 472 2149 είσύστερον
496 2065 621 2144 ἔδειξαν
643 2070 879 2147 μετανοοῦντες
899 2062 1083 2146 Ούρσάκιος
1104 2065 1158 2130 καὶ
1176 2058 1308 2150 Ούάλης

284 2163 367 2245 μετά
396 2163 553 2246 λιβέλλων
583 2160 831 2245 προσελθόντες
858 2165 904 2246 τηῖ
933 2169 1093 2248 μακαρίτῃ
1114 2157 1239 2247 Ἰουλίφ
1260 2165 1306 2247 τῷ

284 2258 460 2345 ἐπιοκόπην
480 2256 608 2346 Ῥώμης,
632 2254 981 2343 ύπεραπολογοίμενοι
998 2262 1055 2323 τοῦ
1073 2255 1180 2323 αὐτῶν
1196 2259 1307 2343 σφάλ-

283 2379 403 2439 ματος·
434 2354 486 2423 ότι
514 2357 824 2443 ἐσυκοφαντηοαμεν
853 2355 910 2420 τόν
938 2355 1065 2421 Πάπαν
1085 2350 1332 2433 Ἀθανάσιον,υ

247 2472 276 2520 15
285 2449 369 2519 άλλὰ
391 2456 482 2534 δέξαι
503 2451 589 2540 ἡμᾶς
610 2454 657 2532 είς
679 2459 852 2518 κοινωνίαν
874 2454 927 2518 καί
953 2452 999 2529 είς
1020 2451 1208 2534 μετάνοιαν.
1251 2454 1304 2519 καί

284 2549 370 2634 πρός
398 2547 496 2616 αύτόν
525 2553 560 2617 δὲ
589 2551 645 2615 τόν
666 2546 873 2615 Ἀθανάσιον
900 2560 974 2627 ταῖς
996 2543 1103 2614 αύτιῦν
1127 2549 1306 2636 ἐχρήσαντο

286 2649 462 2734 ἐγγράφοις
492 2647 547 2713 διὰ
568 2655 745 2728 μετανοίας
768 2649 974 2713 συστάσεσιν.
1023 2643 1165 2730 ὁρῶντος
1187 2649 1224 2713 δὲ
1246 2651 1305 2712 τοῦ

285 2745 394 2809 Πάντα
414 2740 621 2808 Ἀθανασίου
645 2741 740 2821 ὄντος
762 2744 795 2809 ἐν
818 2748 856 2830 τῇ
877 2743 972 2830 Τύρην
993 2752 1130 2828 βαρεῖαν
1153 2745 1211 2830 τὴν
1229 2744 1306 2812 τότε

287 2842 444 2925 συσκευίην
474 2841 507 2905 ἐκ
530 2840 759 2920 πανταχόθεν,
790 2845 869 2925 πρὶν
891 2837 912 2927 ἢ
936 2842 1100 2908 εἰσελθεῖν
1124 2843 1170 2919 είς
1193 2842 1231 2906 τὸ
1256 2844 1307 2908 δι-

246 2935 470 3022 εοκαστηριον,
494 2931 514 3022 ἢ
538 2937 584 3015 είς
607 2937 791 3022 πρόσωπον
815 2939 856 3003 τά
878 2939 1168 3023 συκοφαντούμενα
1192 2939 1227 3018 ἐξ
1250 2935 1308 3005 άν-

285 3033 550 3112 τικαταστάσεως
571 3040 711 3120 γένηται,
737 3036 860 3118 νύκτωρ
884 3031 1112 3120 ἀναμετρήσεις,
1136 3031 1309 3119 ἀνέρχεται

285 3131 371 3215 πρός
394 3138 644 3198 Κωνοταντίνον
675 3133 722 3210 είς
750 3132 788 3196 τὸ
811 3132 1011 3217 κομηιάιον,
1043 3136 1096 3197 καί
1120 3141 1309 3218 προσφέρει

286 3225 375 3315 αύτῷ
397 3228 439 3296 τά
460 3225 526 3295 κατ’
552 3227 652 3295 αὑτὸν
676 3224 915 3294 ἀναδιδάσκων.
962 3225 979 3292 ό
1003 3232 1036 3295 δὲ
1061 3231 1108 3296 ἐτι
1133 3231 1221 3317 λύπη
1246 3255 1309 3316 φε·

284 3325 423 3409 ρόμενος
444 3327 499 3392 καί
521 3328 661 3408 νομίζων
683 3327 727 3412 μη
752 3353 798 3412 πη
822 3324 886 3408 άρα
909 3321 1130 3412 ἀληθεύουσιν
1154 3327 1186 3393 οἱ
1207 3351 1354 3415 ›unq-ns

247 3423 498 3509 ῖογορησαντες,
530 3422 687 3507 ψεύδεται
711 3426 747 3489 δὲ
771 3423 789 3486 ό
812 3420 1094 3506 ἀπολογούμενος,
1123 3425 1172 3491 ἐτι
1195 3425 1309 3507 ἐχαλέ-

287 3544 395 3585 παινε.
439 3521 697 3602 χαλεπαίνοντος
729 3522 764 3586 δὲ
790 3514 890 3584 αῦτοῦ
915 3517 931 3583 ό
955 3520 1081 3598 Πάπας
1101 3516 1312 3602 Ἀθανάσιος

287 3616 383 3700 λόγον
405 3617 508 3700 βαρύν
531 3621 576 3702 τῷ
598 3617 732 3700 βασιλεῖ
754 3616 949 3696 ἐπετείνετο,
973 3615 1018 3696 ιός
1041 3616 1093 3683 ότι
1109 3618 1237 3686 δικάσει
1252 3620 1311 3685 κύ-

287 3739 359 3798 ριος
387 3710 449 3781 άνὰ
476 3719 577 3797 μέσον
606 3712 686 3796 ἐμοῦ
715 3717 767 3779 καί
793 3718 868 3792 σοῦ,
899 3711 1004 3781 όποῖα
1026 3715 1080 3780 καί
1103 3710 1201 3792 αύτό,Ι
1225 3739 1313 3800 συμ-

288 3821 411 3899 φωνεῖς
444 3821 516 3889 τοῖς
544 3814 789 3896 συκοφαντοῦσι
824 3811 882 3896 τὴν
911 3812 1069 3900 ἡμετέραν
1097 3813 1310 3901 μετριότητα.

248 3908 443 3975 θθέντεῦθεν
476 3915 648 3991 συμβαίνει
682 3905 782 3973 αύτόν
816 3909 928 3993 ἐξορίᾳ
960 3905 1145 3976 ὑποπεσεῖν
1174 3906 1245 3976 άετό
1275 3939 1317 3982 τε

215 3996 224 4005 ’
288 4010 354 4071 τῶν
382 4010 574 4091 γραφέντων
603 4000 673 4070 άπὸ
702 4009 760 4090 τῆς
782 4005 922 4070 συνόδου
945 4009 992 4090 τῷ
1013 4009 1155 4089 βασιλεῖ.
1201 4003 1316 4077 διττόν·

288 4125 344 4176 τος
365 4101 426 4183 γάρ
450 4097 551 4167 αῦτοῦ
573 4109 771 4187 καθαίρεσιν
794 4105 971 4166 ποιοῦνται
995 4096 1105 4183 αύτοῦ,
1128 4106 1181 4170 καὶ
1206 4104 1244 4186 ἐξ
1266 4098 1318 4176 ὧν

288 4191 306 4258 ὁ
328 4199 482 4276 βασιλεὺς
505 4200 730 4284 παροξυνθείς
745 4195 829 4278 πρὸς
845 4192 945 4264 αὐτὸν
961 4199 1124 4280 ἐλυπεῖτο,
1148 4205 1201 4269 καί
1217 4211 1319 4287 μένει
