2867 5084
243 931 305 993 138
473 943 671 993 ιιιτιοκσιογ
687 945 783 993 xm
801 945 988 995 Αινσεσιεσ
1005 948 1036 996 ο.

239 1093 346 1173 δόξων
370 1091 517 1169 σύνοδος.
562 1096 614 1158 καὶ
645 1089 751 1173 οὕτως
777 1095 979 1174 κατάστασις
1005 1101 1135 1182 γέγονεν
1160 1093 1263 1164 αὐτοῦ

238 1195 295 1258 καί
318 1186 473 1273 άπεσόθη
497 1185 585 1274 αῦτηῦ
609 1187 627 1254 ὁ
650 1192 774 1274 θρόνος
796 1195 842 1277 τῷ
865 1187 957 1279 άξίηι,
981 1193 1036 1259 καὶ
1058 1183 1086 1279 ᾧ
1108 1184 1149 1281 ἢν
1172 1190 1265 1281 ἡτοι-

237 1294 408 1372 μασμένος
430 1286 512 1353 κατὰ
534 1287 591 1371 την
615 1294 697 1355 θεοῦ
719 1289 878 1374 βοόλησιν
900 1290 954 1357 καὶ
977 1290 1061 1357 κατὰ
1081 1292 1141 1378 την
1156 1319 1264 1375 μακα-

242 1392 315 1471 ρίου
335 1379 551 1470 Ἀλεξάνδρου
573 1394 755 1469 μαρτυρίαν
777 1412 812 1453 τε
834 1391 888 1453 καὶ
912 1387 1054 1475 ἐντολήν.

215 1498 234 1545 ο
325 1484 492 1552 Ἐντεῦθεν
516 1483 649 1567 ἄρχεται
668 1479 875 1562 Ἀθανάσιος
896 1492 1141 1570 βιοφορεῖσθαί
1157 1512 1193 1554 τε
1209 1486 1266 1554 καὶ

242 1585 429 1651 λυπεῖσθαι
451 1582 507 1648 διὰ
528 1581 585 1646 τὸν
601 1582 762 1663 μερισμὸν
777 1585 836 1667 τῆς
851 1582 1030 1670 ἐκκλησίας,
1054 1586 1120 1649 τῶν
1135 1609 1173 1650 τε
1187 1591 1266 1651 Με-

240 1682 399 1748 λετιανιῦν
421 1683 475 1746 καὶ
496 1682 554 1764 τῆς
575 1679 755 1763 καθολικῆς
778 1678 957 1765 ἐκκλησίας.
1003 1680 1131 1758 ἔπειθε,
1155 1706 1264 1765 παρε-

241 1777 341 1856 κάλει,
365 1781 418 1843 καὶ
442 1774 500 1841 οὐκ
522 1770 696 1861 ἠνείχοντο.
728 1771 914 1862 ἠνάγκαζεν,
938 1777 1095 1862 ἐβιάζετο.
1128 1778 1309 1848 ἒπισκε-ῖη

242 1874 408 1957 πτάμενος
436 1874 472 1939 δὲ
494 1872 655 1950 πολλάκις
678 1872 800 1956 ἐγίνετο
824 1875 883 1952 τὰς
906 1874 1059 1960 σύνεγγυς
1081 1875 1265 1961 ἐκκλησίας,

204 1985 234 2034 w
242 1971 387 2055 μάλιστα
408 1971 468 2048 τὰς
490 1967 574 2035 κατὰ
595 1966 652 2034 τόν
670 1970 887 2058 Μαραιώτηυ.
918 1975 970 2037 καί
995 1974 1078 2038 ποτὲ
1093 1974 1266 2039 Μελετια-

242 2072 307 2134 νιῦν
329 2067 535 2152 συναγόντων
550 2072 678 2152 γέγονεν
694 2067 729 2133 ἐκ
743 2071 802 2133 τοῦ
817 2068 971 2155 πληθους
985 2072 1044 2134 τοῦ
1059 2068 1142 2153 μετὰ
1155 2065 1267 2137 Ἀθα-

242 2172 358 2232 νασίου
388 2165 540 2232 διάκονόν
568 2190 642 2230 τινα
674 2163 931 2246 ἐπεισελθόντα,
966 2167 1050 2250 μετὰ
1077 2174 1133 2234 καί
1163 2193 1265 2235 τινων

239 2268 305 2329 τιῦν
329 2258 397 2329 άπὸ
419 2267 478 2329 τοῦ
501 2266 582 2329 λαοῦ
604 2263 760 2341 κατεάξαι
781 2264 953 2349 κανδηλαυ,
978 2260 1022 2342 ιῦς
1038 2265 1104 2346 ἔχει
1120 2259 1137 2329 ὁ
1154 2265 1264 2350 λόγος,

240 2365 292 2429 καὶ
315 2361 420 2447 μάχην
443 2367 609 2446 γενέσθαι.
650 2360 804 2427 ἐντεῦθεν
826 2358 845 2447 ἡ
869 2362 952 2428 κατὰ
971 2357 1181 2428 Ἀθανασίου
1205 2386 1266 2448 συ-

201 2472 232 2521 15
241 2459 337 2546 σκευὴ
360 2466 479 2544 γέγονε,
504 2463 570 2527 τιῦν
586 2460 803 2524 Μελετιανιῦν
826 2459 1117 2546 κατηγορησάντων
1133 2464 1189 2526 καὶ
1206 2485 1266 2527 συ-

240 2557 517 2644 κοφαντηοάντων
541 2551 650 2632 αὐτὸν,
675 2556 769 2640 ἕτερα
786 2550 861 2623 ἀνθ’
880 2557 1008 2639 ἑτέρων,
1030 2551 1212 2641 Ἀρειανιῦν
1228 2559 1265 2625 δὲ

241 2659 563 2735 συνεσκευασμένων,
593 2654 646 2717 καὶ
673 2652 918 2719 σε’νεπιδόντων
941 2653 1093 2732 ἑαυτοὺς,
1125 2654 1182 2720 διὰ
1205 2656 1264 2722 τὸν

240 2752 325 2835 πρὸς
353 2749 410 2835 τὴν
439 2745 535 2832 άγίαν
564 2752 646 2814 θεοῦ
676 2756 792 2816 πίστιν
814 2754 867 2816 καὶ
893 2746 1094 2834 όρθοάοξίαν
1117 2752 1261 2838 φθόνον.
1271 2778 1287 2829 u

239 2853 291 2913 καί
316 2844 565 2913 άνακοινοῦνται
588 2850 634 2931 τῷ
656 2848 790 2930 βασιλεῖ
812 2854 1061 2932 Κωνσταντίνιμ.
1098 2844 1263 2934 Εὐσέβιος

198 2947 277 3011 υθδὲ
299 2935 338 3030 ἦν
362 2939 379 3008 ὃ
403 2949 640 3030 προειρημένος
655 2947 712 3029 τῆς
729 2946 960 3031 Νικομηδείας,
985 2942 1003 3011 ό
1019 2942 1187 3030 ὑπουργὸς
1201 2951 1262 3014 τοῦ

239 3042 367 3119 παντὸς
395 3037 502 3106 αῦτιῦν
530 3040 739 3127 συστήματος
766 3045 821 3107 καὶ
850 3042 1071 3127 συσκευαστης
1096 3047 1154 3130 τῆς
1177 3045 1263 3112 κατά

238 3141 295 3229 την
324 3140 495 3225 ἐκκλησίαν
516 3164 558 3238 ,τε
587 3141 640 3203 καί
669 3137 726 3203 τὸν
748 3138 875 3204 Πάπαν
893 3134 1099 3206 Ἀθανάσιον
1121 3142 1261 3229 βλάβης.

239 3241 271 3305 οἱ
293 3237 467 3325 κατήγοροι
490 3238 547 3302 οῦν
570 3238 767 3322 προσῆλθον
789 3240 836 3322 τῷ
851 3239 993 3320 βασιλεῖ,
1018 3238 1133 3315 σκεῦός
1148 3265 1183 3305 τι
1197 3266 1263 3323 μυ-

238 3345 380 3418 στηρίων
409 3336 556 3418 λέγοντες
585 3327 683 3412 εἶναι,
715 3331 798 3417 ὅπερ
824 3333 985 3418 κανόηλαν
1008 3337 1095 3414 τινὲς
1118 3336 1261 3422 ἔφασαν,

196 3429 276 3519 κοῆν
309 3442 485 3514 προεῖπον.
530 3429 613 3497 άλλα
647 3438 683 3497 τέ
718 3459 794 3498 τινα
829 3433 1028 3518 κατηγόρουν
1066 3432 1262 3520 φάσκοντες,

239 3527 461 3612 πρεσβύτερόν
491 3555 566 3595 τινα
592 3532 650 3593 τοῦ
674 3528 883 3616 Μαραιώτου
903 3526 1074 3614 Ἀρσὲνισν
1096 3536 1261 3621 τετυπτῆ·Δ

238 3633 334 3705 σθαι,
357 3624 475 3690 τοῦτον
498 3627 534 3692 δὲ
555 3626 613 3712 τὴν
635 3637 729 3710 χεῖρα
751 3634 898 3715 μαχαίρᾳ
914 3623 980 3693 ῦπὸ
996 3631 1062 3693 τιῦν
1077 3632 1137 3694 τοῦ
1150 3623 1264 3696 Ἀθα-

237 3731 353 3791 ναοίου
382 3723 486 3801 λαῶν,
516 3717 572 3789 εἴτ’
598 3713 655 3788 οῦν
684 3720 785 3791 αὐτοῦ
805 3722 1029 3805 Ἀθανασίου,
1058 3729 1261 3812 τετμῆσθαι.

238 3823 440 3909 ἐπεφέροντο
462 3820 524 3905 γάρ
546 3822 599 3885 καὶ
620 3832 715 3904 χεῖρα
738 3821 771 3905 ἒν
788 3827 835 3909 τῷ
851 3822 1033 3909 κομητάτῳ,
1057 3823 1113 3889 καὶ
1128 3823 1291 3899 &aedat-c

197 3929 333 3986 θθκνυον
356 3915 428 4004 η’τις
448 3908 488 3984 όν
511 3918 544 3984 ἐν
565 3919 798 4004 γλωσσοκόμφ.

323 4023 351 4084 8.
387 4019 499 4081 Ταῦτα
528 4012 724 4099 όβασιλεῦς
746 4011 889 4093 άκσόσας
911 4016 1040 4100 αἴρεται
1061 4019 1122 4101 μὲν
1146 4023 1262 4108 θυμῷ.

238 4107 300 4192 εἶχε
328 4113 389 4198 γάρ
418 4113 513 4200 ζῆλον
543 4110 657 4179 θεϊκόν
686 4109 704 4176 ό
732 4119 925 4195 μακαρίτης,
956 4111 995 4180 οό
1023 4116 1087 4202 μην
1108 4113 1181 4202 ᾔδει
1207 4115 1265 4188 ὅτι

235 4210 442 4293 συκοφάνται
463 4201 557 4297 ἦσαν,
583 4204 629 4275 σι’
649 4208 687 4275 ὃν
702 4218 869 4290 προεῖπον
885 4211 981 4297 ζῆλον
996 4216 1061 4278 τῶν
1075 4208 1262 4298 Ἀρειανοῦν
1298 4213 1301 4216 ’
