2867 5084
603 945 694 996 tunes
712 944 822 996 nanus.
1160 926 1228 990 933·

234 1109 333 1164 tempus
350 1106 374 1149 ct
392 1101 530 1164 mysterium
549 1098 675 1149 nativitatis
695 1097 782 1146 Christi
801 1097 917 1160 Evangelii
945 1098 982 1148 sui
1011 1096 1107 1147 exordio
1131 1094 1225 1159 aperuit

234 1168 337 1217 ib.e.d.
356 1175 379 1216 et
397 1166 478 1218 ttae.
520 1169 615 1218 loannis
640 1165 740 1216 historia
759 1165 873 1216 libionem
899 1167 922 1216 in
941 1167 1027 1216 balneo
1046 1164 1164 1228 rugientis,
1194 1178 1223 1212 ne

234 1250 291 1286 rum
309 1251 339 1285 eo
358 1235 445 1286 lavaret
467 1236 512 1286 148
521 1237 542 1285 b.
553 1253 574 1285 c.
584 1236 607 1285 rt.
650 1235 752 1283 loannes
770 1236 891 1299 quomodo
909 1249 951 1284 sor
970 1237 1069 1297 dicatur,
1094 1233 1228 1297 explicatur

235 1304 314 1354 tuta.
341 1303 437 1353 loannis
449 1303 600 1365 Evangelium
614 1303 758 1352 divinitatem
770 1303 857 1352 Cbristi
877 1311 933 1353 ante
945 1305 1025 1353 omnia
1036 1302 1125 1352 deterit
1143 1300 1223 1351 titt.
1315 1328 1325 1343 κ

235 1373 333 1422 loannis
351 1371 471 1434 Baptistae
490 1372 520 1420 de
540 1372 634 1421 Christo
653 1371 816 1420 testimonium
835 1371 914 1422 blbc.
960 1373 1055 1421 ioannis
1075 1370 1225 1433 evangelium

236 1448 260 1489 et
278 1443 336 1489 Acta
354 1440 523 1503 Apostolorum
543 1455 555 1488 e
574 1441 666 1488 Graeco
690 1440 713 1487 in
734 1439 877 1489 Hebraicum
903 1440 1014 1489 translata
1039 1453 1175 1488 sermonem
1200 1439 1224 1487 in

235 1507 379 1559 ludaeorum
399 1508 579 1571 Gazophylaciis
598 1508 684 1556 serrari
706 1507 752 1556 ill
764 1524 784 1557 e.
798 1508 821 1557 d.
849 1509 950 1557 loannes
968 1508 1074 1571 Baptista
1093 1522 1136 1557 cur
1153 1521 1225 1556 arnn-

236 1576 287 1626 tint
312 1584 464 1639 comparatus
489 1584 512 1624 et
536 1576 686 1624 mollioribus
709 1577 815 1625 vestibus
843 1591 890 1624 non
910 1583 1017 1626 uteretur
1035 1575 1134 1626 sset.
1178 1574 1226 1624 Cur

234 1645 313 1693 maior
331 1643 372 1692 illu
390 1643 431 1707 qui
450 1645 528 1693 minor
547 1653 583 1693 est
601 1645 623 1692 in
644 1658 716 1705 regno
730 1644 853 1693 coeloreun
871 1644 904 1695 89
913 1659 934 1694 a.
962 1643 1226 1704 loannesErangelium

235 1712 360 1775 quomodo
378 1713 503 1774 scripserit
520 1712 567 1762 ddi
581 1712 603 1762 d.

202 1780 255 1830 lobi
272 1779 411 1841 genealogia
432 1779 491 1829 ida.

201 1848 299 1912 loseplai
319 1848 418 1897 historia
444 1863 470 1896 es
490 1847 614 1910 Epiphanii
640 1849 758 1896 sententia
779 1847 872 1898 tutti.
908 1848 1009 1897 lacobus
1033 1850 1086 1897 eius
1111 1848 1173 1897 itlius
1198 1861 1225 1894 ex

238 1918 318 1980 priore
337 1931 418 1976 uxore,
438 1917 477 1978 qui
497 1924 522 1963 ct
539 1915 611 1963 irater
630 1916 723 1964 bomini
743 1915 867 1965 dicebatur
885 1917 917 1966 ib.
925 1917 946 1965 b.
989 1916 1106 1979 lusepbus
1130 1923 1227 1977 octnge-

237 1984 424 2034 nariusilariam
444 1984 508 2032 ducit
529 1983 622 2032 torua.
654 1983 771 2046 ioseplrus
790 1984 885 2047 quando
904 1991 1013 2033 mortuus
1034 1983 1127 2033 10421».
1160 1982 1226 2031 lose-

236 2055 301 2117 pbus
320 2067 391 2101 senex
403 2052 570 2114 octogenarius
581 2052 741 2114 desponsatus
753 2052 839 2100 liarine
849 2053 950 2114 Virginis
969 2067 1008 2101 sex
1028 2066 1041 2100 e
1059 2051 1133 2116 priori
1153 2064 1226 2100 uxore

237 2121 339 2170 sublatis
362 2120 458 2180 liberis,
486 2134 531 2168 nec
555 2120 754 2168 consuetudinem
779 2120 860 2168 lrabnit
886 2135 939 2169 etun
959 2121 1030 2169 llarin
1054 2119 1135 2170 idid.
1179 2119 1227 2167 Cur

237 2198 318 2238 tamen
335 2188 370 2237 rir
387 2189 473 2237 llariae
491 2188 625 2250 appellatus
648 2188 680 2237 ib.
700 2194 723 2236 ct
742 2186 823 2237 433³.
866 2188 912 2237 Sed
938 2189 1034 2236 nominc
1059 2195 1128 2235 tenus
1147 2186 1226 2235 atta.

239 2257 356 2320 losepltus
374 2257 447 2305 ricem
467 2256 542 2319 patris
553 2256 641 2305 Christi
656 2257 760 2318 gerebat,
779 2256 820 2304 sed
839 2270 866 2304 re
884 2269 937 2304 uera
956 2270 1002 2304 non
1023 2263 1071 2303 erat
1086 2255 1227 2316 illiuspater

242 2325 354 2374 lasea.
390 2324 493 2387 losepbo
519 2323 560 2372 dlii
585 2323 680 2373 inerunt
704 2340 732 2374 er
756 2325 801 2372 alia
821 2338 901 2386 uxore,
923 2338 969 2372 non
989 2339 1016 2372 ea
1035 2323 1127 2385 Virgine
1146 2322 1226 2382 Maria,

239 2393 340 2443 authore
358 2391 491 2456 Epiphanio
513 2392 558 2440 lib
570 2408 590 2440 c.

204 2462 324 2524 losepbus
334 2461 447 2523 Princeps
460 2461 601 2509 ludaeorum
621 2460 647 2508 ur
657 2460 743 2509 Comes
761 2460 941 2509 aConstantiuo
955 2460 1036 2521 llagno
1059 2457 1135 2507 ldbd.
1162 2458 1226 2507 ldem

239 2530 269 2579 ab
288 2529 434 2592 imperatore
452 2529 563 2592 impetrat
581 2536 605 2577 ut
625 2528 747 2577 Ecclesiae
765 2531 789 2577 in
809 2529 923 2577 bonorem
935 2528 1022 2577 Cbristi
1041 2527 1064 2575 in
1085 2527 1226 2575 ludaeorum

241 2596 336 2660 oppidis
354 2603 552 2645 construerentur
571 2596 648 2645 taba.
684 2596 801 2659 losepbus
820 2612 831 2645 a
851 2596 945 2645 ludaeis
962 2594 1022 2644 male
1041 2594 1154 2643 multatur
1173 2609 1227 2643 curn

240 2680 285 2728 pru
303 2664 349 2782 llige
368 2678 454 2727 passus
474 2672 509 2713 est
531 2664 607 2714 ldbb.
649 2665 744 2728 losepbi
764 2664 864 2713 Comitis
882 2664 981 2713 historia
1000 2663 1057 2714 dicti
1075 2662 1228 2712 'tiberiaden-

241 2733 305 2782 sist
353 2746 375 2782 a.

205 2800 457 2917 loseplsusatgmplum
477 2801 539 2863 apud
558 2800 660 2848 ludaeos
680 2801 776 2850 Christo
794 2814 888 2850 sacrum
908 2800 995 2850 extruit
1020 2812 1068 2847 non
1087 2798 1138 2847 sinc
1157 2795 1228 2846 utira-

241 2869 296 2917 culo
318 2867 326 2917 1
367 2905 373 2916 .

206 2937 325 3000 iosepbus
344 2949 373 2983 ne
392 2935 421 2984 ab
440 2936 533 2983 trinnis
558 2935 700 2999 initiaretur,
725 2936 841 3001 tieretqne
858 2935 1001 3000 Episcopus,
1026 2934 1145 2984 secundas
1172 2947 1230 2983 con·

242 3004 311 3054 traxit
328 3003 425 3067 nuptias
447 3002 521 3051 ttae.

205 3071 322 3122 irenaeus
340 3065 403 3119 intc‘r
422 3070 501 3120 Gallos
521 3071 608 3131 degens
630 3069 705 3118 tttc.

206 3141 321 3190 irenaeus
339 3139 437 3201 scripsit
455 3146 536 3188 corrtra
555 3137 683 3187 basilidem
702 3139 804 3200 eiusque
823 3137 941 3185 baeresim
960 3136 992 3186 'ld
1004 3151 1024 3185 c.

207 3211 274 3261 isaac
293 3207 361 3257 liberi
380 3207 428 3255 duo
446 3206 508 3256 Esau
529 3214 551 3256 ct
571 3206 640 3254 iacob
660 3205 705 3254 ild.

207 3278 304 3327 lsaacus
316 3282 371 3339 post
389 3283 516 3338 susceptos
526 3275 614 3323 liberos
629 3288 682 3322 cum
693 3273 800 3321 ltebccca
820 3285 867 3319 non
878 3270 981 3333 amplius
993 3269 1115 3318 consuerit
1137 3268 1228 3319 totta.

207 3344 294 3396 isidori
313 3344 382 3392 rerba
402 3344 424 3390 in
444 3343 535 3392 Etlricis
554 3342 692 3406 plenissima
711 3340 854 3403 impuritatis
873 3337 954 3387 atta.
969 3339 991 3386 b.

208 3415 253 3463 isis
272 3412 437 3476 Aegyptiorum
460 3412 520 3460 ttb.

208 3481 305 3531 israelis
323 3479 440 3543 protectio
459 3481 483 3528 in
503 3481 631 3543 Aegyptum
650 3477 680 3525 ad
699 3475 840 3538 losepbum,
868 3488 968 3523 numero
993 3473 1142 3538 septuaginta
1167 3471 1232 3537 eapi-

242 3554 291 3597 turn
314 3547 374 3598 tut.

207 3616 330 3667 israelitae
349 3614 412 3663 unde
431 3614 486 3662 dicti
509 3614 569 3662 tttc.

208 3684 369 3734 lsrailitarum
389 3681 504 3730 transitus
523 3696 566 3744 per
584 3694 649 3729 mare
668 3680 766 3728 rubrum
787 3678 813 3726 il
826 3692 847 3726 a.

209 3753 298 3802 ludaea
315 3751 412 3815 quando
430 3750 491 3798 lacta
511 3756 547 3797 est
564 3748 683 3809 uectigalis
703 3747 816 3795 llomauis
834 3745 913 3795 ttae.
956 3744 1037 3794 ludaei
1057 3744 1145 3793 Pascha
1170 3744 1231 3793 nnti-

243 3821 352 3882 ciparunt
372 3832 425 3869 curn
446 3817 554 3867 Christus
574 3831 660 3880 passus
680 3824 715 3864 est
734 3815 814 3864 atat.
850 3813 938 3862 Eorum
958 3818 1084 3876 computus
1103 3812 1168 3861 ib.d.

209 3888 322 3937 ludaismi
346 3895 369 3936 et
393 3886 583 3935 circumcisionis
607 3885 700 3934 initium
729 3892 752 3931 et
776 3883 842 3943 origo
867 3882 987 3945 posterior
1010 3878 1090 3942 gentili
1114 3879 1232 3942 supersti-

244 3957 309 4005 tione
328 3955 373 4005 ab.

210 4025 353 4073 ludaeorum
371 4021 446 4071 vilitas
466 4021 603 4084 iudegppto
625 4019 682 4069 tua.
711 4019 852 4068 ludaeorum
871 4016 894 4064 in
912 4016 959 4064 duo
978 4029 1049 4076 regna
1068 4015 1151 4063 divisio
1170 4014 1231 4064 ila.

245 4092 325 4140 ludaei
345 4105 388 4139 cur
406 4089 502 4153 reprobi
521 4089 582 4137 tob.
620 4089 762 4136 iudaeorum
781 4085 884 4134 caecitas
903 4092 925 4132 et
944 4083 1023 4131 scelus
1045 4084 1117 4132 10³6.
1151 4083 1232 4132 ludaei

245 4167 268 4207 et
287 4158 429 4208 Samaritani
449 4157 512 4205 unde
531 4156 605 4217 iurgia
625 4157 686 4205 inter
704 4171 730 4204 sc
750 4153 898 4202 exercuerint
917 4152 978 4201 29a.
990 4152 1012 4199 b.
1040 4152 1181 4200 ludaeorum
1194 4165 1232 4200 se-

245 4235 309 4290 ptem
328 4236 409 4276 sectae
427 4233 483 4274 ante
503 4224 589 4274 Christi
609 4225 734 4273 adrentum
753 4223 814 4272 dle.
850 4220 931 4269 ludaei
950 4219 1013 4268 unde
1032 4220 1089 4269 dieti
1110 4218 1168 4270 roa.
