2867 5084
502 985 581 1036 ιισι.
599 938 782 1036 humor.
1088 975 1151 1038 257

107 1138 191 1224 σγρὴ
216 1136 390 1215 ἐπιτελεῖν,
414 1136 469 1203 ἵνα
490 1137 534 1224 μῆ
557 1137 615 1223 τῆν
638 1133 795 1221 ὁμόνοιαν
818 1137 1008 1222 χαράξωμεν
1026 1142 1085 1225 τῆς
1099 1138 1150 1206 ἐκ·

132 1238 287 1321 κλησίας,·
316 1238 391 1312 πῶς
420 1225 476 1300 οὖν
506 1234 642 1301 δύναται
669 1237 843 1302 τελεῖσθαι
873 1239 989 1316 ταύτας
1019 1237 1151 1320 λέγουσι

131 1333 194 1418 γὰρ
219 1333 251 1398 σί
274 1326 366 1398 αὐτοί
396 1326 581 1398 ἀπόστολοι
604 1329 672 1412 ὅτι,
704 1329 783 1399 ὅταν
811 1333 930 1399 ἐκεῖνοι
952 1328 1148 1416 εύωχῶνται,

131 1427 228 1512 ύμεῖς
256 1429 466 1515 νηστεύοντες
492 1426 577 1514 ύπέρ
611 1425 718 1495 αέτῶν
752 1437 925 1508 πενθεῖτε,
960 1427 1012 1495 ὅτι
1044 1431 1077 1496 ἐν
1110 1434 1150 1517 τῇ

130 1524 239 1615 ἡμέρᾳ
266 1531 325 1613 τῆς
347 1528 461 1614 ἑορτῆς
482 1528 539 1593 τὸν
561 1527 709 1611 Χριστὸν
732 1526 952 1610 ἐσταύρωσαν,
985 1527 1039 1592 καί
1071 1525 1174 1594 ὅταν5

132 1621 231 1691 αίτοί
253 1628 410 1691 πενθῶσι
432 1624 473 1691 τά
487 1623 617 1707 ’Ἀζυμα
640 1625 811 1702 ἐσθίοντες
827 1625 860 1690 ἐν
876 1631 1033 1707 πικρίσιν,
1058 1621 1151 1708 ὑμεῖς

132 1719 326 1804 εύωχεῖσθε.
372 1730 544 1805 συμβαίνει
583 1724 618 1788 δὲ
655 1717 775 1799 αύτούς
811 1722 844 1788 ἐν
880 1726 1015 1808 κυριακῇ
1047 1718 1152 1810 ἡμέρᾳ

126 1819 259 1903 Ἅζυμα
293 1821 479 1903 λαμβάνειν.
526 1819 780 1906 ἐπιφωσκούσης
816 1819 876 1904 γὰρ
909 1823 967 1905 τῆς
999 1825 1152 1907 κυριακῆς

133 1919 280 1999 ἑσπέρας
303 1918 458 1982 δύνανται
479 1918 576 1984 θύειν
599 1917 636 1983 τὸ
659 1917 788 1998 Πάσχα.
818 1915 902 2000 μετὰ
923 1916 984 2002 γὰρ
1008 1918 1151 2002 ἑσπέραν

132 2013 368 2098 παρελθόντος
390 2018 448 2080 τοῦ
472 2015 656 2099 σαββάτου,
688 2013 726 2080 ού
750 2015 904 2081 δύνανται
927 2015 1019 2100 ἐργον
1041 2017 1153 2083 ἐπιτε-
1163 2032 1191 2080 10

102 2114 215 2179 mezu.
248 2099 311 2194 δρα
332 2110 393 2196 γάρ
418 2108 525 2179 αύτῶν
548 2113 735 2192 θυσάντων,
760 2114 788 2180 εί
811 2113 991 2197 ἐγείρονται
1014 2110 1153 2196 εύωχού-

133 2234 246 2293 μενοι,
276 2213 350 2286 πῶς
378 2205 472 2294 ἡμεῖς
495 2210 528 2275 ἐν
550 2213 684 2296 κυριακῇ
708 2211 920 2295 πενθήσομεν
943 2214 997 2275 καί
1020 2209 1153 2294 νηστεύ-

136 2332 254 2390 σομεν,
289 2296 390 2385 αὖθις
418 2303 525 2373 αὐτῶν
555 2303 728 2384 άκοίοντες
757 2308 790 2374 ἐν
817 2312 856 2393 τῇ
881 2307 1029 2385 διατάξει
1059 2303 1152 2374 ὅτιὸ

134 2408 244 2472 κακῶν
267 2405 384 2472 ἑαυτοῦ
406 2405 464 2489 τῆν
488 2405 593 2492 ψυχῆν
616 2406 649 2471 ἐν
671 2408 805 2490 κυριακῇ
827 2402 1067 2487 ἐπικατάρατός
1083 2405 1155 2470 ἐστι

133 2507 183 2589 τῷ
197 2506 291 2588 θεῴ,·
321 2505 374 2568 καί
399 2499 477 2589 ὁρᾷς
500 2502 588 2590 πόση
612 2502 700 2568 ἐστίν
724 2500 873 2586 ἀκρίβεια
895 2505 950 2567 καὶ
973 2498 1152 2581 ἀντίθεσις,
1166 2518 1192 2566 15

134 2601 179 2687 μῆ
210 2601 391 2684 δυναμένης
419 2604 476 2686 τῆς
504 2607 731 2685 πραγματείας
758 2600 900 2665 κατὰτὸ
923 2599 1020 2685 ῥητὸν
1044 2599 1155 2667 ἐπιτε-

137 2701 294 2779 λεῖσθαι,·
324 2698 463 2783 νοήματι
492 2700 527 2764 δὲ
556 2702 650 2763 πᾶσα
673 2698 749 2781 ἐστη
773 2693 791 2783 ῆ
815 2694 959 2784 ἀλήθεια
979 2701 1037 2761 τοῦ
1059 2696 1156 2783 κηρύ-

137 2820 272 2881 γματος,
306 2803 359 2861 καί
384 2791 440 2861 ἀπ’
466 2791 565 2882 αὐτῆς
587 2799 644 2879 τῆς
668 2796 847 2874 διατάξεως
869 2799 934 2861 τῶν
958 2790 1155 2861 ἀποστόλων

140 2892 194 2960 ὅτι
217 2889 263 2959 δι’
290 2888 446 2976 ὁμόνοιαν
476 2889 520 2971 ῶς
543 2897 698 2979 συνῆκται
721 2897 779 2959 τοῦ
802 2894 900 2977 λόγου
924 2890 941 2957 ὁ
965 2893 1154 2976 σύνδεσμος,

85 2991 132 3051 3²4
141 2990 198 3059 ἐὰν
222 2992 472 3074 ἐπιτελέσωμεν,
495 2986 516 3077 ἢ
535 2995 587 3057 καί
605 2991 793 3069 ἐπιτελῶσι,
815 2991 899 3073 μετὰ
915 2991 1085 3077 ἰσημερίαν
1100 3004 1196 3056 ›za-2⁰

139 3088 217 3165 θῶς
238 3083 379 3154 κᾶκεῖνοι
401 3085 518 3172 άγουσι
541 3088 701 3165 πολλάκις
723 3114 758 3154 τε
780 3092 833 3153 καί
854 3083 964 3173 ἡμεῖς,
995 3090 1097 3153 πάλιν
1121 3089 1155 3153 δὲ

140 3184 211 3268 πρὸ
234 3188 291 3250 τοῦ
310 3187 510 3270 τελεσθῆναι
531 3185 589 3272 την
613 3186 793 3270 ἰσημερίαν,
817 3181 862 3262 ῶς
878 3185 996 3249 ἐκεῖνοι
1011 3183 1156 3268 ἄγουσιν,

141 3280 198 3351 ὅτε
225 3282 323 3366 μόνοι
351 3281 497 3366 ἄγουσιν.
543 3283 598 3350 ἐάν
629 3274 685 3347 οὖν
714 3287 766 3348 καί
790 3279 884 3368 ἡμεῖς
907 3281 1156 3363 ἐπιτελέσωμεν,

141 3387 343 3466 συμβέβηκεν
365 3376 442 3466 ῆμῖν
465 3380 498 3446 ἐν
522 3381 567 3446 ἐνί
593 3381 732 3465 ἐνιαυτῷ
749 3379 806 3445 δύο
823 3378 942 3460 Πάσχα
958 3378 1157 3458 ἐπιτελέσαι,

139 3479 224 3562 μετὰ
252 3478 424 3565 ἰσημερίαν
453 3481 505 3542 καί
535 3477 602 3562 πρὸ
631 3478 817 3563 ἰσημερίας,
847 3479 893 3562 τῷ
917 3477 952 3541 δέ
975 3474 1063 3560 ἄλλην
1086 3476 1197 3563 ίξῆςισ

140 3577 281 3662 ἐνιαυτῷ
304 3571 380 3641 οὐδὲ
403 3571 488 3652 ὅλως
518 3574 750 3658 ἐπιτελίσομεν
774 3574 909 3657 Πάσχα,
939 3576 992 3639 καί
1024 3569 1161 3661 εὑρεθῆ-

141 3696 237 3740 σεται
265 3672 304 3738 τὸ
327 3676 395 3739 πᾶν
418 3673 545 3759 πλάνης
568 3667 651 3739 εἶναι
675 3674 768 3756 ἔργον
791 3670 874 3758 ἥπερ
898 3666 1051 3759 άλῆθεια.
1093 3671 1160 3756 πρὸ

139 3771 201 3857 γὰρ
232 3771 404 3858 ἰσημερίας
433 3766 471 3837 ού
500 3770 762 3856 πληρωθῆσεται
789 3770 827 3835 τὸ
857 3770 945 3847 ἐτος,
977 3764 1053 3835 οδδέ
1075 3771 1160 3854 πλη-

141 3872 261 3956 ροῦται
288 3871 348 3933 τοῦ
377 3869 493 3934 κύκλου
521 3872 579 3934 τοῦ
609 3870 733 3951 δρόμου
763 3867 797 3933 ἐκ
828 3870 911 3934 θεοῦ
933 3877 1006 3944 τοῖς
1029 3862 1161 3950 άνθρῶ·

106 3989 224 4045 ιιποις
254 3970 452 4052 τεταγμένου
486 3961 503 4032 δ
538 3965 701 4044 ἐνιαυτὸς,
736 3965 792 4031 ἐὰν
824 3965 868 4050 μῆ
902 3966 1056 4049 παρέλθῃ
1092 3963 1163 4049 ίση-

94 4116 100 4125 .
138 4070 250 4149 μερία.

233 4166 280 4229 12.
312 4165 380 4227 Καὶ
399 4150 438 4248 ἦν
460 4162 520 4244 μὲν
542 4162 618 4244 περὶ
642 4158 760 4226 τούτου
784 4157 893 4224 πολλὰ
910 4159 1022 4243 λέγειν,
1047 4153 1092 4235 ῶς
1105 4182 1163 4224 κα-

138 4262 211 4338 λῶς
238 4257 441 4345 ποιήσαντες
469 4258 502 4326 σί
528 4264 686 4344 πατέρες,
716 4259 841 4341 μᾶλλον
870 4257 906 4323 δὲ
935 4249 983 4322 δι’
1008 4248 1117 4322 αύτῶν
1146 4251 1165 4322 ὃ

192 4359 342 4415 Epiphanius.
361 4359 400 4402 ΙΙΙ.
982 4359 1012 4411 l'l
1075 4390 1296 4600 n

212 4474 223 4500 ι
