2867 5084
526 984 635 1037 mu.
653 987 935 1038 Μινιισιιιιιτοι.
1198 977 1260 1039 273

236 1136 298 1199 καί
320 1129 401 1200 αὐτὸ
424 1129 599 1218 ἀλλότριον
620 1139 679 1224 τῆς
702 1133 807 1223 ὀρθῆς
828 1146 975 1214 πίστεως
996 1131 1261 1223 εἶναιφαίνεται,

238 1234 301 1295 τοῦ
325 1226 553 1316 εὐαγγελιστοῦ
577 1234 728 1317 λέγοντος
751 1235 826 1300 “καὶ
846 1234 930 1312 θεὸς
950 1223 990 1319 ἦν
1014 1229 1170 1318 ὁλόγος.”
1200 1233 1256 1319 ε’γά

239 1328 279 1392 δὲ
308 1322 452 1411 ἀκριβῶς
478 1328 657 1415 μεμάθηκα
686 1327 739 1396 ὅτι
770 1330 959 1412 ἀδιαίρετος
990 1334 1044 1396 καλ
1080 1327 1263 1415 ἀχάριστός

210 1423 336 1491 ῡέστιν
358 1422 377 1510 ἡ
402 1425 538 1508 δύναμις
559 1431 617 1491 τοῦ
641 1427 768 1509 πατρὸς
791 1424 808 1492 5
831 1427 910 1504 υἱός.
953 1421 1052 1504 αὐτὸς
1072 1429 1133 1512 γὰρ
1156 1426 1174 1493 5
1196 1452 1263 1493 σω-

241 1520 303 1606 τὴρ
332 1517 349 1586 5
377 1521 488 1605 κόριος
517 1519 607 1608 ἡμῶν
632 1518 755 1608 Ἰησοῦς
776 1524 924 1607 Χριστός
947 1547 1049 1609 φησιν
1074 1525 1127 1589 ··ἒν
1150 1525 1224 1606 ἐμοὶ
1244 1521 1287 1589 όο

241 1617 354 1703 πατὴρ
376 1616 464 1702 κάγιό
488 1619 520 1686 ἐν
543 1627 589 1703 τῷ
612 1624 742 1702 πατρί.”
788 1623 841 1685 καὶ
866 1620 950 1705 “Z-yn)
973 1623 1025 1686 καί
1056 1617 1073 1685 5
1097 1620 1205 1705 πατηρ
1230 1622 1262 1687 ἕν

241 1714 368 1797 ἕσμεν.”
397 1719 451 1782 καλ
475 1713 514 1781 “ό
538 1717 594 1798 ἐμὲ
617 1716 769 1800 ἑωρακὼς
785 1717 907 1799 ἑώρακε
925 1716 983 1783 τὸν
997 1721 1154 1800 πατέρα.”
1185 1718 1264 1783 ταό-

240 1838 303 1896 την
323 1816 377 1878 καὶ
400 1813 493 1895 παρὰ
514 1817 579 1878 τῶν
601 1822 705 1880 θείων
728 1817 865 1899 γραφῶν
894 1813 1037 1900 είληφώς
1066 1814 1123 1900 τὴν
1147 1822 1262 1881 πίστιν

242 1909 300 1976 καὶ
320 1910 414 1992 παρὰ
441 1915 506 1976 τῶν
538 1911 621 1976 κατὰ
649 1911 732 1976 θεὸν
759 1911 932 1994 προγόνων
962 1911 1133 1993 διδαχθείς
1166 1913 1199 1979 ἓν
1227 1939 1264 1980 τε

241 2010 282 2093 τῇ
306 2010 364 2071 τοῦ
388 2011 471 2072 θεοῦ
501 2007 654 2095 ἐκκλησίᾳ
685 2009 831 2092 κηρύττω
863 2012 917 2074 καὶ
946 2008 1031 2091 πρὸς
1060 2011 1096 2075 σὲ
1127 2013 1182 2075 νῦν
1210 2016 1262 2094 γέ·
1273 2022 1301 2072 10

241 2128 356 2189 γραφα
378 2103 417 2168 τὸ
440 2100 642 2190 ἀπέγραφον
670 2105 789 2172 τούτου
820 2101 896 2188 παρ’
929 2105 1058 2189 ἐμαυτῷ
1081 2106 1261 2187 κατασχών.

241 2203 296 2266 καὶ
321 2194 404 2278 ἆξιῶ
426 2201 465 2266 τό
488 2198 668 2269 άντίτυπόν
697 2227 734 2269 σε
755 2200 873 2267 τοότου
903 2205 942 2288 τῇ
970 2202 1056 2283 πρὸς
1083 2202 1159 2279 τοὺς
1188 2204 1263 2268 ἐπι-

240 2295 391 2375 σκόπους
414 2298 573 2384 ἐπιστολῇ
597 2299 770 2384 ἐγγράψαι,
793 2299 913 2383 ἵναμή
937 2324 1024 2375 τινες
1034 2303 1104 2381 ,τῶν
1121 2294 1264 2381 ἀκριβῶς

239 2394 284 2478 μὴ
310 2393 447 2461 εἰδότων
475 2392 562 2481 ἡμᾶς
589 2392 756 2473 κάκείνους
783 2407 856 2472 τοῖς
882 2390 938 2460 ὑπ’
970 2390 1077 2460 αότιῦν
1105 2406 1263 2480 γραφεῖσι

239 2499 462 2575 προσέχοντες
484 2489 716 2578 άπατηθῶσιν.
749 2495 927 2575 ἕρρωσθε.”
956 2491 1183 2575 πεπλήρωται
1273 2505 1301 2556 16

192 2598 234 2655 837
328 2598 359 2655 4.
389 2589 431 2656 Εἰ
452 2597 562 2656 τοίνυν
586 2585 603 2654 5
626 2591 776 2673 λίβελλος
799 2579 895 2667 οὗτος
917 2591 1024 2666 καλῶς
1046 2590 1120 2671 ἔχει,
1151 2590 1183 2655 οἱ
1206 2592 1262 2655 δυ-

236 2687 379 2770 νάμενοι
410 2681 650 2772 άναγυιότωσαν
678 2687 734 2753 καὶ
756 2687 789 2751 σί
811 2688 987 2769 δυνάμενοι
1016 2683 1200 2771 άκριβῶσαι
1221 2687 1263 2754 τὰ

234 2784 272 2851 ἐν
297 2777 388 2867 αότῷ
412 2784 580 2869 είρημέυα·
610 2783 665 2850 καὶ
695 2785 803 2867 εἰμὲν
825 2788 931 2862 κακῶς
954 2785 1034 2866 ἔχει,
1064 2780 1156 2851 αότολ
1189 2785 1262 2850 ιλια-

231 2887 451 2964 κρινίτωσαν.
493 2875 532 2946 οὗ
560 2881 620 2965 γὰρ
649 2883 842 2966 βουλόμεθα
870 2889 957 2965 πέρα
980 2871 1025 2948 ὧν
1047 2881 1261 2964 ἐπιστάμεθα

227 2981 292 3045 καὶ
317 2980 383 3043 τῶν
407 2978 453 3056 εἰς
475 2974 561 3063 ἡμᾶς
583 2979 751 3045 ἐλθόντων
774 2980 886 3063 λέγειν.
933 2979 962 3044 εί
989 2978 1050 3062 γὰρ
1078 2983 1132 3043 καὶ
1154 2979 1300 3055 καλῶςλο

229 3077 308 3157 ἔχει
331 3069 349 3138 5
371 3076 520 3158 λίβελλος
542 3076 576 3141 ἐκ
591 3080 649 3159 τῆς
670 3073 876 3155 ὑποθέσεως,
900 3076 1002 3142 πάλιν
1019 3076 1261 3160 διανοηθήσον-

224 3196 298 3238 ται
321 3170 353 3235 ολ
375 3171 621 3257 ἐντυγχάνοντὲς
643 3176 754 3240 τεκαὶ
779 3169 950 3249 άκοόοντες
975 3170 1026 3236 ότι
1049 3168 1106 3236 οόκ
1129 3172 1176 3248 είς
1198 3171 1262 3253 μά-

217 3295 309 3355 την,
334 3265 410 3336 οότε
432 3270 479 3346 εἰς
502 3264 675 3356 άργότητα,
700 3267 775 3335 οὔτε
797 3265 863 3334 κατ’
882 3269 1005 3334 ἐκείνου
1028 3268 1151 3351 ε’γίνετο
1172 3263 1260 3352 αὐτῷ

215 3364 435 3450 ἀπολογίας,
460 3366 489 3433 εί
510 3367 554 3453 μη
579 3365 643 3450 άρα
667 3367 802 3454 ἕξημεσε
825 3365 941 3449 λόγους
962 3362 1054 3441 τινάς
1076 3363 1261 3447 ταράσσον-

210 3487 296 3544 τας
319 3465 375 3529 καλ
399 3458 646 3548 ἀναγκάσαντας
669 3459 768 3528 αὐτὸν
791 3462 843 3539 ἐἷς
866 3456 1049 3546 ἀπολογίαν
1071 3458 1160 3550 ἥκειν
1182 3461 1299 3545 nemu

207 3566 303 3628 τῶν
326 3554 384 3625 ὑπ’
409 3557 509 3626 αὐτοῦ
534 3561 721 3646 εἰρημένων.
758 3565 932 3642 συμβαίνει
958 3558 1018 3643 γὰρ
1040 3560 1097 3625 καὶ
1117 3560 1201 3641 μετὰ
1221 3559 1261 3624 τὸ

208 3655 416 3746 «ἐσφάλθαι
438 3655 537 3724 αὐτὸν
561 3655 617 3723 διά
638 3661 697 3722 τοῦ
721 3659 871 3740 λιβέλλου
894 3652 1262 3741 όπεραπολογὴσασθαι

203 3757 289 3825 καὶ
315 3753 436 3821 ἑαυτὸν
459 3752 731 3840 διορθώσασθαι,
756 3749 775 3839 ἢ
797 3750 850 3817 ὅτι
871 3756 931 3837 μὲν
949 3757 996 3838 τῷ
1013 3755 1151 3839 λιβέλλφ
1168 3754 1261 3819 ἐκόσ-

206 3874 342 3942 μησεν
367 3845 469 3918 αότοῦ
491 3852 569 3930 τοὺς
591 3852 716 3936 λόγους,
747 3850 802 3915 ἵνα
829 3850 1031 3937 παρακρόψη
1054 3851 1096 3916 τὰ
1120 3846 1173 3917 ὑπ’
1203 3845 1261 3914 αό-

207 3952 292 4019 τοῦ
318 3950 477 4036 ῥηθέντα,
506 3949 626 4035 ἵναμὴ
651 3949 771 4033 ἐκπέσῃ
796 3947 852 4013 διὰ
873 3951 932 4033 τῆς
952 3954 1180 4032 καθαιρέσεως
1202 3950 1300 4012 vomo

216 4050 351 4116 κοινοῦ
374 4050 440 4113 τῶν
469 4047 664 4114 ἐπισκόπων
687 4044 847 4129 συλλόγου
877 4070 914 4110 τε
945 4047 998 4110 καλ
1026 4048 1086 4110 τοῦ
1113 4044 1259 4121 κανόνος.

221 4137 331 4229 ὅμως
358 4144 401 4211 τά
430 4147 508 4228 περὶ
537 4147 737 4229 Μαρκέλλου
771 4142 817 4219 είς
850 4137 936 4228 ἡμᾶς
969 4140 1114 4213 ἐλθόντα
1145 4144 1259 4208 ταῦτα.

227 4234 364 4327 ἠρόμην
388 4243 424 4308 δὲ
448 4236 548 4319 αότός
569 4241 632 4327 ἐγὼ
652 4241 760 4328 χρόνῳ
781 4243 846 4305 τινί
869 4237 926 4304 τὸν
941 4245 1122 4323 μακαρίτην
1141 4238 1260 4305 πάπαν

286 4343 435 4396 Epiphanius.
456 4342 493 4386 111.
1080 4343 1107 4393 18

1132 4424 1362 4624 fl
