2867 5084
461 985 556 1038 Lm.
576 989 824 1040 οατειυιιαοι.
1089 977 1151 1041 269

131 1140 171 1204 δὲ
195 1141 303 1204 πᾶσιν
324 1134 344 1222 ή
369 1148 409 1223 σή
432 1138 597 1223 ίρεσχελία
613 1138 711 1224 δῆλός
734 1138 813 1218 ἔστι,
847 1139 975 1227 πλάνης
997 1129 1081 1206 οὖσα
1102 1143 1155 1207 καὶ

133 1232 194 1302 οδκ
217 1229 389 1321 ἀληθείας.
436 1236 677 1323 φωραθήσεται
706 1237 741 1302 δὲ
771 1231 808 1302 οὗ
836 1236 938 1319 μόνον
968 1234 1034 1305 ὖττὸ
1064 1263 1157 1306 συνε-

132 1338 213 1413 τῶν,
248 1329 406 1399 ἀλλὰκαὶ
431 1329 498 1399 ὑπὸ
520 1337 586 1398 τῶν
620 1328 730 1417 ὀλίγον
757 1359 791 1399 τι
818 1337 875 1418 τῆς
903 1341 1001 1413 θείας
1029 1341 1157 1424 γραφῆς

133 1432 196 1518 τήν
219 1425 422 1497 ἀκολουθίαν
446 1431 740 1520 ἐπιγινωσκόντων,
768 1426 809 1496 δι’
833 1428 872 1517 ῆν
895 1427 952 1498 οὐκ
974 1432 1157 1520 ἐιτιδεηθί-

138 1554 245 1612 σομαι
267 1530 400 1594 πολλῶν
421 1528 611 1613 μαρτύρων,
643 1521 664 1614 ῆ
686 1528 813 1614 πολλῆς
835 1523 1038 1615 ἀνατροπῆς·
1084 1526 1184 1602 εὐαί-ο

109 1629 246 1693 (ἑλωτον
268 1626 328 1711 γάρ
352 1650 411 1692 σου
434 1635 472 1690 τὸ
495 1626 636 1713 διήγημα
663 1628 715 1691 καὶ
742 1621 760 1712 ή
784 1634 992 1704 κακοιτιστία,
1024 1626 1076 1693 διὸ
1099 1623 1158 1712 ἆρ-

134 1727 239 1802 κετῶς
262 1725 344 1806 ἔχειν
367 1724 408 1790 τὰ
430 1723 516 1808 πρὸς
539 1725 575 1790 σὲ
599 1723 759 1808 εἰρημένα,
791 1719 835 1801 ὡς
857 1718 926 1789 ἀπὸ
948 1728 1007 1808 γῆς
1029 1719 1156 1810 ἀναφύ-

133 1846 258 1900 σαντσς
279 1821 446 1887 κνωδάλου
470 1817 589 1887 ἀτόνου
611 1847 647 1887 τε
669 1826 722 1885 καὶ
747 1815 913 1904 δδυναμου
931 1826 978 1905 τῷ
1000 1823 1157 1939 ποδὶτοῆ

134 1919 237 2004 λόγου
271 1926 453 2033 συντρίψας
480 1923 533 1984 καί
563 1922 602 2004 τῆ
625 1922 683 1982 τοῦ
707 1922 790 1984 θεοῦ
820 1919 917 2002 λόγου
947 1914 1157 2008 ἀληθείᾳ,ἢ

134 2013 181 2096 ὥς
205 2015 394 2100 ἔλμιγγα,”
375 2041 447 2103 ητοι
469 2021 527 2101 γῆς
550 2016 750 2129 ἐντεριώνην,
775 2020 997 2100 καταλείψω.
1011 2014 1072 2105 ήδη
1095 2044 1156 2106 γαρ
1168 2040 1198 2090 ισ

133 2141 188 2181 και
215 2115 488 2200 διεσκεδαοθη)
460 2140 505 2192 εις
529 2109 638 2198 ὀλίγον
652 2113 823 2250 χρῆνονγ
805 2110 821 2178 r‘
846 2114 964 2180 τούτου
986 2119 1045 2181 τοῦ
1068 2111 1157 2202 ήιτα-

134 2219 277 2294 ιημίνσυ
307 2212 441 2296 αιρεσις.
487 2212 541 2277 ἐπὶ
567 2212 657 2277 δὲ
623 2237 682 2289 τας
705 2212 778 2297 ἑξῆς
800 2211 955 2297 συνήθως
976 2213 1096 2280 θεὸν
1082 2239 1157 2279 επι-

134 2309 338 2393 καλούμινος
359 2310 612 2394 προελεύσομαι.

541 2543 760 2552 ——--—-

109 2725 246 2814 ηΚατδι
265 2732 563 2818 Μαρκελλιανῶν
586 2722 659 2818 νβ’,
686 2733 750 2818 τῆς
774 2725 813 2828 δι’
837 2726 1066 2807 ἀκολουθίας
1087 2722 1157 2818 off.
1222 2732 1228 2743 ’

227 2903 253 2960 1.
287 2897 343 2978 Τιῆ
367 2895 401 2959 δὲ
425 2888 512 2977 αἰνῷ
535 2893 637 2960 πάλιν
657 2894 764 2979 χρόνῳ
793 2889 871 2965 (ὑπὸ
895 2896 928 2961 ’ἐν
950 2895 1011 2979 γὰρ
1034 2895 1157 2973 πάντες
1172 2921 1198 2969 ¹5

138 2981 234 3057 οὗτοι
262 2981 356 3077 ἦσαν)
384 2993 580 3075 Μάρκελλος
608 2999 737 3077 γέγονεν
767 2992 799 3058 ἐν
819 2987 967 3078 Ἁγκὺρη.
1020 2994 1067 3058 ἔτι
1096 2994 1156 3078 γὰρ

137 3092 195 3154 καί
226 3090 319 3173 δεῦρο
348 3087 417 3155 ἀπὸ
446 3093 504 3154 τοῦ
540 3091 632 3167 ἔτους
659 3089 777 3155 τούτου
807 3086 852 3167 ὡς
885 3084 954 3155 ιἰττὸ
984 3091 1041 3154 δύο
1077 3091 1158 3156 ε’τιῦν

243 3186 249 3202 Ι
1090 3182 1098 3206 )
1133 3187 1138 3202 Ι

137 3311 216 3351 τινα
244 3285 404 3366 διαίρεσιν
433 3285 466 3350 ἐν
494 3288 532 3370 τῆ
563 3285 714 3370 ἐκκλησίᾳ
745 3279 808 3349 ἀντ’
840 3280 938 3369 ἀρχῆς
966 3287 1023 3347 τοῦ
1057 3279 1158 3349 αὐτοῦ

85 3382 267 3475 ῶηχρόνου,
292 3378 403 3466 ὀλίγην
427 3384 462 3447 δέ
484 3409 557 3448 τινα
581 3383 709 3448 ἔννοιαν
733 3379 914 3467 ὑπέφαινεν
933 3371 1037 3459 οὗτος,
1062 3378 1201 3452 ἄστει-νο

137 3480 317 3564 κνιζόμενος
330 3483 499 3567 Σαβελλίφ
515 3507 550 3547 τε
565 3480 618 3547 καὶ
633 3479 776 3563 Ναμάτφ
800 3476 869 3544 ἀπὸ
891 3482 949 3544 τοῦ
972 3483 1038 3545 τῶν
1051 3477 1159 3565 Ἀρει-

138 3584 228 3646 ανῶν
250 3577 337 3664 πρὸς
359 3573 458 3643 αὐτὸν
481 3580 705 3661 παροξυσμοῦ,
730 3579 833 3662 δῆθεν
855 3574 912 3642 διὰ
926 3580 983 3654 τοῦ
1000 3579 1158 3662 λογισμοῦ

135 3680 198 3763 τῆς
218 3676 306 3759 πρὸς
327 3674 405 3769 τοὺς
423 3670 614 3759 Ἀριιανοὺς
637 3672 849 3751 ἀντιθέσεως.
884 3671 965 3743 ὅθεν
991 3680 1044 3741 καὶ
1067 3677 1159 3759 παρὰ

136 3801 239 3841 τινων
260 3776 508 3861 βλασφημεῖται
538 3769 607 3838 ἀπὸ
629 3779 757 3856 μέρους,
788 3769 833 3850 ὡς
856 3773 947 3859 ε’φην,
978 3775 1158 3857 Σαβελλια-

138 3875 206 3938 νῶν
229 3871 372 3958 ἐσχηκώς
393 3871 452 3957 τήν
475 3869 667 3954 ε’ρεοχελίαν.
699 3872 785 3948 τινὲς
808 3872 843 3936 δὲ
859 3866 942 3955 ὑπὲρ
959 3867 1059 3936 αὐτοῦ
1076 3866 1199 3941 ἀπε-ιε

138 3969 324 4056 λογῆσαντο
346 3968 389 4056 μή
414 3965 519 4047 οὕτως
542 3969 634 4051 ἔχειν,
658 3962 727 4033 ἀλλ’
749 3965 862 4051 ὀρθῶς
884 3963 983 4034 αὐτὸν
1004 3973 1160 4053 βεβιωκέ-

138 4093 206 4146 ναι,
228 4066 285 4132 καὶ
302 4071 349 4152 τῷ
366 4066 553 4154 φρονήματι
568 4061 667 4132 αὐτὸν
684 4061 797 4149 ὀρθῶς
813 4066 895 4147 ἔχειν
911 4065 1157 4149 διισχυρίζοντο.

138 4164 196 4232 διὸ
224 4165 333 4281 πολλή
362 4191 438 4250 περι
473 4164 592 4231 τούτου
623 4163 754 4250 ζήτησις
785 4168 904 4248 γεγονε.
949 4165 1002 4228 καὶ
1031 4160 1073 4228 τὰ
1100 4163 1160 4245 μὲν

985 4252 1159 4279 22>-

136 4262 266 4350 κρύφια
293 4266 352 4351 τῆς
380 4262 468 4331 ίννοί
455 4270 508 4342 ίας
534 4264 607 4347 θεῳ
640 4264 815 4347 εγνωσται,
850 4258 883 4326 ολ
912 4259 948 4326 δὲ
977 4285 1026 4326 αττ
1058 4284 1158 4326 αυτσυ

1100 4478 1291 4600 Α
