2867 5084
232 894 296 959 578
461 903 668 954 ιταωιυιον
684 902 780 951 xm
798 900 985 950 ,ιινεττιαια
1001 902 1031 951 r.

230 1054 325 1144 άγιον
341 1056 527 1124 σονενωθὲν
550 1052 670 1119 λοιπὸν
685 1056 724 1139 τῇ
741 1051 887 1137 θεότητι,
912 1039 1180 1134 ἀπαραλεὶπτως
1201 1054 1258 1139 της

231 1155 393 1240 θεότητος
416 1157 643 1238 συνηνωμένης
665 1154 711 1236 τῷ
734 1148 776 1215 τὰ
798 1151 935 1214 τοιαῦτα
957 1147 1156 1215 πεπονθότι
1176 1144 1256 1233 άγίηι

231 1251 373 1335 στόματι.
413 1244 530 1334 ἀνέστη
553 1247 615 1332 γὰρ
644 1247 698 1313 καὶ
723 1244 907 1334 συνηνωσεν
936 1242 1016 1311 αὐτὸ
1047 1245 1096 1323 εἷς
1130 1245 1255 1321 ἑαυτὸν,

233 1348 280 1427 εἰς
296 1351 330 1415 ἓν
346 1351 486 1430 πνεῦμα,
505 1345 551 1422 εἷς
565 1351 644 1429 μίαν
660 1343 806 1429 ἑνότητα,
832 1343 878 1421 εἷς
892 1349 972 1426 μίαν
988 1344 1196 1429 δοξολογίαν,
1214 1341 1308 1418 sigum

208 1451 311 1528 εμίαν
334 1444 451 1511 ἑαυτοῦ
475 1444 630 1526 θεότηια.
663 1447 791 1528 πέφηνε
812 1442 872 1524 μὲν
894 1440 955 1525 γάρ
973 1440 1006 1506 ἐν
1024 1435 1181 1528 ἀληθείᾳ,
1205 1442 1254 1505 καὶ

233 1539 440 1629 ἐψηλαφηθη
463 1537 530 1606 ὑπὸ
553 1541 611 1604 τοῦ
636 1542 751 1622 Θωμό,
781 1538 836 1602 καὶ
858 1549 930 1616 τοῖς
951 1532 1160 1617 ἀποστόλοις
1182 1562 1255 1604 συν-

232 1646 335 1727 έφυγε
357 1641 410 1704 καλ
434 1643 579 1715 συνέπιε,
604 1635 657 1702 καὶ
681 1636 885 1722 συνηυλίσθη
911 1631 979 1720 μετ’
1004 1630 1116 1701 αότιόν
1139 1658 1255 1701 τεσσα-

233 1736 375 1822 ράκοντα
402 1730 525 1822 ἡμέρας
552 1735 604 1799 καὶ
635 1732 879 1816 τεσσαράκοντα
909 1731 1033 1810 νόκτας.
1087 1727 1159 1798 ἀλλ’
1192 1732 1254 1799 εἰσ·

233 1835 319 1923 ἦλθε
355 1834 470 1915 θυρῶν
506 1832 754 1913 κεκλεισμένων,
803 1829 858 1894 καὶ
893 1829 977 1911 μετὰ
1012 1828 1052 1894 τὸ
1089 1830 1253 1897 εἰσελθεῖν·

197 1948 226 1999 ιο
235 1929 376 1996 ἐδείκνυε
399 1931 496 2011 νεῦρα
518 1929 570 1992 καὶ
596 1923 687 2004 όστᾶ,
712 1925 817 1993 τόπον
834 1923 919 2010 λη’λων
939 1930 991 1992 καὶ
1007 1927 1116 1993 τόπον
1132 1927 1253 2012 λόγχης,

237 2023 289 2092 ότι
313 2021 393 2090 αὐτὸ
416 2014 453 2113 ἦν
477 2019 637 2111 ἀληθινὸν
667 2021 705 2088 τὸ
729 2027 835 2105 σῶμα.
883 2020 936 2090 ότι
965 2025 1000 2090 δὲ
1023 2023 1183 2112 συνηφθη
1212 2023 1255 2101 εἰς

235 2130 314 2208 μίαν
338 2123 474 2209 ἑνότητα
495 2124 548 2187 καὶ
566 2128 646 2204 μίαν
662 2119 817 2207 θεότητα,
840 2126 956 2208 μηκέτι
978 2121 1255 2205 προσδοκώμενον

235 2227 379 2300 παθεῖν,
411 2223 525 2305 μηκέτι
554 2214 785 2304 ἀποθνῆσκον,
819 2214 865 2296 τός
887 2242 989 2305 φησιν
1012 2213 1029 2282 ό
1054 2214 1151 2303 άγιος
1172 2216 1277 2284 ἀπό-Β

237 2321 355 2396 στολος
378 2313 517 2400 Ηἀνέστη
540 2314 697 2399 Χριστός,
728 2310 835 2381 οόκέτι
860 2312 1080 2402 ἀποθνήσκει,
1111 2316 1256 2393 θάνατος

198 2430 226 2481 15
237 2410 337 2482 αἰτοῦ
361 2409 468 2481 οόκέτι
491 2413 659 2498 κυριεόει.”
688 2412 727 2477 τὸ
750 2410 906 2498 παθητόν
929 2407 1065 2491 ἀπαθὲς
1081 2407 1136 2480 ἀεὶ
1150 2420 1254 2496 μένον,

135 2554 144 2564 ·
236 2514 275 2577 τό
298 2512 412 2580 θεῑκὸν
435 2510 494 2578 σὺν
518 2509 647 2595 σάματι
670 2512 722 2576 καὶ
746 2513 832 2596 ψυχῇ
855 2512 908 2575 καὶ
925 2508 1016 2596 πάσῃ
1032 2513 1072 2596 τῇ
1089 2510 1255 2593 δνανθρω-

236 2608 353 2694 πησει,
384 2603 547 2686 αότόθεος
576 2602 636 2686 τόν,
668 2603 819 2674 ἀνελθών
848 2608 884 2673 δὲ
907 2607 953 2684 εἷς
976 2603 1154 2690 οὐρανοὺς,
1188 2605 1255 2673 ἐκά-

237 2713 336 2773 θισεν
359 2705 392 2771 ἐν
416 2706 507 2790 δεξιᾷ
530 2708 588 2769 τοῦ
612 2704 739 2786 πατρὸς
756 2704 789 2770 ἒν
806 2703 893 2790 δόξη,
918 2700 975 2770 οόκ
991 2698 1207 2788 ἀποθέμενος
1221 2703 1254 2769 τὸ

236 2805 343 2884 σῶμα,
368 2796 453 2866 ἀλλὰ
474 2799 660 2877 συνενιόσας
683 2800 730 2877 εἰς
752 2801 790 2865 τὸ
813 2800 1043 2884 πνευματικόν,
1079 2803 1113 2868 ἐν
1138 2801 1257 2870 τελειό-

199 2916 311 2983 τοτητι
333 2901 413 2979 μιᾶς
435 2895 605 2982 θεότητος,
636 2891 680 2975 τός
702 2900 755 2962 καὶ
780 2897 821 2964 τὰ
842 2894 935 2987 ἡμῶν
958 2898 1097 2982 στόματα
1128 2901 1255 2984 *μέλλει

237 2994 279 3059 τά
306 2996 362 3060 νῦν
392 2993 595 3077 σπειρόμενα
624 2997 770 3078 ψυχικάς
799 2995 988 3080 ἐγείρεσθαι
1016 3000 1254 3079 πνευματικῶς,

237 3091 279 3157 τὰ
307 3094 363 3156 νόν
393 3090 597 3177 σπειρόμενα
629 3091 663 3158 ἐν
691 3096 809 3179 φθορᾷ
842 3092 1031 3178 ἐγείρεσθαι
1058 3093 1093 3160 ἓν
1122 3090 1254 3182 ἀφθαρ-

237 3193 304 3274 σίᾳ,
328 3187 447 3256 τὰνῦν
471 3189 674 3275 σπειρόμενα
696 3189 730 3256 δν
746 3189 884 3276 θανάτῳ
908 3191 1097 3275 ἐγείρεσθαι
1121 3190 1157 3258 ἒν
1172 3186 1254 3257 ἀθα-

237 3289 363 3372 νασίᾳ.”
400 3287 429 3353 εἷ
451 3294 560 3354 τοίνυν
583 3285 624 3353 τὰ
647 3283 787 3372 ἡμέτερα
809 3283 924 3366 οότως,
953 3287 1050 3372 πόσῳ
1074 3313 1110 3372 γε
1133 3290 1274 3371 μᾶλλονΰ

197 3380 342 3451 musivo
371 3383 409 3448 τὸ
438 3380 530 3469 άγιον
558 3388 612 3450 καὶ
642 3379 871 3474 ἀνεκδιηγητον
900 3387 954 3450 καλ
977 3379 1174 3469 ἀσύγκριτον
1203 3382 1253 3452 καὶ

237 3474 417 3567 ἀκραιφνὲς
439 3485 485 3566 τῷ
508 3485 580 3566 θεῷ
604 3489 839 3568 συνηνωμένον,
869 3480 907 3547 τό
936 3485 970 3548 ἓν
994 3477 1030 3547 ὃν
1053 3483 1177 3550 λοιπὸν
1198 3506 1253 3567 μο·

237 3578 379 3658 νοειδές,
403 3572 447 3656 τός
469 3585 522 3643 καὶ
547 3577 579 3643 ἕν
602 3578 708 3665 τούτῳ
730 3591 890 3664 μαρτυρεῖ
912 3574 1138 3659 όάπόστολος
1160 3583 1252 3666 λέγων

238 3674 289 3742 “ελ
310 3677 363 3740 καὶ
388 3675 528 3760 ἔγνωμεν
551 3674 633 3742 κατά
656 3676 761 3762 σάρκα
782 3676 939 3762 Χριστόν,
969 3671 1078 3743 οόκέτι
1100 3679 1252 3762 γινώσκο·

236 3775 324 3855 μεν.”
361 3765 418 3854 οὐχ
447 3768 499 3838 ότι
528 3774 631 3840 διεῖλε
665 3775 723 3863 τὴν
757 3775 861 3858 σάρκα
894 3767 964 3839 ἀπό
997 3776 1055 3862 τῆς
1085 3776 1249 3863 θεότητος,

197 3861 306 3934 θοάλλ
324 3862 423 3955 αὐτὴν
445 3872 505 3954 μὲν
528 3860 630 3937 οὖσαν
652 3871 707 3938 καὶ
729 3875 776 3958 τῷ
794 3875 863 3957 θεῷ
882 3877 1121 3958 συνηνωμένην,
1144 3879 1251 3961 μηκέτι

238 3966 274 4031 δὲ
297 3954 398 4033 οὖσαν
421 3967 504 4034 κατὰ
527 3969 646 4054 σάρκα,
682 3964 766 4035 ἀλλὰ
793 3969 876 4034 κατὰ
903 3973 1049 4052 πνεῦμα,
1085 3967 1131 4049 τός
1165 3993 1249 4059 φησι,

236 4062 321 4128 κατὰ
354 4069 483 4150 πνεῦμα
519 4062 701 4151 ἁγιωσύνης
735 4067 770 4145 ἓξ
802 4062 1012 4145 ἀναστάσεως
1048 4072 1171 4153 νεκρῶν
1200 4067 1250 4134 τιό

236 4168 349 4245 κυρίου
371 4158 462 4246 ἡμῶν
482 4159 585 4249 Ἰησοῦ
602 4168 761 4248 Χριστοῦ,
789 4168 906 4231 τοῦτον
929 4160 1013 4248 ὁμοῦ
1029 4164 1113 4233 θεόν
1129 4166 1249 4250 ἔχουσα,
