2867 5084
493 954 588 1008 οκνι.
606 957 821 1007 αιυικιιοι..
1120 945 1162 1008 93

228 1113 282 1175 66.
309 1102 587 1191 Ἐπιλαμβάνεται
611 1106 715 1174 πάλιν
737 1108 849 1192 ἑτέρου
870 1107 970 1195 ῥητοῦ
993 1107 1041 1188 ελς
1061 1114 1162 1193 μέσον

140 1210 266 1290 φέρων,
287 1206 343 1270 καλ
365 1205 409 1292 μὴ
433 1208 517 1272 νοῶν
539 1205 581 1273 τά
603 1205 637 1272 ἐν
654 1201 744 1291 αύτῷ
760 1206 926 1291 λγιελμενα
942 1205 1061 1291 ἑτέρως
1075 1231 1163 1291 παρ-

139 1300 314 1388 ερμηνεύιι
340 1305 399 1387 τῆς
426 1302 658 1390 σωτηριώδους
686 1304 901 1381 διδασκαλίας
926 1303 986 1389 τὴν
1013 1304 1161 1388 δύναμιν,

141 1397 202 1467 διά
222 1397 263 1465 τό
283 1398 446 1486 εἰρηκέναι
466 1400 525 1466 τὸν
546 1404 680 1488 σωτῆρα
703 1397 757 1466 ότι
779 1403 926 1483 *δρχεται
946 1396 1087 1484 δόρχιυν
1102 1404 1161 1466 τοῦ

138 1496 268 1581 κόσμου
289 1496 417 1575 τούτου,
441 1497 495 1563 καὶ
518 1497 551 1564 ἒν
575 1499 646 1580 ἐμοὶ
671 1492 766 1564 οὐδὲν
787 1503 853 1564 τῶν
877 1493 977 1563 αύτοῦ
994 1495 1185 1581 εόρλσκει”.5

138 1593 198 1661 καὶ
220 1594 323 1663 πάλιν
344 1593 438 1679 παρὰ
457 1598 506 1681 τῷ
528 1590 706 1682 άποστόλῳ
730 1593 782 1662 ὅτι
807 1592 846 1661 “ό
868 1594 951 1673 θεὸς
965 1599 1024 1660 τοῦ
1040 1596 1161 1673 αἰῶνος

139 1691 260 1758 τούτου
289 1691 459 1780 ἐτύφλωσε
486 1692 530 1759 τά
558 1694 704 1781 νοήματα
725 1697 792 1759 τῶν
814 1688 983 1768 άπλστιυν,
1013 1690 1160 1776 πρόςτδ

138 1788 186 1874 μὴ
214 1789 417 1875 καταυγάσαι
443 1789 503 1856 τὸν
532 1788 705 1878 φωτισμόν
733 1795 792 1858 τοῦ
815 1787 1002 1876 εὐαγγελίου
1024 1794 1082 1876 τῆς
1104 1790 1161 1856 δό-

108 1888 230 2006 υξης”.
261 1887 383 1970 ἴδοιμεν
405 1894 514 1956 τοίνυν
538 1888 567 1956 ελ
589 1887 696 1973 ἄρχων
718 1893 776 1955 τοῦ
791 1891 916 1972 κόσμου
930 1887 1059 1967 τούτου,
1082 1893 1160 1971 περλ

140 2008 182 2051 ου
215 1981 234 2050 ό
266 1985 376 2069 κύριος
409 1986 509 2071 λέγει,
543 1985 750 2072 βληθήσεται
781 1984 879 2053 κάτω.
927 1985 1003 2053 “ἒύιν
1033 1987 1069 2053 δὲ
1098 1986 1200 2070 ἕγώιο

139 2077 294 2161 ύψιυθῶ,
329 2083 458 2161 πάντας
490 2083 614 2149 ἑλκύσω
648 2083 734 2168 πρὸς
762 2083 938 2167 ἔμαυτόν”·
971 2091 1046 2150 τίνα
1075 2085 1160 2168 λέγει

137 2178 285 2262 ἄρχοντα
312 2183 371 2246 τού
398 2179 523 2264 κόσμου
545 2181 683 2261 τούτους
711 2182 765 2246 καὶ
790 2181 819 2248 ελ
840 2182 900 2264 μὲν
922 2180 981 2246 τὸν
1003 2179 1160 2262 διάβολον

138 2280 244 2362 λέγει,
274 2281 348 2356 πῶς
376 2273 562 2364 δἸωάννης
589 2278 623 2345 ἐν
644 2280 692 2363 τῷ
715 2274 890 2362 εὐαγγελίῳ
914 2280 1071 2360 περὶτοῦ
1094 2299 1161 2342 σιο-

135 2377 241 2459 τῆρος
268 2375 354 2460 λέγει
383 2370 436 2441 ότι
465 2375 512 2453 εἰς
538 2375 580 2442 τὰ
608 2377 680 2441 ἰ’δια
708 2365 830 2462 ἦλθεν,·
861 2369 989 2457 δρῶμεν
1018 2373 1079 2459 γάρ
1101 2372 1161 2451 τάς

138 2472 204 2538 δύο
232 2472 331 2552 λέξεις
360 2471 481 2550 ταύτας
506 2467 703 2551 ἀντιθέτους
724 2472 810 2556 πρὸς
832 2466 984 2555 ἀλλήλας.
1031 2466 1049 2536 δ
1072 2465 1198 2537 dud-15

139 2569 263 2648 ατολος
288 2570 349 2654 γάρ
377 2567 602 2658 φησιν·“όλος
624 2566 642 2635 δ
664 2568 790 2653 κόσμος
810 2571 844 2638 ἐν
865 2572 913 2654 τῷ
935 2571 1071 2656 πονηρῷ
1092 2579 1170 2641 κεῖ--

137 2691 208 2745 ται,
237 2669 291 2733 καλ
314 2668 348 2735 δν
370 2671 417 2753 τῷ
439 2666 552 2755 κόσμῳ
572 2658 612 2754 ἦν
636 2662 654 2733 ό
677 2667 812 2754 οωτήρ”.
857 2670 932 2745 πῶς
954 2665 1020 2751 ἄρα
1042 2667 1074 2733 οἱ
1097 2661 1161 2750 άμ·

140 2764 280 2851 φότεροι
306 2765 579 2853 γωρηθὴσονταις
608 2765 637 2833 ελ
666 2761 744 2843 όλος
771 2761 790 2831 ό
817 2763 941 2848 κόσμος
970 2765 1003 2832 ἐν
1025 2767 1073 2850 τῷ
1095 2787 1161 2830 πο-

140 2864 229 2949 νηρῷ
251 2872 368 2942 κεῖται,
391 2866 459 2929 ποῦ
479 2863 586 2942 τόπος
607 2866 654 2949 τῷ
677 2866 802 2950 σωτῆρι
820 2862 853 2928 ἐν
868 2865 915 2948 τῷ
930 2861 1043 2949 κόσμῳ
1070 2862 1160 2929 ἐστὶν

85 2956 228 3028 θειελναι
255 2956 356 3026 αύτὸν
385 2959 419 3028 ἐν
446 2962 493 3045 τῷ
521 2961 651 3047 κόσμηι,·
680 2959 736 3026 καὶ
765 2961 794 3027 εἰ
823 2960 894 3026 ἴδια
921 2959 1071 3044 τυγχάνει
1100 2963 1199 3025 τοῦιι)

138 3058 216 3125 υἱοῦ
238 3061 302 3124 τοῦ
330 3061 414 3124 θεοῦ
440 3057 483 3124 τά
510 3062 568 3124 τοῦ
596 3058 737 3140 κόσμου,
768 3068 869 3135 ποῖος
890 3055 997 3141 άρχιον
1018 3057 1160 3141 κυριεύει

138 3159 208 3223 τῶν
229 3159 291 3223 τοῦ
313 3159 395 3224 θεοῦ
418 3156 531 3237 iditum
553 3156 583 3223 εἰ
606 3157 641 3222 δὲ
664 3150 722 3220 οὐκ
744 3155 834 3222 ἔστιν
852 3155 924 3220 ἰ’δια
937 3158 996 3219 τοῦ
1011 3155 1085 3220 υἱοῦ
1101 3157 1159 3219 τοῦ

139 3256 227 3322 θεοῦ
248 3252 292 3320 τά
313 3254 346 3319 ἐν
367 3256 415 3339 τῷ
438 3252 560 3339 κόσμῳ,
586 3262 687 3330 ποῖος
710 3249 817 3336 ἄρχων
838 3255 897 3318 τοῦ
919 3250 1044 3335 κόσμου
1068 3275 1161 3319 συνε-

136 3350 239 3435 χιύρει
262 3352 334 3416 ἴδια
356 3345 441 3418 ελναι
462 3354 521 3416 τοῦ
543 3354 691 3437 σωτῆρος
712 3349 755 3415 τά
776 3350 809 3417 ἐν
831 3353 878 3436 τῷ
901 3350 1032 3437 κόσμῳ,·
1054 3355 1108 3415 καὶ
1131 3347 1161 3417 ελ

137 3453 201 3515 τοῦ
224 3449 297 3515 υλοῦ
319 3452 379 3515 τοῦ
399 3451 483 3515 θεοῦ
510 3448 661 3534 τυγχάνει
683 3443 701 3511 δ
724 3445 860 3530 κόσμος,
891 3449 965 3526 πῶς
986 3447 1198 3531 σονεγιύρειεο

138 3545 276 3631 ἄρχοντι
304 3543 362 3614 τόν
390 3547 477 3614 ἰ’διον
498 3547 622 3629 κόσμον
643 3550 808 3626 mmm
837 3545 900 3612 ελσλ
924 3546 961 3638 δὲ
982 3544 1105 3624 πάντες
1127 3545 1160 3611 ολ

138 3643 237 3730 λύγοι
266 3648 327 3731 τῆς
357 3649 455 3723 θελας
485 3646 614 3730 γραφῆς
645 3641 679 3710 ἐν
710 3650 817 3731 σοφίᾳ
840 3642 1014 3727 εἰρημένοι,
1045 3643 1161 3721 καθὼς

138 3736 244 3821 αότδς
264 3736 285 3807 δ
305 3740 416 3826 κύριος
437 3743 524 3826 λέγει
546 3730 670 3826 “ἦλθεν
681 3734 830 3826 Ἰωάννης
852 3740 886 3807 ἐν
909 3736 976 3826 ὁδῷ
992 3739 1161 3807 δικαιοσύ-

111 3838 255 3925 ww}
271 3837 407 3920 ἐσθίων,
430 3830 513 3926 μήτε
526 3844 644 3914 πίνων,
667 3838 723 3903 καὶ
738 3840 878 3922 λέγουσι,
896 3838 1068 3922 δαιμόνιον
1085 3837 1159 3919 ἔχει.

138 3926 249 4025 ἢλθεν
271 3930 290 4003 δ
310 3937 384 4016 υλος
402 3939 463 4003 τοῦ
486 3933 671 4021 άνθριύπου
688 3934 815 4001 δσθλυιν
829 3938 882 4002 καλ
898 3944 1015 4014 πίνων,
1038 3937 1091 4001 καλ
1108 3936 1200 4000 λέ-οθ

138 4057 268 4123 γουσιν,
291 4032 374 4115 λδοά,
397 4033 582 4117 ἄνθρωπος
593 4031 700 4120 φάγος
713 4034 768 4099 καλ
784 4032 971 4117 οἰνοπότης,
987 4032 1093 4118 1φίλος
1107 4057 1160 4099 τε·

140 4133 260 4201 λευκῶν
286 4134 342 4198 καλ
369 4127 589 4216 ἁμαρτωλῶν,
618 4131 672 4196 καλ
702 4129 883 4216 ἐδικαιώθη
911 4125 931 4214 δ
962 4135 1069 4218 σοφλα
1090 4124 1160 4196 άπό

139 4234 210 4297 τῶν
238 4232 358 4297 τέκνων
384 4223 509 4316 αύτῆς”.
555 4230 630 4306 πῶς
658 4228 694 4293 δὲ
715 4222 735 4315 ἡ
759 4234 864 4315 σοφία
886 4226 1067 4315 ἐδικαιώθη
1090 4224 1160 4295 όπο

1145 4536 1288 4664 Ρ
