2867 5084
187 947 248 1009 104
412 959 619 1011 ιαιιοινιοι
634 961 731 1011 xm
748 961 934 1011 amm
949 963 980 1011 ιι.

184 1106 290 1190 οὕτως
313 1111 343 1179 εί
364 1111 421 1178 καί
444 1110 502 1177 δύο
519 1111 582 1178 είσλ
600 1111 771 1199 διαθῆκαι,
795 1106 880 1179 ἀλλὰ
896 1107 943 1191 εἷς
959 1107 976 1178 δ
992 1113 1084 1192 θεὸς,
1108 1109 1203 1192 ότάς

183 1208 242 1275 δύο
272 1215 423 1293 θέμενος.
467 1211 521 1276 καί
550 1209 608 1275 διὰ
633 1214 733 1277 τοῦτο
763 1203 800 1276 ού
831 1211 889 1275 δύο
918 1213 1048 1297 κέκληκε
1076 1210 1202 1289 καινὰς,

183 1300 261 1373 οὐδὲ
289 1307 347 1373 δύο
375 1306 538 1387 παλαιάς,
568 1301 652 1374 ἀλλὰ
679 1314 760 1390 μίαν
781 1306 930 1374 παλαιὰν
952 1310 1007 1374 ναί
1028 1317 1108 1391 μίαν
1130 1335 1202 1374 και-

182 1403 250 1490 νήν.
296 1411 350 1471 καί
379 1428 463 1492 φησι
493 1403 656 1526 6διαθήκη
686 1403 765 1470 δὲ’
751 1407 807 1471 επὶ
831 1416 958 1489 νεκροῖς
978 1405 1136 1490 βεβαίαέ
1138 1429 1202 1484 στι,

159 1500 237 1568 οδιὸ
259 1504 311 1568 καί
334 1498 354 1587 ή
377 1502 491 1617 πρώτη
515 1500 591 1570 ἀνευ
615 1502 755 1585 αι’ματος
778 1498 835 1569 οόκ
857 1502 992 1587 ἐγένετο.
1024 1503 1121 1588 ἔλαβε
1131 1503 1205 1619 γὰρ

182 1603 333 1686 Μωυσῆς
353 1600 394 1665 τὸ
414 1595 497 1683 αἷμα
517 1602 584 1665 τῶν
604 1599 750 1683 τράγων,
773 1603 828 1665 καὶ
851 1599 1039 1719 ἐρράπισεν
1062 1596 1204 1667 αὐτότὸ

180 1699 311 1781 βιβλίον
333 1700 387 1762 καὶ
409 1697 467 1764 τὸν
489 1696 578 1763 λαόν
610 1695 667 1762 διὰ
688 1700 786 1762 τοῦτο
808 1700 861 1763 καί
885 1695 904 1781 ή
929 1699 1063 1783 δευτέρα
1081 1699 1202 1766 ἐπί”
1154 1725 1204 1785 τῳ

180 1794 320 1880 θανάτῳ
341 1797 399 1859 τοῦ
422 1798 571 1879 σωτῆρος
592 1792 696 1881 ἐδόθη
721 1795 882 1882 διαθήκη”
893 1817 899 1831 ·
930 1792 1034 1863 ὁπότε
1055 1796 1204 1880 μάλιστα

181 1891 218 1956 αἱ
241 1885 428 1977 ἀμφότεραι
451 1886 607 1976 ἀλλήλαις
621 1891 830 1980 συνᾴδουσιν,
854 1889 949 1979 ήμὲν
965 1895 1131 1979 λέγουσα*
1134 1890 1204 1961 οάκ

144 2002 174 2052 10
183 1988 328 2073 ἐκλείψει
350 1988 458 2073 ἀρχισν
481 1988 516 2068 ἐξ
533 1984 645 2067 Ἰούδα,
670 1984 782 2056 ουδὲς
763 1989 943 2076 ηγούμενος
957 1992 991 2057 ἐκ
1006 1995 1071 2058 τῶν
1086 1996 1232 2079 μηρῶνΰ

182 2081 300 2166 αδτοῦ,
329 2087 391 2164 ἕως
418 2080 458 2154 ἀν
485 2076 624 2173 ε’λθη
597 2112 624 2150 ω
647 2081 838 2166 ἀπόκειται,
842 2085 965 2175 ”ἡδὲ
989 2087 1168 2173 δευτέρα“
1149 2115 1204 2157 οτι

181 2183 285 2262 “θεύς
306 2174 344 2269 ῆν
367 2184 401 2251 ἐν
423 2187 580 2270 Χριστῷ,
603 2184 727 2268 κόσμον
749 2186 1023 2252 καταλλάσσων“
1008 2191 1132 2273 εαυτηῑ,
1156 2188 1202 2275 μή

181 2282 289 2368 λογιζ
274 2306 390 2367 ομενος
413 2277 527 2360 αύτοῖς
550 2281 592 2349 τὰ
614 2281 903 2367 παραπτώματαῗ
933 2310 986 2350 και
977 2246 1149 2350 πολλδι”
1130 2310 1205 2353 εστι

181 2383 258 2466 περί
281 2381 398 2447 τούτου
422 2383 535 2466 λέγειν,
560 2380 617 2446 διά
639 2381 748 2467 δὲτην
764 2388 942 2466 συντομίαν
957 2380 1203 2468 ὑπερβήσομαι.

144 2491 173 2543 16
277 2486 327 2545 75.
371 2481 533 2563 Δένδρεσι
570 2479 605 2544 δὲ·
634 2478 870 2565 ἐξηραμμίνοις
901 2482 954 2545 καὶ
988 2480 1205 2567 γεγηρακόσιν

182 2571 352 2655 ἀπεικάζει
374 2576 477 2642 πάλιν
499 2573 600 2656 νόμον
621 2579 674 2642 καί
697 2575 891 2662 προφήτας,
921 2578 1025 2663 δῆθεν
1048 2574 1118 2644 ἀπὸ
1141 2583 1203 2644 τοῦ

181 2674 281 2760 ῥητοῦ
304 2663 343 2738 ού
365 2674 491 2757 εἴρηκεν
514 2667 553 2736 “ό
576 2672 677 2756 νόμος
698 2676 752 2739 καί
774 2674 807 2739 οἱ
829 2677 1002 2760 προφῆται
1018 2671 1204 2753 ἓωςΊωάν-

180 2774 264 2836 νου”.
301 2771 355 2835 καί
378 2764 473 2836 οὐδὲν
494 2769 613 2836 τούτου
635 2765 865 2856 ήλιθιιότερον.
906 2778 973 2838 τίνι
993 2772 1053 2857 γάρ
1077 2767 1114 2837 ού
1139 2797 1204 2840 σα-

181 2868 242 2954 φὲς
264 2862 403 2951 ὑπάρχει
426 2863 479 2932 ότι
500 2869 739 2954 πληρωθέντος
760 2873 819 2935 τοῦ
841 2866 909 2936 ὑπὸ
930 2873 996 2934 τῶν
1015 2875 1202 2955 προφητῶν

142 2966 478 3050 λοκαταγγελλομίνου
502 2964 724 3051 ε’τελέοθησαν
748 2967 779 3033 σί
802 2970 993 3054 προφῆται,
1017 2966 1046 3033 εἰ
1065 2967 1127 3052 γὰρ
1151 2970 1232 3036 ἔτει)

178 3066 354 3150 προφῆται
386 3060 522 3150 ἤρχοντο
549 3064 820 3147 καταγγέλλοντες
848 3065 996 3149 Χριστὸν
1025 3063 1203 3149 ἐρχόμενον

179 3155 250 3228 ἀπὸ
278 3167 432 3245 Μαρίας,
461 3158 558 3226 ούπω
585 3160 734 3245 Χριστὸς
762 3162 976 3250 ἐπεδήμησεν.
1022 3162 1107 3228 ἔοικε
1137 3164 1204 3249 γὰρ

179 3254 199 3345 ή
222 3255 390 3338 ἀπόθεσις
411 3254 492 3344 αύτη
514 3257 655 3343 τοιούτῳ
676 3261 740 3324 τινί
765 3259 954 3344 πράγματι·
977 3255 1021 3336 ιύς
1041 3261 1202 3344 βασιλεὺς

179 3357 308 3440 μέλλων
337 3351 523 3444 ἀποδημεῖν
552 3355 599 3434 είς
620 3355 729 3440 χώραν
751 3362 949 3440 προπέμπει
971 3356 1115 3423 ἕνιόπιον
1139 3355 1202 3426 αύ-

140 3456 240 3519 Ἇτοῦ
264 3453 436 3540 ίφίππους
457 3453 740 3537 προετοιμαστὰς,
770 3456 1111 3539 προκαταγγέλτορας,
1143 3459 1200 3523 καλ

180 3546 262 3618 ὅσον
285 3546 302 3636 ή
326 3557 495 3635 παρουσία
517 3551 644 3637 φθάνει
665 3555 724 3616 τοῦ
742 3553 914 3635 βασιλέως,
938 3553 1086 3638 τοσούτῳ
1101 3557 1204 3622 πλεί-

179 3672 239 3727 ους
260 3648 293 3714 οί
314 3651 373 3733 τῆς
393 3654 580 3733 παρουσίας
601 3645 735 3734 κήρυκες
757 3649 1048 3734 προλαμβάνοντες
1074 3651 1132 3716 καὶ
1164 3651 1202 3720 ἐν

177 3756 254 3825 ταῖς
275 3745 395 3812 πόλεσι
417 3744 459 3812 τὰ
479 3749 538 3831 τῆς
559 3752 746 3829 παρουσίας
768 3749 1021 3832 διαγγέλλοντες.
1053 3745 1139 3814 ἐπὰν
1163 3750 1202 3817 δὲ

179 3842 300 3932 φθάσῃ
332 3839 350 3909 ό
378 3842 534 3929 βασιλεύς
563 3843 730 3910 εἰσελθεῖν
759 3845 806 3923 είς
832 3844 890 3930 τήν
918 3844 1034 3924 πόλιν,
1067 3851 1119 3924 τίς
1149 3848 1201 3915 ἔτι

138 3947 270 4026 ωχρεία
296 3940 442 4027 κηρύκων
450 3970 461 4024 ,·
489 3948 541 4019 τίς
568 3941 617 4008 ἔτι
637 3947 731 4025 χρεία
753 3940 928 4027 ἐφίππων,
958 3935 1066 4027 ήτῶν
1088 3940 1259 4011 ἀλλωνθω

177 4041 244 4105 τῶν
271 4037 622 4126 προκαταγγελλόντων
649 4038 709 4125 τήν
731 4042 790 4104 τοῦ
811 4041 976 4122 βασιλέως
997 4047 1199 4123 παρουσίαν,

178 4128 283 4203 δπότε
309 4131 409 4214 αύτδς
438 4131 455 4201 δ
482 4136 638 4221 βασιλεὺς
671 4136 765 4203 ἔνδον
798 4132 956 4221 ἀπάρχει,
984 4133 1072 4203 οὕτω
1100 4142 1156 4206 καί
1181 4139 1201 4207 ὁ

178 4228 279 4313 νόμος
300 4232 355 4299 καὶ
376 4234 410 4302 σί
430 4237 603 4323 προφῆται
621 4228 884 4317 ἀχριςλωάννου.
917 4229 1066 4301 Ἰωάννου
1088 4236 1124 4303 δὲ
1140 4264 1201 4327 κη-

98 4422 344 4662 Λ
