2867 5084
735 553 741 563 ι

579 966 710 1018 twa.
729 968 935 1018 κιιιοινιτιι.
1134 984 1138 999 =
1196 956 1259 1020 485

235 1123 415 1202 πείραται,
448 1116 490 1183 τὰ
518 1118 629 1184 πάντα
652 1119 742 1200 ἔσχεν
765 1118 875 1184 ἐλθὼν
900 1114 917 1182 ό
940 1118 1045 1204 λόγος.
1091 1121 1201 1186 πάντα
1223 1121 1260 1187 δὲ

237 1218 323 1299 ἔχων
351 1209 494 1301 άηττητα
517 1215 550 1281 ίν
573 1211 662 1301 αύτῷ
684 1206 740 1302 ἦν,
775 1214 919 1296 όὶχραντά
940 1243 976 1284 τε
998 1217 1183 1304 διετήρησε,
1206 1223 1259 1284 τέ-

239 1316 330 1391 λειος
358 1307 403 1378 ὢν
433 1313 528 1391 θεὸς,
559 1313 592 1378 ίκ
615 1314 735 1395 σαρκός
756 1320 966 1398 γεγενημένος
987 1318 1038 1380 καί
1063 1317 1197 1393 τελείως
1217 1313 1259 1381 τά

182 1433 227 1483 021
238 1411 351 1477 πάντα
373 1410 566 1493 πληρώσας,
599 1407 643 1488 τός
667 1413 842 1495 πλη-ρωεης
865 1405 910 1474 τόν
933 1407 1010 1475 ὅλου
1031 1416 1090 1476 τοῦ
1113 1413 1256 1492 σκεύους,

236 1508 281 1594 μὴ
316 1515 533 1594 μερισθείσης
564 1511 622 1594 τῆς
655 1507 775 1590 σαρκός
808 1503 1004 1593 ἀναρμόστῳ
1038 1509 1283 1593 ίπιτηδεύσει,ε

236 1605 282 1692 μη
306 1606 550 1689 πορελκυσθεὶς
572 1609 620 1690 τῷ
646 1608 704 1669 τοῦ
735 1609 791 1671 νοῦ
815 1600 938 1690 ἀλλοίην
967 1605 1001 1672 έν
1029 1603 1107 1693 ἡμῖν
1137 1607 1259 1692 φρονη-

236 1728 327 1786 ματι.
366 1698 404 1768 ού
426 1705 487 1787 γάρ
512 1698 529 1766 ό
553 1706 628 1779 νοῦς
651 1698 743 1790 ἡμῶν
766 1703 813 1780 είς
835 1701 873 1766 τό
896 1699 1095 1787 ἁμαρτάνειν
1114 1699 1191 1790 ἡμῖν
1206 1728 1258 1788 γε·

236 1806 378 1886 γένηται,
402 1795 486 1866 ἀλλὰ
509 1800 624 1865 διὰτὸ
648 1810 785 1865 σκοπεῖν
808 1803 874 1866 τῶν
896 1801 930 1867 έν
952 1796 1029 1889 ἡμῖν
1045 1797 1259 1884 ἀναθεωρου-

235 1904 344 1980 μένων
367 1891 433 1963 κατ’
459 1892 585 1983 ἀμφοῖν
609 1898 811 1980 πραγμάτων
844 1898 886 1964 τά
913 1901 1022 1965 τέλεια
1050 1903 1102 1965 καὶ
1127 1899 1184 1985 τὴν
1207 1898 1260 1983 ίρ·

236 2001 356 2081 γασίαν
378 1997 436 2078 τῆς
452 1994 660 2080 δικαιοσύνης
675 1997 727 2059 καὶ
746 1995 980 2082 ἐναντιότητος.
1013 1999 1109 2074 *νοῦς
1123 1999 1182 2078 μέν
1197 1996 1258 2081 γάρ
1272 2022 1300 2070 ιο

236 2093 368 2179 ῥήματα
391 2094 558 2174 διακρίνει.
590 2092 710 2175 λάρυγξ
738 2093 774 2157 δὲ
797 2103 873 2158 σῖτα
896 2094 1025 2177 γεύεται
1047 2096 1099 2158 καί
1125 2088 1259 2180 ὀφθαλ-

235 2189 300 2272 μός
321 2199 475 2254 κατανοεῖ
497 2192 548 2254 καί
573 2193 648 2267 νοῖς
672 2185 763 2275 όρᾷ.”
803 2187 918 2273 ίίρασις
942 2194 1125 2257 τοίνυνκαὶ
1149 2194 1260 2274 γεῦσις

236 2290 290 2353 καί
316 2286 478 2370 διάκρισις
507 2282 524 2350 ό
548 2291 623 2364 νοῦς
1070 2292 1152 2354 θεοῦ
1182 2284 1259 2372 ἡμῖν

207 2390 483 2468 ῃκεχαρισμένος,
519 2381 615 2448 ούπω
639 2385 672 2449 δὲ
697 2384 975 2468 συγκαταθετικός
1002 2388 1068 2450 τῶν
1097 2380 1146 2450 άεί
1170 2409 1259 2469 γινο-

236 2489 361 2566 μένιυν,
397 2480 452 2547 ε’άν
481 2480 524 2569 μη·
549 2482 632 2566 θίλη
663 2477 680 2543 ό
710 2479 902 2562 ἄνθρωπος.
947 2479 966 2570 η
991 2483 1026 2548 δὲ
1049 2482 1133 2566 σάρξ
1151 2477 1201 2549 ἀεὶ
1225 2483 1258 2549 ίν
1272 2506 1298 2555 15

236 2579 330 2666 πάσῃ
352 2582 461 2664 γραφῇ
486 2573 748 2663 ἀποκηρύττεται
771 2579 826 2644 διά
848 2580 906 2665 την
926 2580 959 2645 ίν
983 2574 1064 2666 αὐτῇ
1087 2585 1259 2665 γινομένην

237 2677 440 2758 ἐπιθυμίαν,
471 2671 509 2740 ού
533 2676 667 2753 πάντως
690 2678 726 2742 δὲ
748 2671 849 2765 αύτην
871 2679 929 2762 την
953 2676 1057 2762 σάρκα
1072 2672 1258 2765 ἀποκηρύτ-

235 2800 304 2852 τει,
337 2769 421 2840 άλλὰ
449 2773 490 2838 τά
519 2773 554 2852 ίξ
576 2768 675 2861 αύτῆς
697 2773 852 2857 γινόμενα
881 2770 1081 2861 ἀπεκήρυξεν
1112 2772 1257 2859 όλόγος,

235 2867 285 2950 τός
307 2873 369 2958 ἔφη
399 2866 416 2935 ό
440 2866 629 2949 ἀπόστολος
653 2866 750 2937 “olda
772 2872 832 2957 γάρ
856 2868 908 2938 ότι
930 2867 987 2937 ούκ
1010 2873 1094 2938 οίκεί
1116 2873 1149 2939 ίν
1174 2874 1256 2956 ίμοί,

233 2975 407 3035 τουτέστιν
430 2967 464 3034 ἓν
486 2972 524 3054 τῇ
548 2975 644 3051 σαρκί
671 2992 752 3051 μου,
784 2966 947 3055 άγαθόν,”
986 2971 1041 3036 διά
1068 2971 1110 3037 τά
1140 2970 1173 3036 ίκ
1201 2973 1298 3056 τηςεο

235 3066 358 3152 σαρκός
387 3066 605 3151 ε’πιφυόμενα.
651 3066 706 3132 ἵνα
736 3069 769 3132 δὲ
800 3063 1047 3153 άιιοκρούσηται
1080 3072 1145 3134 τῶν
1169 3068 1258 3150 αίρέ·

235 3187 323 3231 σεων
345 3163 403 3249 τὴν
426 3163 593 3239 διάνοιαν,
631 3163 674 3248 μη
699 3190 772 3241 πως
797 3173 959 3247 νομίσωσι
981 3165 1038 3250 την
1062 3163 1166 3246 σάρκα
1188 3163 1258 3230 άπὸ

233 3264 297 3345 τῆς
317 3264 384 3326 τῶν
411 3263 532 3343 νεκρῶν
561 3254 772 3338 ἀναστάσεως
802 3257 1036 3347 άπηλπίσθαι,
1072 3263 1156 3346 λέγει
1186 3263 1259 3328 “dez

201 3358 277 3431 ετδ
301 3358 455 3445 φθαρτὸν
477 3360 574 3421 τοῦτο
598 3357 804 3424 ἐνδύσασθαι
821 3355 1026 3445 ἀφθαρσίαν,
1050 3362 1102 3425 καί
1120 3359 1159 3424 τό
1176 3366 1257 3446 θνη·

232 3456 296 3524 τὸν
318 3460 416 3522 τοῦτο
440 3454 645 3521 ἐνδύσασθαι
670 3449 886 3533 άθανασίαν,”
915 3456 970 3521 ἵνα
996 3455 1041 3542 μὴ
1071 3458 1297 3541 παρεκβάλ-νῡ

233 3557 306 3621 λων
327 3553 368 3619 τά
391 3554 469 3636 ἔργα
491 3556 549 3636 τῆς
572 3551 700 3635 σαρκός,
726 3551 747 3617 ἃ
771 3553 875 3635 σάρκα
898 3555 1019 3620 εἴωθεν
1041 3550 1184 3642 ἡγραφη
1201 3581 1258 3621 κα-

233 3656 318 3730 λεῖν,
343 3657 519 3735 νομισθείη
543 3649 602 3737 την
624 3650 746 3715 ίλπίδο
767 3653 824 3734 τῆς
840 3648 1051 3729 ἀναστάσεως
1066 3656 1123 3736 τῆς
1139 3653 1259 3734 σαρκός

232 3747 488 3835 παρεκβάλλειν.
519 3746 561 3812 τά
582 3746 644 3831 γάρ
668 3747 745 3831 ἔργα
766 3748 808 3812 τά
830 3748 863 3813 ἐν
879 3743 960 3834 αὐτῇ
976 3748 1131 3832 γινόμενα
1147 3751 1259 3835 φαῦλα

232 3850 358 3935 σαφῶς
387 3839 603 3928 ἀπεκήρυξεν,
639 3838 739 3930 υότην
769 3846 804 3910 δὲ
830 3845 890 3932 την
926 3845 1030 3929 σάρκα
1058 3841 1152 3930 άγιον
1179 3845 1258 3911 ναόν

230 3945 421 4023 ἐπέδειξεν,
444 3941 479 4009 ἒν
500 3944 546 4025 τῷ
571 3935 745 4025 άγιάσαντι
767 3937 869 4007 αὐτοῦ
891 3941 949 4030 τῂν
972 3943 1086 4026 σάρκα,
1116 3942 1199 4007 κατὰ
1220 3940 1298 4010 τδεο

228 4044 460 4134 γεγραμμένον
483 4035 536 4104 ὅτι
560 4045 742 4124 ’θρησκεία
766 4040 800 4106 δὲ
823 4038 957 4123 καθαρά
971 4042 1018 4125 τῷ
1034 4043 1106 4106 θεῶ
1121 4043 1175 4105 καλ
1192 4065 1258 4104 πα-

228 4144 288 4225 τρὶ
313 4135 395 4224 αότη
418 4135 517 4215 ἐστίν,
549 4134 816 4203 ἐπισκέπτεσθαι
840 4132 1006 4223 ὀρφανοὺς
1027 4139 1081 4202 καὶ
1102 4135 1202 4224 χήρας
1224 4137 1258 4204 έν

229 4240 277 4326 τῇ
311 4237 435 4320 θλίψει
468 4227 593 4311 αὐτῶν,
632 4231 777 4301 ἄσπιλον
812 4232 928 4303 ἑαυτὸν
960 4238 1070 4320 τηρεῖν
1097 4228 1167 4300 άπὸ
1198 4237 1257 4301 τοῦ
