2867 5084
268 488 272 503 η
369 488 374 497 a

243 901 309 964 ¹108
473 913 676 962 ετιυινιοκ
692 912 789 961 xm
807 910 995 960 ιιντῑτιιπ
1010 911 1040 959 r.

243 1067 296 1130 καὶ
321 1064 499 1150 έμωράνθη
528 1067 597 1141 πᾶς
619 1060 803 1146 ἄνθρωπος
824 1056 894 1129 ἀπὸ
921 1060 1100 1147 γνώσεως.”
1142 1055 1183 1127 οὗ
1205 1060 1301 1146 γάρο

243 1186 294 1239 τις
317 1162 422 1247 ἑαυτῷ
447 1163 493 1248 ζῇ,
518 1157 594 1227 οὐδὲ
617 1161 723 1246 ἑαυτῷ
746 1155 964 1247 ἀποθνήσκει,
1003 1153 1080 1224 οῦδέ
1108 1184 1160 1236 τις
1183 1158 1267 1243 γνώ-

245 1281 338 1324 σεται
361 1253 456 1325 οῦδὲν
480 1258 586 1344 πάρεξ
605 1262 664 1324 τοῦ
687 1260 781 1336 θεοῦ,
804 1260 863 1322 τοῦ
886 1251 1169 1335 ἀποκαλύψαντος
1187 1252 1269 1342 ἡμῖν

243 1355 301 1441 την
334 1350 497 1442 ἀληθινὴν
530 1363 645 1423 πίστιν
672 1350 774 1421 αὐτοῦ
808 1356 959 1438 λέγοντος
986 1342 1104 1430 “οῦτός
1127 1353 1219 1419 ἔστιν
1248 1349 1268 1419 ὃ

219 1451 315 1531 ουίός
336 1479 400 1536 μου
425 1450 443 1521 ὁ
466 1449 644 1539 ἀγαπητὸς,
673 1455 726 1519 καί
750 1446 851 1519 αι’·τοῦ
875 1446 1008 1518 ἀκούετε
1018 1454 1040 1484 ·”
1072 1454 1209 1516 καὶτοῦ
1233 1450 1272 1529 ἐξ

244 1545 345 1616 αὐτοῦ
377 1559 607 1638 γεγεννημένον
637 1548 918 1628 ἀποκαλύψαντος
943 1546 1022 1636 ἡμῖν
1050 1547 1108 1614 τὸν
1136 1554 1268 1630 πατέρα

244 1643 346 1714 αὐτοῦ
379 1653 432 1715 καὶ
462 1649 612 1733 λέγοντος
646 1646 729 1732 “ε’γιῦ
752 1646 784 1713 ἔκ
807 1651 866 1712 τοῦ
889 1646 1017 1728 πατρὸς
1040 1645 1182 1731 ἐξῆλθον
1212 1649 1266 1711 καί

243 1741 341 1831 ἥκω.”
376 1746 431 1812 καὶ
454 1744 529 1811 οὔτε
552 1742 621 1810 ἀπὸ
645 1739 826 1826 ὀνομασίας
849 1739 1095 1827 ἀνθρώπωντί)
1111 1738 1269 1828 ἀσύγκρι-

243 1865 301 1907 τον
325 1842 397 1924 ἔσχε
419 1840 501 1919 θεὸς
523 1840 599 1907 οὔτε
622 1841 678 1907 διὰ
699 1841 738 1906 τὸ
762 1837 954 1927 ἀσύγκριτον
978 1835 996 1927 ἡ
1019 1835 1096 1919 ἀξία
1110 1843 1169 1904 τοῦ
1187 1835 1308 1926 &lq-&51

209 1942 345 2004 Ιθθινοῦ
369 1938 596 2004 ἔνυποσιάτου
618 1942 701 2004 θεοῦ
730 1939 828 2023 λόγου
857 1938 911 2005 καὶ
941 1939 975 2005 ίκ
1003 1936 1131 2022 πατρὸς
1163 1931 1269 2020 ἀνάρ-

242 2063 310 2120 χως
339 2031 525 2119 ῦμοουσίως
558 2043 789 2122 γεγεννημένου
821 2035 1148 2120 παρεκτραπήσεται,
1191 2032 1269 2102 οὔτε

246 2129 409 2218 ὁποτέρου
438 2137 504 2199 τῶν
534 2128 705 2218 ὀνομάτων
732 2132 825 2217 χάριν
855 2135 985 2216 ἔχοντος
1014 2132 1180 2210 ἐπινοίαις
1209 2128 1270 2198 ἀν-

244 2231 405 2315 θρώπιον.
442 2227 537 2298 οῦδὲν
565 2230 625 2317 γὰρ
655 2230 947 2314 προσλαμβάνεσαι
978 2229 1017 2295 τὸ
1045 2238 1142 2297 θεῖον
1165 2225 1269 2309 ἀξιώ-

244 2354 349 2411 ματος
372 2323 392 2414 ἢ
415 2329 619 2417 προσθήκης,
643 2323 723 2394 αῦτὸ
741 2329 774 2393 δὲ
791 2329 830 2393 τὸ
845 2337 943 2395 θεῖον
963 2331 1049 2393 πᾶσι
1072 2332 1210 2410 παρέχει
1234 2327 1268 2394 ἐκ

209 2430 304 2490 15τοῦ
338 2422 438 2491 αἰτοῦ
471 2427 706 2512 πληρώματος,
745 2421 794 2492 ἀεί
829 2426 862 2492 ἐν
898 2425 1072 2510 ταυτότητι
1109 2431 1270 2508 μένοντος

244 2522 299 2587 καὶ
332 2522 376 2609 μη
411 2524 664 2606 ἐλαττουμένου,
705 2518 773 2590 ἀλλ’
799 2523 832 2589 έν
861 2526 899 2609 τῇ
930 2523 999 2608 ίὸίᾳ
1026 2529 1186 2609 φέροντος
1215 2517 1269 2589 ἀεὶ

245 2615 344 2706 οῦσίμ
384 2625 442 2685 τοῦ
486 2616 647 2703 ὀνόματος
683 2621 739 2687 καὶ
780 2620 948 2704 δυνάμεως
986 2626 1038 2685 καὶ
1077 2617 1194 2698 οῦσίας
1227 2619 1298 2685 τὸΒ

246 2713 385 2798 ἀξίωμα.

331 2814 381 2896 ιγ’.
413 2814 454 2879 Εἰ
477 2815 603 2892 ἔξωθεν
619 2815 860 2899 ἐπιθεωρεῖται
875 2819 922 2900 τῷ
938 2818 1009 2900 θεῷ
1025 2814 1064 2880 τὸ
1080 2811 1268 2900 ἀγέννητον,

204 2909 277 2975 2οοῖ
300 2909 590 2995 έπιθεωρήσαντες
612 2916 670 2978 τοῦ
692 2913 986 2998 έπιθεωρηθέντος
1002 2913 1084 2979 εἰσίν
1100 2907 1269 2995 ἀμείνους,

244 3017 391 3090 κρεῖττον
416 3004 520 3092 ὄνομα
541 3013 599 3092 τῆς
622 3010 753 3096 φύσεως
776 3006 865 3095 αὐτῷ
888 3009 1117 3093 πορισάμενοι.
1177 3041 1184 3052 ’

326 3101 527 3193 Ἀνατροπη.
559 3103 720 3191 Ἀμείνων
745 3104 852 3184 οῦὸείς
875 3111 1015 3173 θεοῦ-
1031 3107 1116 3192 πρὸς
1135 3103 1271 3172 Ἀέτιον

244 3227 302 3286 μοι
325 3200 344 3289 ἡ
362 3206 457 3285 λέξις,
481 3205 537 3271 τὸν
554 3202 658 3284 οῦτως
675 3204 909 3291 ε’πινενοηκότα
924 3242 966 3251 -
988 3200 1033 3282 ὡς
1056 3206 1120 3287 ἔχει
1141 3200 1160 3290 ἡ
1184 3201 1300 3291 ‹iij-c

244 3307 333 3365 θεια.
373 3306 447 3380 πῶς
468 3303 528 3388 γὰρ
552 3301 694 3387 ἀμείνων
717 3306 801 3369 θεοῦ
825 3303 874 3387 εἴη
897 3328 957 3379 τις,
984 3306 1049 3367 τιῦν
1074 3303 1209 3368 πάντιον
1234 3303 1270 3368 ἐκ

204 3400 328 3462 νοθιοῦ
351 3398 390 3462 τὸ
414 3395 498 3466 εἶναι
528 3401 729 3488 εἰληφότων,·
766 3399 874 3465 αίτίου
904 3401 939 3465 δὲ
969 3397 1064 3476 ὄντος
1092 3403 1150 3465 τοῦ
1181 3403 1270 3467 θεοῦ

244 3496 310 3559 τιῦν
339 3489 394 3559 ῦπ)
426 3491 526 3561 αἰτοῦ
555 3505 771 3582 κεκτισμένων
799 3499 937 3582 λογικιῦν
970 3523 1005 3563 τε
1038 3497 1092 3561 καὶ
1126 3493 1272 3582 ἀλόγων,

244 3585 374 3673 ὁρατιῦν
395 3619 430 3659 τε
452 3596 506 3659 καὶ
523 3589 683 3677 ἀοράτων,
708 3592 851 3679 ἀμείνων
867 3590 967 3671 αὐτὸς
982 3594 1053 3659 ἔστι
1071 3594 1164 3678 παρὰ
1180 3596 1271 3660 πάν-

243 3714 318 3767 τας,
352 3687 412 3755 κάν
439 3717 475 3757 τε
505 3692 537 3756 οἱ
567 3693 690 3777 λογικοί
722 3695 871 3769 διανοίας
904 3698 1050 3777 γένοιντο
1085 3686 1192 3777 ὀρθῆς
1221 3692 1274 3772 είς

245 3780 423 3870 εὐσέβειαν,
446 3792 505 3853 τοῦ
527 3797 691 3874 γεραίρειν
712 3789 750 3856 τὸ
774 3788 910 3872 ἀμεινον
933 3784 1002 3855 ἀπὸ
1024 3794 1153 3873 μέρους,
1183 3791 1272 3875 μηδὲ

202 3879 331 3962 δοῦλως
353 3888 418 3951 τῶν
441 3884 576 3953 πάντων
599 3887 654 3953 ἐπὶ
677 3886 716 3952 τὸ
747 3884 828 3952 αὐτὸ
850 3891 1090 3967 συναχθέντων,
1122 3888 1176 3951 καὶ
1205 3912 1272 3969 μυ-

244 3985 325 4061 ρίων
353 3981 505 4050 ἐπέκεινα
529 3985 786 4072 ὁιανενοημένων
814 3983 900 4065 πρὸς
925 3979 1027 4066 ῦμνον
1055 3985 1139 4048 θεοῦ
1169 3982 1272 4050 έπεκ·

242 4084 415 4147 τείνεσθαι
438 4083 626 4165 δυναμένων
648 4081 733 4165 πρὸς
754 4080 793 4145 τὸ
815 4081 940 4144 τέλειον
968 4082 1026 4165 τῆς
1046 4075 1145 4165 αὐτῆς
1167 4079 1270 4165 δόξης

243 4171 278 4237 έν
294 4173 425 4255 ἑαυτοῖς
440 4179 654 4261 έμπεριέχειν,
675 4174 939 4261 ῦπερβαινοῦσης
954 4171 1007 4242 ἀεὶ
1017 4180 1075 4260 τῆς
1092 4170 1301 4257 ἀμείνονοςίξ
