2867 5084
149 193 1354 457 u

645 518 649 531 λ

298 945 362 1008 286
525 958 729 1007 σσιψιυιον
745 959 840 1007 τιτι
857 959 1044 1009 mmmm
1061 963 1088 1009 r.

292 1101 494 1193 Ἀντιοχείᾳ,
525 1103 569 1184 ῶς
591 1115 801 1193 πρσέφαμεν,
826 1108 996 1196 ἕκτεθείση
1024 1136 1062 1176 τε
1082 1116 1200 1178 πίστει
1220 1113 1260 1197 τῇ
1282 1110 1339 1181 hc

295 1216 368 1283 τοῖς
391 1205 574 1289 ἒμκαινίοις,
602 1200 685 1270 άλλά
707 1210 761 1271 καὶ
784 1207 817 1272 έν
840 1210 879 1292 τῇ
901 1209 1055 1292 Σαρδικῇ,
1079 1205 1117 1292 ἢν
1141 1203 1314 1295 ἀνείληφεν

295 1299 315 1387 ἡ
340 1302 373 1367 ίν
388 1308 515 1386 Σιρμίῳ
532 1301 679 1379 σύνοδος,
702 1306 850 1380 καὶτοῖς
873 1303 1000 1370 ἐκεῖθεν
1016 1306 1200 1388 λογισμοῖς,
1224 1307 1314 1387 διαρ-

296 1399 443 1482 θρώσειν
466 1395 608 1482 άκρηίῶς
629 1399 687 1485 την
710 1400 758 1477 εἰς
779 1399 837 1485 την
861 1396 956 1483 άγίαν
983 1400 1104 1483 τριάδα
1131 1405 1190 1488 τῆς
1213 1407 1314 1466 καθο-

272 1498 387 1582 5λικῆς
410 1497 579 1583 ἐκκλησίας
601 1504 726 1574 πίστιν,
754 1498 839 1580 πρὸς
863 1499 897 1562 δὲ
919 1501 1026 1574 τοῦτο,
1051 1493 1097 1575 ῶς
1112 1505 1310 1585 πρσίφημεν,

296 1598 353 1679 τῆς
373 1600 586 1676 καινοτομίας
600 1593 638 1658 τὸ
655 1589 743 1670 εἶδος
756 1594 868 1675 μόνον,
893 1590 937 1671 ῶς
953 1594 1098 1660 ἐνεδίδου
1118 1593 1158 1659 τὸ
1174 1599 1307 1678 πνεῦμα,

295 1688 588 1775 ῦπαμσρεῦσαντες.
618 1694 672 1755 καὶ
688 1692 942 1774 παρακαλοῦμεν
960 1687 1052 1773 ὑμᾶς,
1076 1690 1184 1775 κύριοι
1199 1690 1306 1774 τιμιώ-

295 1812 392 1852 τατοι
420 1789 680 1871 συλλειτουργσὶ,
712 1786 911 1869 ἐντυχόντες,
951 1785 1003 1853 ὅτι
1032 1787 1199 1875 ε’ράσθητε
1220 1787 1304 1874 τῇίι

295 1890 448 1966 πατέρων
471 1887 704 1970 παραδοθείσῃ
729 1891 858 1962 πίστει,
891 1887 945 1950 καί
974 1882 1018 1963 ῶς
1046 1884 1212 1972 ου’μηνωνα
1237 1882 1301 1968 ὑμῖν

258 1992 288 2041 10
297 1985 497 2066 φρονοῦμεν,
540 1977 584 2059 ῶς
617 1980 883 2063 πεπιστεύκαμεν
921 1978 1222 2069 ὗποσημηνασθαι,
1255 1982 1318 2046 λ’νσθ

294 2079 609 2165 πληροφορηθέντες
641 2079 674 2143 05
709 2077 768 2162 την
801 2074 900 2164 αῦτην
935 2075 1088 2161 ἀσέβειαν
1126 2080 1297 2162 ἐπεισάγει

292 2177 487 2260 τολμῶντες,
512 2172 565 2241 ὅτι
585 2175 741 2259 καθάπερ
763 2175 881 2260 κλῆρόν
903 2202 978 2241 τινα
1000 2176 1057 2261 την
1082 2176 1115 2241 ἐκ
1138 2181 1205 2243 τῶν
1226 2172 1295 2243 άπιν

294 2276 455 2339 στολικῶν
474 2273 599 2358 χρόνων
623 2272 679 2338 διά
700 2277 767 2337 τῶν
791 2272 824 2337 έν
847 2276 893 2356 τηῦ
914 2279 1005 2357 μέσην
1036 2270 1111 2356 άχρι
1138 2277 1193 2340 καὶ
1221 2269 1294 2360 ἡμῶν

294 2377 447 2455 πατέρων
475 2367 716 2454 ὑποδεξάμενοι
744 2377 859 2435 πίστιν
883 2369 1105 2455 φυλάσσομεν,
1139 2364 1160 2456 ἢ
1182 2371 1292 2452 αἶσχυν·

257 2474 410 2545 ίδθέντες
439 2468 743 2554 διορθωθησονται,
776 2461 797 2552 ἢ
820 2466 1030 2549 ἐπιμένοντες
1052 2462 1290 2554 άποκηρυχθῶίί

293 2569 351 2649 της
374 2564 559 2650 ἐκκλησίας,
592 2563 650 2648 την
679 2559 891 2629 ἀποστασίαν
919 2568 965 2649 τῷ
995 2564 1055 2648 υἱῷ
1084 2568 1146 2650 τῆς
1164 2560 1288 2647 άνσμίῦςι

295 2660 331 2738 ὃς
352 2663 476 2742 τολμᾶν
500 2657 633 2726 άπειλεῖ
653 2660 709 2724 καὶ
732 2661 778 2738 εἷς
799 2660 857 2725 τὸν
880 2659 958 2725 ναὸν
983 2664 1042 2726 τοῦ
1066 2665 1150 2728 θεοῦ
1172 2663 1289 2728 καθίσαι

294 2756 366 2842 ἤδη,
397 2751 442 2821 δι’
468 2756 584 2822 ἑαυτὸν
607 2758 1009 2840 προπαρασκευάζοντες.”

379 2859 407 2919 3.
439 2848 505 2916 “Ἡ
524 2859 639 2930 πίστις
660 2849 752 2936 ἡμῶν
776 2855 823 2932 είς
845 2861 973 2938 πατέρα
993 2857 1047 2921 καὶ
1063 2855 1136 2920 υἱὸν
1150 2858 1203 2921 καί
1218 2849 1321 2938 3755ss

253 2949 460 3032 ἳθπνεῦμά
446 2974 545 3015 εστιν.
591 2947 677 3015 οῦτω
700 2951 761 3036 γάρ
785 2952 934 3017 ἐδίδασκε
961 2952 1039 3029 τοῦς
1061 2952 1179 3019 ἑαυτοῦ
1200 2953 1291 3036 μαθη*

291 3047 352 3126 τὰς
387 3042 405 3111 5
441 3046 551 3131 κῦρισς
584 3043 676 3135 ἡυῶν
701 3049 824 3160 Ἰησοῦς
851 3048 999 3131 Χριστὸς
1032 3049 1137 3115 είπῶν
1171 3065 1291 3157 πσρεη

291 3151 408 3224 θέντες
429 3145 662 3232 μαθητεύσατε
684 3146 795 3211 πάντα
823 3145 865 3211 τά
888 3146 985 3230 ἔθνη,
1014 3147 1231 3229 βαπτίζοντες
1249 3131 1292 3209 σῦ-

290 3243 368 3321 τοὺς
391 3244 438 3321 είς
459 3242 498 3308 τὸ
521 3241 625 3325 ὄνομα
654 3247 713 3308 τοῦ
743 3241 870 3325 πατρὸς
897 3245 950 3307 καί
979 3248 1038 3307 τοῦ
1068 3244 1142 3309 υἱοῦ
1170 3248 1223 3310 καὶ
1249 3237 1292 3306 τοῦ

292 3335 386 3422 ἁγίου
409 3341 624 3422 πνεῦματος.”
655 3336 772 3405 οὐκοῦν
795 3341 828 3405 05
851 3335 1111 3423 άναγεννῶμενοι
1130 3341 1177 3420 είς
1191 3341 1295 3423 ταύτην

252 3435 348 3519 νετην
371 3443 486 3501 πίστιν
509 3432 651 3521 εὐσεβῶς
673 3449 761 3503 νοεῖν
782 3437 843 3515 τὰς
865 3436 898 3502 ἐκ
913 3439 979 3502 τῶν
995 3432 1168 3519 ὀνομάτων
1184 3439 1299 3514 ἑννοίας

291 3526 478 3616 ὀφείλομεν.
524 3528 562 3598 05
590 3533 651 3617 γάρ
680 3530 771 3611 εἷπε,
804 3534 931 3617 βαπτί
913 3557 1021 3612 οντες
1050 3529 1170 3613 αῦτσὺς
1200 3562 1247 3616 εις
1270 3533 1304 3600 εδ

291 3625 397 3747 ῦνρμα
418 3632 476 3694 τσῦ
500 3624 645 3711 άσάρκσυ
667 3634 722 3696 καὶ
745 3625 1032 3715 σαρκωθέντος,’
1012 3658 1031 3718 η
1054 3635 1113 3696 τοῦ
1137 3629 1305 3701 ἀθανάτου

289 3728 344 3792 καὶ
372 3725 523 3791 θανάτου
552 3737 671 3810 πεῖραν
700 3722 932 3811 λαβὸντσς,ι’]
959 3723 1071 3792 τοῦ)
1053 3728 1232 3814 αγεννητσυ
1259 3734 1308 3800 καλ

289 3826 452 3907 γεννητοῦ,
477 3817 593 3888 ἀλλ’3
564 3848 611 3900 εις
632 3822 671 3887 τὸ
692 3828 752 3888 τοῦ
775 3825 903 3908 πατρὸς
924 3826 976 3889 καί
1000 3829 1058 3888 τοῦ
1081 3827 1156 3890 υἱοῦ
1177 3827 1238 3894 καὶ
1254 3833 1335 3896 τοῦτ

250 3917 385 4005 εθάμίου
419 3919 622 4001 πνεύματος,
658 3945 713 3985 ινα
741 3917 913 4003 ὀνομάτων
946 3921 1215 4003 προσακοῦσντες
1245 3921 1313 3994 άπδ

289 4021 356 4081 τιῦν
379 4021 528 4103 φυσικῶν
549 4016 606 4082 τὸν
629 4023 758 4099 πατέρα
782 4018 890 4082 σίτων
906 4012 1037 4131 ,5⁴5⁰ss
1065 4014 1167 4086 αὐτοῦ
1197 4017 1316 4105 οὐσίας

290 4113 462 4197 ἐννοῶμεν,
485 4113 594 4191 καὶτὸ
610 4111 715 4195 ὄνομα
730 4116 788 4177 τοῦ
808 4113 880 4177 ιίσῦ
897 4109 1070 4194 ἀκούοντες
1093 4114 1215 4200 ὅμοιον
1240 4123 1318 4212 νοη-

291 4230 400 4288 σωμεν
421 4212 479 4277 τὸν
502 4213 573 4278 υἱὸν
596 4213 655 4275 τοῦ
678 4208 815 4290 πατρὸς,
841 4198 879 4275 οῦ
895 4209 984 4278 ἐστιν
1007 4208 1121 4292 δυίός.
1156 4214 1318 4288 έπιστεῦ-

527 4422 761 4650 Α
