2867 5084
490 964 584 1017 tm.
609 967 817 1017 κιυτειιοι.
1099 953 1159 1017 ¹03

138 1117 302 1196 θανάτου,
326 1117 381 1183 ἵνα
402 1113 421 1203 η’
442 1111 698 1202 ὑπερβάλλουσα
720 1115 801 1196 δόξα
822 1117 906 1184 κατὰ
926 1119 985 1183 τοῦ
1007 1116 1160 1184 θανάτου

138 1222 281 1301 γένηται.

229 1320 278 1379 74.
308 1306 392 1378 Εἶτα
414 1311 517 1378 πάλιν
539 1314 626 1397 λέγει
647 1308 666 1378 5
689 1306 789 1388 αὐτὸς
806 1311 936 1394 Μάνης,
960 1307 999 1378 ού
1022 1312 1162 1379 δύναται
1243 1384 1246 1391 ,

106 1409 216 1488 ΰένὸς
234 1410 433 1477 διδασκάλου
453 1405 539 1477 εἶναι
556 1410 686 1476 παλαιὰ
697 1414 753 1475 καὶ
763 1408 857 1494 καινή
876 1409 1030 1496 διαθήκη.
1063 1404 1160 1496 ήμὲν

139 1508 204 1591 γὰρ
225 1509 428 1574 παλαιοῦται
449 1503 572 1594 ήμέραν
595 1507 630 1587 έξ
650 1504 788 1594 ἡμέρας,
814 1503 895 1592 ήιδέ
917 1501 1187 1588 ἀνακαινίζεταιέ
1224 1577 1226 1587 ,

141 1601 266 1693 ήμέραν
279 1600 356 1672 καθ’
368 1601 509 1690 ήμέραν·
532 1610 600 1673 πᾶν
612 1607 673 1690 γὰρ
682 1604 722 1670 τὸ
732 1603 979 1687 παλαιούμενον
994 1611 1047 1671 καὶ
1061 1606 1162 1690 γηρά-

140 1726 222 1770 σκον
241 1702 332 1786 ἐγγύς
352 1699 543 1790 ἀφανισμοῦ
560 1711 700 1788 γίνεται·
731 1697 816 1769 ἀλλὰ
834 1702 939 1788 έκείνη
955 1699 1057 1768 ἀλλον
1076 1705 1160 1770 θεοῦ

139 1803 197 1868 καὶ
212 1799 314 1867 ἀλλον
337 1801 547 1880 διδασκάλου,
570 1804 624 1867 καὶ
647 1797 728 1883 αῦτη
752 1802 864 1883 ἑτέρου
879 1803 963 1867 θεοῦ
978 1803 1032 1866 καὶ
1048 1799 1161 1885 ἑτέρου

139 1898 353 1966 διδασκάλου.
397 1899 453 1966 καὶ
475 1899 505 1965 εί
526 1900 586 1983 μέν
608 1893 674 1982 εἶχε
696 1900 804 1978 δείξαι
826 1898 885 1965 δύο
908 1897 1072 1984 διαθήκας
1094 1923 1164 1965 πα-

139 1995 250 2075 λαιάς,
272 1990 414 2082 ήδύνατο
437 1991 514 2081 παρ’
539 1992 628 2082 αύτῷ
650 1996 802 2062 πιθανὸν
823 1990 907 2063 εἶναι
921 1993 961 2061 τὸ
976 1995 1160 2080 λεγόμενον,
1173 2009 1202 2060 1⁰

139 2089 188 2171 (ῦς
217 2093 277 2159 δύο
305 2092 410 2161 ὄντων
435 2096 501 2159 τῶν
528 2094 605 2161 sim
633 2094 850 2175 διαθεμένων.
895 2088 1053 2171 ιῦσαύτως
1074 2095 1111 2160 δέ
1133 2093 1164 2160 ελ

140 2191 203 2257 δύο
231 2192 347 2270 καινὰς
375 2191 539 2277 διαθήκας
561 2186 625 2273 εἶχε
648 2191 771 2269 δεῖξαι,
802 2179 840 2275 ἦν
863 2190 910 2267 είς
930 2190 989 2274 τήν
1012 2190 1162 2256 διάνοιαν

140 2291 257 2372 λαβεῖν
279 2287 318 2355 τὸ
340 2295 589 2375 προειρημένον.
621 2288 651 2355 εί
673 2289 710 2354 δέ
732 2285 750 2373 ή
773 2289 834 2370 μὲν
855 2285 986 2354 παλαιὰ
1003 2286 1085 2364 ἑνὸς,
1108 2290 1164 2354 καλ

107 2384 162 2472 ῡή
186 2387 280 2473 καινή
301 2389 360 2452 τοῦ
383 2384 500 2465 ἀλλον,
529 2389 587 2451 τοῦ
619 2387 655 2451 δὲ
682 2386 784 2450 καλοῦ
808 2388 891 2450 θεοῦ
914 2384 1003 2451 ἔστιν
1025 2380 1044 2470 ή
1068 2384 1162 2470 καινή

143 2483 298 2570 διαθήκη,
322 2488 468 2569 πονηροῦ
492 2485 527 2549 δὲ
549 2479 569 2569 ή
591 2481 731 2561 παλαιὰ,
755 2480 822 2566 ἀρα
843 2481 873 2548 εἰ
886 2480 930 2568 μή
948 2477 1033 2549 είδεν
1048 2478 1066 2547 5
1083 2476 1202 2565 aya-1⁶

143 2580 213 2658 θῦς
239 2583 320 2658 θεὸς
346 2581 405 2646 τὸν
433 2580 578 2668 πονηρὸν
607 2581 825 2663 διαθέμενον,
855 2575 912 2645 ούκ
933 2577 1007 2666 ᾔδει
1029 2576 1083 2646 ὅτι
1104 2578 1162 2666 χρή

141 2680 335 2745 διαθέσθαι
368 2677 546 2764 διαθήκην,
583 2681 636 2745 καὶ
670 2678 766 2745 ἔσται
798 2678 924 2762 μᾶλλον
952 2674 1029 2761 παρ’
1063 2672 1163 2746 αὐτοῦ

142 2776 323 2861 λαμβάνων
345 2775 404 2862 τήν
426 2776 598 2863 πρόφασιν
619 2779 678 2861 τῆς
700 2777 925 2854 διδασκαλίας,
948 2778 1002 2842 καλ
1025 2773 1166 2859 ἀπειρος

141 2869 189 2941 ιῦν
213 2875 248 2941 έν
269 2884 342 2952 τοῖς
363 2873 564 2959 πράγμασιν.
596 2875 625 2940 εί
645 2872 707 2959 γὰρ
728 2873 773 2961 μή
790 2873 940 2957 ἑώρακεν,
963 2868 1022 2940 ούκ
1037 2869 1077 2940 ἀν
1093 2873 1166 2956 έμι·

140 2973 290 3058 μήσατο,
320 2974 374 3038 καί
403 2972 472 3039 ἔδει
492 2973 618 3055 μᾶλλον
641 2971 699 3058 τήν
722 2971 870 3037 παλαιὰν
893 2971 1057 3058 διαθήκην
1080 2966 1205 3038 elram

139 3074 201 3135 τοῦ
224 3065 367 3154 ἀγαθοῦ,
391 3069 447 3135 ἵνα
468 3063 526 3135 κάν
550 3065 568 3134 5
591 3069 737 3155 πονηρὸς
758 3069 900 3154 μιμηλὸς
922 3063 1055 3154 ἀκούσῃ,
1078 3066 1165 3154 ήπερ

144 3163 163 3232 5
186 3162 234 3233 ἀν
257 3161 420 3253 ἀληθινὸς
441 3166 532 3245 θεὸς.
578 3167 664 3250 λέγει
685 3165 747 3251 γὰρ
771 3163 789 3231 5
811 3166 922 3248 κύριος
944 3167 978 3232 έν
1000 3170 1047 3250 τῷ
1071 3161 1169 3250 εύαγ·.

89 3266 245 3351 walp
268 3263 308 3330 “5
331 3264 388 3332 ἐὰν
409 3266 516 3351 βλέπῃ
539 3261 558 3329 5
580 3263 650 3342 υίὸς
664 3262 722 3328 τὸν
738 3270 867 3347 πατέρα
882 3267 1054 3341 ποιοῦντα,
1078 3258 1165 3331 οῦτοι

143 3366 201 3429 καὶ
224 3357 324 3441 αύτὸς
346 3358 470 3445 ὁμοίως
491 3365 611 3429 ποιεῖ’.
641 3366 696 3427 καί
718 3361 775 3428 ἵνα
795 3360 840 3447 μή
864 3361 932 3447 είξη
954 3365 1002 3447 τῷ
1021 3368 1166 3445 συμβου-

144 3461 285 3540 λεύοντι,
309 3459 357 3539 εἰς
378 3458 417 3525 τὸ
439 3457 484 3544 μή
506 3461 697 3541 καυχᾶσθαι
717 3457 776 3524 τὸν
797 3458 964 3543 διάβολον,
988 3462 1041 3527 καὶ
1061 3460 1205 3544 λέγεινῆ

142 3558 205 3626 διὰ
225 3561 284 3645 τής
306 3559 507 3642 συμβουλίας
529 3552 629 3623 αάτοῦ
652 3582 685 3623 τι
706 3555 765 3622 τὸν
787 3559 920 3640 σωτῆρα
936 3563 1165 3640 πεποιηκέναι,

144 3653 195 3734 ὥς
216 3678 301 3744 φησι
321 3655 408 3739 πρὸς
429 3649 540 3733 αὐτὸν,
564 3653 639 3721 είπέ
660 3654 716 3720 ἵνα
731 3654 763 3720 οἱ
779 3654 874 3720 λίθοι
888 3652 985 3737 ἀρτοι
998 3662 1165 3740 γένωνται.

144 3752 165 3820 5
197 3755 235 3821 δέ
262 3748 320 3820 ούκ
348 3748 512 3836 ἀνέχεται,
540 3751 596 3817 ἵνα
622 3751 666 3837 μή
689 3751 812 3834 μαθὼν
834 3746 1050 3839 ὑποληφθείη
1074 3750 1168 3833 παρὰ

142 3854 206 3920 τοῦ
229 3849 388 3936 διαβόλου
409 3849 586 3935 λαμβάνων
608 3849 666 3935 τήν
690 3849 902 3932 συμβουλίαν.
933 3853 987 3916 καί
1011 3845 1091 3935 ὁρᾷς
1114 3843 1168 3915 ὅτι

141 3951 208 4029 τὰς
234 3948 295 4016 δύο
321 3949 487 4035 διαθήκας
514 3946 588 4025 ένὸς
610 3948 696 4031 λέγει
716 3948 820 4026 θεούς
849 3948 931 4033 φησὶ
954 3946 1015 4031 γὰρ
1038 3940 1056 4010 5
1080 3937 1208 4015 ‹iad-n

142 4048 268 4126 στολος
294 4043 335 4132 “ή
363 4044 479 4131 πρώτη
509 4043 653 4128 διαθήκη
683 4042 717 4110 έκ
744 4045 804 4109 τοῦ
827 4039 925 4127 ὅρους
945 4045 1029 4109 Σινᾶ
1051 4040 1167 4129 έδύθη,

144 4146 195 4225 είς
223 4144 375 4212 δουλείαν
403 4143 559 4228 γεννῶσα.
604 4140 643 4206 τὸ
670 4139 733 4224 γὰρ
756 4137 834 4223 ὄρος
854 4143 937 4206 Σινᾶ
959 4138 1086 4206 έσνινέ
1126 4142 1167 4228 τῇ

116 4238 314 4329 εἎραβία”.
358 4241 387 4310 εί
414 4240 476 4327 γὰρ
498 4238 559 4305 δύο
581 4238 646 4306 είσί
668 4242 826 4323 γυναῖκες,
849 4231 934 4304 ἀλλὰ
958 4232 1006 4316 εἷς
1028 4231 1046 4302 5
1069 4231 1167 4324 ἀνέρ’
