2867 5084
219 948 281 1009 576
450 955 652 1006 σσυυιυιον
669 955 765 1004 κατι
784 953 967 1003 mmmm
987 955 1010 1002 r

218 1110 251 1179 ίν
273 1113 320 1195 τῷ
343 1106 498 1194 προφήτῃ
528 1107 627 1194 ῥητοῦ
657 1106 725 1184 ἐἷς
746 1102 950 1191 μεταλλαγὴν
979 1101 1167 1185 δυνάμεως,
1202 1105 1249 1183 είς

217 1205 365 1292 παροχὴν
389 1212 553 1291 σωτηρίας
579 1207 637 1291 τῆς
666 1202 835 1285 δυνάμεως
856 1205 914 1266 τοῦ
938 1199 1050 1282 ἄρτου,
1088 1196 1162 1266 ἀπὸ
1192 1205 1247 1289 τῆς

215 1299 420 1388 Ἰερουσαλὴμ
445 1304 692 1388 λαμβανομένης
717 1303 772 1365 καὶ
794 1301 852 1385 τῆς
875 1297 986 1379 ἰσχύος
1007 1300 1069 1362 τοῦ
1094 1294 1245 1377 ύόατος.”

309 1406 356 1465 16.
385 1394 546 1464 Ἐνταῦθα
569 1399 605 1464 όὲ
629 1399 662 1464 ἒν
674 1399 811 1482 Χριστῷ
837 1397 1168 1480 ίσχυροποιουμένων
1190 1400 1245 1484 τῆς

196 1496 389 1580 ιδυνόμιως
416 1499 475 1561 τοῦ
504 1493 605 1579 ἄρτου
634 1498 768 1581 καὶτῆς
796 1497 855 1558 τοῦ
879 1489 999 1570 ὕδατος
1023 1492 1153 1575 ἰσχύος,
1193 1495 1267 1560 ‘ivan

219 1595 263 1679 μὴ
287 1591 387 1679 ἄρτος
409 1589 485 1682 ἡμῖν
507 1599 639 1678 γίνηται
663 1591 815 1673 δύναμις,
849 1584 934 1656 ἆλλόι
962 1589 1104 1672 δύναμις
1126 1589 1242 1675 ἄρτου·

220 1695 275 1758 καί
296 1694 421 1775 βρῶσις
448 1692 508 1775 μὲν
538 1687 555 1753 ό
585 1686 698 1773 ἄρτος,
733 1684 752 1775 ἡ
784 1690 820 1754 δὲ
849 1688 987 1771 δύναμις
1015 1687 1048 1752 ἒν
1080 1682 1173 1774 αύτῷ
1201 1689 1244 1766 είς

221 1788 437 1873 ζωοχόνηοιν·
459 1784 514 1852 καί
538 1780 595 1867 ούχ
617 1786 672 1850 ἵνα
694 1786 733 1850 τὸ
754 1781 844 1869 ὕδωρ
869 1781 954 1873 ἡμᾶς
974 1784 1110 1871 καθύρη
1131 1785 1241 1869 μόνον,

222 1879 290 1950 ἀλλ’
316 1885 371 1948 ἵνα
394 1883 427 1949 ἐν
450 1885 488 1968 τῇ
514 1881 601 1963 ἰσχύϊ
622 1886 680 1947 τοῦ
703 1879 825 1961 ὕδατος
857 1882 913 1948 διὰ
940 1885 998 1969 τῆς
1020 1888 1172 1962 πίστεως
1193 1881 1243 1949 καί

186 1998 212 2049 10
222 1980 383 2064 ἐνεργείας
416 1983 468 2045 καὶ
498 1979 634 2057 ἐλπίδος
661 1982 716 2046 καί
745 1987 933 2064 μυστηρίων
956 1979 1162 2059 τελειώσεως
1193 1983 1243 2046 καί

223 2073 404 2160 ὀνομασίας
432 2079 490 2163 τῆς
512 2071 703 2161 όχιαοτείας
730 2084 862 2164 γίνηται
890 2073 967 2164 ἡμῖν
997 2075 1045 2153 είς
1075 2080 1244 2143 τελείωσιν

222 2181 396 2261 σωτηρίας.
435 2169 586 2241 ἀνελθῶν
610 2169 679 2240 ἀπὸ
702 2178 761 2240 τοῦ
781 2169 953 2259 Ἰορδάνου,
980 2168 1111 2239 ἀκούων
1134 2175 1243 2262 φωνην

222 2271 359 2357 πατρὸς,
385 2271 431 2349 εἷς
453 2266 551 2360 ἆκοην
574 2271 750 2356 παρόντων
771 2274 944 2358 μαθητῶν,
976 2270 1023 2347 είς
1046 2271 1087 2335 τό
1111 2266 1244 2338 ύποόιϊ-

224 2371 279 2449 ξαι
301 2375 351 2446 τίς
374 2363 392 2433 ό
413 2368 688 2453 μαρτυρούμενος,
712 2372 766 2434 καί
789 2372 848 2434 τοῦ
865 2367 1052 2450 πνεύματος
1074 2371 1136 2434 τοῦ
1152 2365 1264 2454 ἆχίουι

186 2482 213 2532 1⁶
224 2466 257 2533 ἐν
275 2467 357 2533 είὸει
374 2469 571 2550 περιστερᾶς
593 2474 839 2550 καταρχομένου,
864 2463 1020 2549 καθάπερ
1046 2463 1080 2530 ἐν
1106 2467 1245 2543 πολλοῖς

224 2563 389 2647 αἱρέσεσιν
413 2563 593 2650 εἰρήκαμεν,
623 2565 679 2630 ἵνα
706 2562 750 2649 μη
775 2562 958 2647 σοναλοιφὴ
982 2558 1006 2647 ἡ
1037 2563 1134 2644 τριὰς
1157 2587 1245 2646 νομι-

224 2667 333 2746 σθείη,
358 2667 710 2745 σχηματοποιουμίνου
733 2664 792 2725 τοῦ
816 2659 1004 2743 πνεύματος
1027 2657 1061 2724 ἒν
1078 2659 1151 2748 ίόίᾳ
1168 2657 1245 2726 ύπο·

225 2756 356 2833 στάσει,
394 2756 676 2841 ἔπικαθεζομίνου
705 2759 741 2823 δὲ
770 2760 828 2822 τοῦ
858 2757 1045 2840 πνεύματος
1074 2757 1132 2823 καί
1160 2757 1245 2842 ἐρχο-

224 2859 323 2936 μένου
347 2847 398 2918 ἐπ’
424 2849 532 2932 αὐτὸν,
557 2856 612 2920 ἵνα
637 2850 732 2942 ὀφθῇ
756 2851 773 2919 ό
795 2855 1071 2939 μαρτυρούμενος,
1096 2855 1154 2921 ἳνα
1168 2856 1246 2940 σὰρξ

186 2945 244 3036 2οῆ
274 2945 351 3035 όφία
380 2952 460 3036 φίλη
491 2941 574 3017 ούσα
606 2955 659 3018 καί
690 2947 906 3038 εύόοκουμένη
936 2947 1003 3016 ύπὸ
1032 2954 1093 3016 τοῦ
1124 2953 1245 3039 πατρὸς

224 3050 277 3114 καί
301 3048 360 3111 τού
383 3047 571 3132 πνεύματος
592 3055 836 3135 μαρτυρηθείη,
861 3049 916 3115 ἵνα
939 3045 957 3112 ό
981 3049 1092 3134 πατὴρ
1117 3046 1244 3136 εύόοκη·

223 3146 282 3234 της
303 3150 479 3232 κηρυχθείη
508 3149 567 3232 της
594 3150 653 3210 τοῦ
676 3147 749 3213 υίοῦ
773 3145 930 3230 ἒνσύρκου
954 3154 1161 3228 παρουσίας,
1194 3148 1242 3213 λ’να

226 3239 244 3308 ό
273 3244 344 3320 υίὸς
373 3237 534 3328 ἀληθινός
562 3238 687 3330 ὀφθείη
721 3241 777 3308 καί
810 3242 969 3329 πληρώση
1004 3243 1044 3308 τὸ
1080 3244 1242 3332 εἰρημένοι

226 3341 301 3406 “aab
322 3339 405 3422 μετὰ
426 3343 530 3405 ταῦτα
553 3339 611 3405 ἐπὶ
633 3344 690 3426 τῆς
712 3344 770 3425 γῆς
793 3337 906 3427 ῶφθη,
930 3340 984 3406 καί
997 3340 1083 3424 μετὰ
1105 3346 1172 3409 τῶν
1193 3336 1263 3409 ότι-ο

185 3435 376 3519 τοθριύπων
405 3437 696 3523 συνανεστρύφη·”·
726 3432 878 3503 ἄνελθῶν
902 3433 971 3504 ἀπὸ
995 3441 1054 3503 τοῦ
1074 3433 1240 3525 Ἰορδάνου,

225 3531 280 3599 καί
303 3535 421 3618 σαφῶς
442 3531 497 3598 καί
520 3527 690 3620 ἀληθινῶς
712 3529 780 3599 ὑπὸ
795 3537 854 3600 τού
871 3535 1030 3620 διαβόλου
1051 3538 1242 3620 πειρασθείς

226 3629 260 3697 ἓν
282 3631 321 3714 τῇ
351 3628 469 3714 ἐρήμῳ,
499 3628 554 3695 καί
583 3632 747 3709 πεινάσας
775 3628 911 3717 ύστερον
941 3631 998 3698 διὰ
1026 3631 1086 3721 τὴν
1115 3628 1242 3699 ἀκολου·

226 3732 308 3793 θίαν
331 3729 383 3791 καὶ
408 3723 569 3814 ἀληθειαν
592 3732 651 3814 τῆς
673 3729 830 3813 ίνσόιρκου
854 3735 1052 3814 παρουσίας.
1098 3733 1154 3797 καί
1177 3731 1240 3798 ἐπι-

227 3822 402 3907 λεξάμενος
430 3826 586 3910 μαθητὰς
619 3825 675 3892 καί
703 3827 842 3913 κηρύξας
871 3821 1033 3912 ἀληθειαν
1071 3832 1127 3894 καὶ
1157 3825 1240 3894 ίασύ-

188 3934 324 4005 οομενος
345 3920 522 4009 τὰπάθη,
545 3924 771 4009 καθευδησας,
802 3924 979 4002 πεινάσας,
1012 3919 1238 4015 ὁδοιπορήσας,

227 4024 430 4104 θεοσημείας
459 4019 687 4105 ἐργασάμενος,
718 4020 851 4105 νεκρούς
879 4021 1015 4106 ἐγείρας,
1049 4024 1192 4110 τυφλοῖς
1210 4019 1240 4087 τό

186 4146 192 4156 ·
227 4116 363 4199 βλέπειν
385 4117 646 4202 παρασχόμενος,
669 4117 796 4201 χωλούς
817 4121 872 4184 καί
894 4120 1142 4202 παραλυτικούς
1163 4121 1240 4204 λοχι-

227 4211 429 4297 ροποιήσας·
464 4210 509 4293 ῶς
537 4214 668 4303 ἐκήρυξε
699 4214 738 4281 τὸ
768 4210 965 4303 εὐαγγέλιον,
993 4215 1053 4304 την
1078 4212 1286 4303 ἁλήθειαηῑῑ*θ
