2867 5084
233 955 299 1016 246
463 963 668 1013 σσιψιωιον
683 961 780 1011 ΚΑΤΑ
799 961 986 1010 mmm
1002 963 1031 1009 r.

232 1127 369 1203 γισμοίς
390 1119 575 1199 προσέχειν,
599 1117 651 1179 καί
675 1112 718 1197 μὴ
743 1108 859 1189 άπλεῦς
875 1107 965 1197 ἁπλῇ
981 1113 1020 1197 τῇ
1037 1111 1172 1197 διανοίᾳ
1186 1111 1252 1195 θεῷ

186 1200 191 1209 ’
235 1220 412 1298 προσιέναι
447 1213 500 1277 καὶ
535 1209 705 1277 πιστεύειν
742 1206 794 1275 ότι
822 1209 864 1275 τὰ
892 1203 960 1273 ύπὸ
988 1211 1073 1274 θεοῦ
1104 1208 1253 1293 εἰρημένα

237 1311 327 1377 ἐστὶν
350 1304 509 1396 ἀλήθεια,
539 1302 628 1392 αύτῷ
658 1308 692 1373 δί
715 1306 807 1392 μόνῳ
830 1306 1017 1391 ἐγνωσμένα
1040 1308 1086 1390 τῷ
1109 1304 1170 1388 τὴν
1192 1307 1252 1370 πᾶ·

237 1431 298 1474 σοιν
321 1401 483 1493 ἀλήθειαν
507 1404 619 1471 εἰδότι.
661 1402 759 1469 ἄλλοι
781 1405 817 1469 δὲ
839 1405 989 1486 λέγουσιν
1011 1400 1088 1468 οῦτε
1111 1401 1146 1468 ἰν
1170 1404 1253 1486 ψύχη

211 1502 314 1571 ὅούτε
348 1503 382 1570 ἰν
412 1503 558 1586 σώματι,
595 1497 679 1567 ἀλλὰ
708 1496 825 1586 ἀρετὴν
856 1496 941 1567 εἰναι
968 1499 1006 1564 τὸ
1036 1495 1104 1565 κατ’
1137 1500 1252 1566 εἰκόνα.

237 1603 345 1687 ἕτεροι
367 1603 403 1668 δὲ
425 1600 591 1688 φάσκουσι
613 1598 657 1684 μὴ
682 1593 766 1664 εἶναι
789 1595 848 1683 τὴν
870 1593 1003 1682 ἀρετὴν,
1027 1590 1115 1663 ἀλλά
1135 1596 1177 1662 τὸ
1198 1595 1254 1681 βά·

235 1721 366 1782 πτισμα
394 1701 448 1763 καί
475 1696 514 1762 τὸ
541 1696 686 1779 χάρισμα
708 1694 747 1760 τὸ
771 1695 804 1761 ἐν
826 1698 873 1780 τῷ
895 1701 1123 1779 βαπτίσματι,
1155 1697 1252 1777 δῆθεν

237 1794 272 1860 ἰκ
299 1798 357 1860 τοῦ
386 1795 485 1879 ῥητοῦ
507 1796 566 1857 τοῦ
590 1794 760 1879 εἰρημένου
791 1792 933 1870 “καθώς
961 1791 1169 1877 ἰφορέσαμεν
1201 1791 1251 1876 τὴν

238 1890 347 1957 εἰκόνα
369 1895 427 1956 τοῦ
448 1893 570 1972 χοϊκοῦ,
596 1896 789 1976 φορέσωμεν
811 1891 865 1954 καὶ
881 1888 939 1975 τὴν
955 1888 1064 1955 εἰκόνα
1079 1892 1139 1955 τοῦ
1157 1890 1269 1956 ἕπον-ο

198 2003 229 2054 10
238 1991 380 2071 ρανίοο”.
412 1984 509 2052 ἄλλοι
531 1988 567 2053 δὲ
589 1987 692 2053 πάλιν
713 1990 812 2051 τοῦτο
831 1981 869 2051 ού
884 1985 1072 2070 βούλονται,
1096 1980 1183 2052 ἀλλὰ
1198 1992 1250 2052 θέ-

237 2086 334 2150 λουσι
356 2085 460 2170 λέγειν
482 2083 557 2150 τότε
578 2086 637 2166 μὲν
660 2079 747 2150 εἰναι
761 2082 800 2148 τὸ
815 2079 882 2148 κατ’
902 2083 1010 2149 εἰκόνα
1027 2082 1061 2149 ἰν
1076 2087 1125 2169 τῷ
1137 2078 1249 2165 Ἀδάμ,

237 2183 301 2260 ἕως
323 2178 377 2248 ότε
400 2181 434 2247 ἰν
456 2185 608 2267 παρακοῇ
630 2188 742 2266 γέγονε
764 2183 818 2245 καὶ
840 2187 1002 2265 βέβρωκεν
1025 2174 1179 2246 ἀπὸτοῦ
1205 2177 1249 2258 ξύ-

238 2281 297 2344 λου
324 2282 379 2346 καὶ
402 2278 538 2364 ἰξεώθη.
580 2273 636 2365 ἀφ)
661 2269 700 2344 οῦ
724 2281 759 2344 δὲ
782 2277 924 2364 ἐξετάθη,
949 2273 1104 2344 ἀπώλεσε
1126 2269 1247 2344 τὸκατ’

239 2375 357 2444 εἰκόνα.
388 2379 441 2443 καὶ
465 2375 571 2462 πολλή
595 2383 646 2453 τίς
667 2375 736 2442 ἐστι
761 2379 827 2441 τών
843 2369 1035 2459 ἀνθρώπων
1050 2381 1247 2457 μοθοποιία,

202 2469 290 2551 15οἰς
318 2471 356 2539 οῦ
383 2474 442 2559 χρὴ
473 2469 549 2539 οῦδὲ
577 2473 663 2557 πρὸς
688 2469 777 2556 ώραν
801 2466 899 2550 εἶξαι,
931 2469 1005 2538 ούτε
1027 2471 1160 2550 τούτοις
1183 2469 1248 2538 ούτε

240 2570 376 2649 ἐκείνοις
404 2582 476 2647 τοῖς
504 2563 652 2655 ούτωςῆ
680 2566 768 2635 οῦτω
798 2570 962 2653 λέγουσιν,
996 2564 1064 2634 ἀλλ’
1090 2565 1178 2637 εἰναι
1198 2571 1248 2654 μὲν

239 2667 409 2733 πιστεύειν
432 2666 467 2732 ἰν
488 2669 534 2751 τῷ
558 2660 731 2751 ἀνθρώπῳ
753 2666 792 2730 τὸ
814 2662 881 2731 κατ’
903 2666 1020 2744 εἰκόνα,
1045 2665 1079 2732 ἰν
1102 2665 1247 2733 παντίδί

237 2762 392 2844 μάλιστα,
416 2765 469 2827 καὶ
492 2757 549 2842 ούχ
572 2757 696 2838 ἁπλῶς.
727 2766 794 2827 ποῦ
818 2764 854 2828 δέ
877 2763 965 2829 ἐστιν
987 2757 1008 2850 ἢ
1030 2767 1098 2829 ποῦ
1126 2762 1247 2848 πεπλη-

238 2881 342 2940 ρωται
369 2858 408 2924 τό
436 2852 503 2923 κατ’
529 2858 638 2924 εἰκόνα
667 2853 756 2943 αὐτῷ
785 2860 878 2947 μόνῳ
907 2862 1068 2945 ἰ-’γνωσται
1095 2865 1143 2947 τῷ
1174 2862 1246 2946 θεῷ,

185 2955 321 3022 «νοκατά
344 2954 440 3039 χάριν
467 2958 514 3041 τῷ
538 2950 710 3041 ἀνθρώπῳ
735 2956 956 3043 δωρησαμένῳ
979 2955 1017 3021 τὸ
1040 2953 1108 3022 κατ’
1134 2958 1265 3025 εἰκόναε

238 3046 314 3119 οῦδὲ
340 3052 402 3139 γάρ
432 3047 604 3120 ἀπώλεσεν
627 3047 645 3117 ό
668 3051 852 3137 ἀνθρώπος
873 3055 912 3119 τό
933 3048 1001 3120 κατ’
1027 3053 1154 3135 εἰκόνα,
1184 3047 1246 3122 ἀλλ’

238 3148 267 3217 εἰ
296 3148 359 3235 ἀρα
388 3149 568 3233 ἒχοδαίωσε
594 3149 632 3215 τὸ
661 3145 729 3216 κατ’
755 3150 878 3228 εἰκόνα,
908 3151 1052 3234 μολύνας
1080 3152 1249 3220 ἓαοτὸνίν

237 3245 437 3336 ἀδιαφόροις
464 3248 637 3334 πράγμασι
658 3251 711 3313 καὶ
736 3243 926 3332 ἀνηκέστοις
948 3245 1135 3333 άμαρτίαις.
1182 3248 1249 3318 ἰδοῦ

235 3344 296 3427 γάρ
322 3346 405 3430 μετὰ
434 3346 491 3411 τόν
510 3340 617 3427 ’Λδάμ
646 3347 692 3430 τῷ
716 3348 794 3411 Νῶε
822 3346 908 3429 λέγει
931 3345 1025 3412 ’ἰδοῦ
1048 3347 1177 3415 δέδωκά
1200 3371 1252 3416 σοι

167 3441 349 3511 -·25πάντα
375 3438 420 3519 ώς
448 3442 572 3524 λάχανα
595 3437 711 3525 ἀγροῦ,
741 3446 864 3521 θῦσον,
894 3446 948 3510 καί
972 3443 1072 3531 φάγε,
1102 3445 1147 3534 μη
1171 3445 1254 3534 φάγε

237 3535 342 3621 σάρκα
364 3537 397 3604 ἰν
421 3539 537 3620 αἰματι
559 3542 675 3624 ψυχῆς,
717 3535 770 3605 ὅτι
792 3538 855 3624 ἐγώ
879 3539 1042 3626 ἰκζητησω
1064 3540 1126 3620 τὰς
1149 3543 1255 3627 ψυχὰς

236 3628 335 3717 ῦμιῦν.
368 3638 436 3713 πᾶς
459 3632 476 3699 ό
499 3634 614 3718 ἐκχέων
637 3631 721 3719 αἷμα
744 3631 928 3720 ἀνθρώπου
945 3637 1001 3703 ἰπὶ
1017 3640 1075 3723 τῆς
1089 3645 1158 3725 γῆς,
1183 3636 1255 3708 ἀντὶ

234 3734 294 3797 τοῦ
316 3731 458 3815 αἵματος
480 3725 579 3797 αῦτοῦ
603 3731 819 3820 ἐκχυθήσεται
841 3732 879 3799 τὸ
903 3729 985 3816 αἷμα
1009 3729 1121 3815 αὐτοῦ,
1146 3732 1256 3806 ὅτιόν

236 3828 336 3895 εἰκόνι
358 3832 442 3895 θεοῦ
465 3828 608 3916 ἐποίησα
629 3829 686 3896 τόν
709 3828 903 3916 ἄνθρωπον,
926 3834 981 3896 καὶ
1004 3831 1067 3915 ἐγώ
1089 3831 1257 3923 ἰκζητήσω

196 3927 274 3995 νοτὸ
296 3922 378 4012 αἷμα
400 3922 491 4010 ῦμιῦν
514 3926 548 3993 ἰκ
569 3927 696 4006 παντὸς
717 3932 776 3995 τοῦ
794 3928 959 4009 ἐκχέοντος
974 3922 1054 3994 αὐτὸ
1071 3928 1130 3997 ἰπὶ
1145 3934 1281 4018 noda-n

237 4048 330 4093 ωπον
352 4027 410 4112 τῆς
430 4027 513 4111 γῆς’.
546 4027 600 4090 καὶ
624 4020 703 4111 δρᾷς
726 4022 780 4090 ὅτι
802 4024 835 4090 ἰν
858 4029 904 4109 τῷ
927 4022 1101 4113 ἀνθρώπῳ
1125 4031 1259 4115 λέγεται

235 4120 274 4184 τὸ
295 4116 362 4187 κατ’
381 4122 490 4189 εἰκόνα
510 4121 594 4205 μετά
617 4121 752 4204 δεκάτην
769 4120 882 4205 γενεάν
897 4126 956 4188 τοῦ
971 4121 1029 4189 τὸν
1041 4117 1153 4210 Ἀδάμ
1168 4129 1261 4195 πλα-

236 4219 378 4298 σθῆναι,·
407 4216 476 4303 ἅμα
505 4221 541 4287 δὲ
568 4221 621 4287 καὶ
644 4217 755 4301 Δαβίδ
781 4216 865 4301 μετά
894 4219 998 4284 πολὺν
1024 4220 1145 4305 χρόνον
1167 4225 1260 4312 λέγει
