2867 5084
511 959 643 1012 ιειινιι.
662 961 872 1013 amoma-11.
1138 949 1202 1015 487

179 1111 331 1192 δύναμις,
355 1111 556 1178 ἐπιτελοῦσαν
577 1111 616 1178 τό
630 1113 714 1178 κατὰ
729 1112 830 1197 φύσιν
844 1114 903 1198 τῆς
916 1100 1093 1198 θεότητος]
1117 1108 1203 1181 dua*

178 1211 236 1274 καὶ
261 1207 357 1293 όχκοο
379 1211 431 1275 καὶ
454 1209 578 1294 βάρους
598 1212 657 1296 τῆς
672 1209 793 1293 σαρκὸς
813 1207 1024 1297 ὑπαρχούσης
1046 1205 1084 1278 οὑ
1104 1211 1202 1297 βάρει

179 1312 360 1389 συνέχεται.
413 1318 594 1391 περιπατεῖ
620 1307 682 1393 γάρ
708 1302 756 1385 ιὺς
790 1305 847 1374 ἐπὶ
879 1317 951 1386 τοῖς
983 1303 1117 1388 ὑδασιν,
1155 1303 1203 1389 ὥς

178 1403 346 1488 ἄτρεπτος
367 1405 458 1484 θεὸς,
483 1404 517 1471 ἐν
532 1409 627 1490 σαρκὶ
642 1406 702 1487 μὲν
717 1399 884 1489 ὑπάρχων,
907 1399 966 1471 οὑκ
987 1399 1057 1471 άπὸ
1080 1405 1201 1491 σαρκὸς

179 1503 218 1568 δὲ
233 1496 476 1584 άλλοιοόμενος.
507 1505 560 1569 καὶ
583 1504 676 1570 καλεῖ
697 1505 792 1589 φωνῇ
806 1502 973 1586 “Λάζαρε,
996 1503 1092 1587 δεῦρο
1109 1503 1224 1582 ἕξω,”ί

179 1595 239 1666 οὑκ
262 1594 437 1668 ἀντίθετον
460 1601 541 1681 ἔχων
562 1600 620 1686 την
642 1601 757 1685 σάρκα,
792 1595 869 1667 οὑδὲ
896 1603 954 1685 τῆς
981 1600 1143 1686 θεότητος
1164 1599 1199 1668 ἐν

148 1704 277 1781 υσαρκλ
299 1701 338 1784 τῇ
360 1698 469 1783 τελείᾳ
491 1697 746 1783 ἐνανθρωπήσει
768 1698 1021 1784 δεδουλωμένης.

265 1800 315 1861 29.
347 1797 414 1862 Καὶ
436 1794 546 1862 πολλά
567 1803 626 1878 μοί
647 1794 720 1862 ἐστι
739 1798 798 1862 τοὺ
821 1796 942 1881 λέγειν·
975 1791 1060 1862 ἀλλὰ
1086 1793 1143 1862 καὶ
1164 1793 1199 1864 ἐκ

176 1894 301 1975 νεκρῶν
324 1886 498 1959 άνίσταται
519 1896 573 1959 καὶ
597 1888 811 1976 άναμοχλεόει
832 1892 875 1960 τά
895 1888 971 1960 καθ’
989 1890 1119 1974 Ἅιδου,
1142 1895 1197 1962 καλ

175 1988 263 2057 ἑλὼν
285 1986 437 2077 ἀνήνεγκε
457 1990 515 2076 τὴν
538 1990 774 2073 αἰχμαλωσίαν,
802 1989 858 2058 καὶ
880 1985 1025 2070 άναστάς
1045 1991 1084 2058 τὸ
1105 1989 1237 2079 conj-1⁰

174 2112 278 2172 μερον
312 2089 346 2154 ἐν
366 2083 456 2174 αὐτῇ
479 2092 517 2174 τῇ
541 2084 618 2174 άγίᾳ
645 2091 740 2172 σαρκὶ
769 2093 822 2155 καὶ
852 2092 940 2175 ψυχῇ
968 2092 1007 2175 τῇ
1037 2085 1115 2176 ἁγίᾳ
1142 2093 1197 2157 καὶ

89 2189 225 2270 {om}
246 2191 300 2252 καί
323 2188 423 2251 παντὶ
447 2189 493 2270 τῷ
517 2185 624 2253 σκεύει
655 2184 709 2252 καὶ
743 2186 776 2252 ἐν
807 2189 847 2272 τῇ
870 2187 1009 2272 θεότητι
1030 2181 1197 2271 ἡνωμένος

169 2284 302 2361 τέλειος
322 2289 451 2369 γέγονεν
474 2281 667 2366 ἄνθρωπος,
691 2286 878 2361 σονενιόσας
897 2283 956 2368 τὴν
978 2282 1198 2368 ἕνανθρώπη-

174 2404 232 2449 σιν
255 2380 373 2448 ἑαυτοῦ
395 2384 435 2466 τῇ
458 2380 606 2467 θεότητι,
636 2380 786 2447 θανάτου
809 2375 910 2446 αὑτοῦ
932 2385 1048 2466 μηκέτι
1068 2379 1197 2463 κυριεό-

171 2501 281 2556 οντος.
312 2480 352 2564 τῇ
376 2479 412 2544 δὲ
428 2478 566 2563 θεότητι
582 2484 808 2562 συνηνωμένος
821 2477 861 2544 τό
876 2479 1061 2562 παχυμερὲς
1075 2479 1196 2544 λεπτο-
1206 2490 1234 2543 ιο

170 2578 273 2659 μερὶς
295 2575 447 2655 ἐτελείου,
478 2576 702 2660 εἰσερχόμενος
727 2579 841 2660 θυρῶν
869 2577 1111 2660 κεκλεισμένων,
1141 2577 1195 2642 καὶ

170 2672 260 2757 μετὰ
281 2673 339 2759 τὴν
361 2675 493 2740 εἴσοδον
516 2675 642 2752 δεικνὺς
665 2674 769 2759 σάρκα
791 2679 844 2740 καί
861 2668 970 2753 ὀστία,
993 2674 1049 2739 ἵνα
1070 2672 1108 2738 τό
1129 2696 1197 2740 σω·

170 2770 289 2857 τηριον
310 2775 369 2857 τῆς
392 2771 560 2854 δυνάμεως
587 2768 756 2859 ὑποφάνη,
785 2773 841 2839 ἵνα
869 2771 927 2856 την
954 2766 1046 2853 ὑμῶν
1074 2769 1197 2836 ἐλπίδα

170 2868 334 2956 ὑποδείξῃ
359 2866 413 2935 ότι
433 2868 476 2936 τὰ
498 2869 611 2936 πάντα
633 2870 822 2937 ἐτελείωσεν
845 2868 956 2936 ίλθιόν
979 2864 1117 2953 όλόγος,
1140 2870 1195 2935 καλ

170 2967 209 3034 ἓν
235 2962 321 3052 αὐτῷ
343 2970 391 3053 τῷ
415 2967 544 3049 σώματι
573 2964 781 3053 ἀναληφθεὶς
812 2966 953 3045 ἐνδόξως
981 2965 1136 3033 ἐκάθισεν
1159 2964 1233 3033 ἕνα)

170 3065 268 3150 δεξιᾷ
289 3068 348 3130 τοῦ
370 3065 507 3148 πατρὸς,
531 3060 587 3131 οὑκ
611 3061 761 3132 ἀπὸτοῦ
784 3062 880 3149 όγκοο
902 3063 1106 3145 πιεζόμενος,
1136 3059 1194 3130 οόκ

126 3189 156 3239 Β
170 3160 268 3238 ἐκτός
288 3164 347 3227 τοῦ
369 3162 523 3245 σώματος
546 3159 711 3247 ὑπάρχων,
733 3161 772 3228 τό
795 3164 830 3228 δὲ
854 3164 951 3244 σῶμα
971 3159 1194 3241 πνευματικὸν

169 3259 308 3344 ἐγείρας.
341 3260 391 3326 “cl
406 3260 445 3325 τό
459 3256 616 3343 ἡμέτερον
638 3266 811 3344 σπείρεται
834 3259 868 3325 lv
884 3261 1011 3346 φθορᾷ,
1035 3257 1195 3342 ἐγείρεται

169 3356 207 3423 ἒν
233 3350 417 3443 ἀφθαρσίᾳ.
450 3365 623 3440 σπείρεται
638 3360 735 3440 σῶμα
750 3355 899 3440 ψυχικὸν,
923 3355 1082 3440 ἐγείρεται
1097 3357 1194 3438 σῶμα

167 3453 421 3535 πνεοματικόν.”
463 3455 560 3541 πόσῳ
589 3481 625 3540 γε
651 3457 778 3537 μᾶλλον
806 3456 865 3519 τοῦ
894 3455 1091 3538 μονογενοῦς
1118 3452 1231 3520 υλοὺίε

164 3553 234 3619 τοῦ
256 3554 357 3634 θεοὺς
392 3551 445 3618 διὸ
467 3553 687 3638 πεπλήρωται
710 3546 768 3616 “οό
793 3552 912 3629 δώσεις
933 3550 991 3616 τὸν
1013 3548 1107 3618 ὅσιόν
1131 3574 1191 3617 σου

167 3649 258 3716 ίδείν
280 3649 482 3736 διαφθοράν,
516 3646 593 3716 οὑδὲ
616 3649 724 3727 ἐάσεις
751 3648 809 3733 τὴν
839 3647 946 3735 ψυχήν
967 3673 1032 3732 μου
1054 3649 1102 3727 είς
1115 3644 1192 3715 “At-

155 3749 262 3829 ’δην.”
298 3742 381 3814 ἀλλὰ
402 3748 507 3814 ταῦτά
528 3771 587 3831 μοι
609 3747 720 3813 πάντα
743 3745 823 3829 περὶ
849 3748 908 3831 τῆς
934 3746 1061 3823 τελείας
1089 3741 1191 3811 αὑτοῦ

167 3845 459 3931 ἒνανθρωπήσεως
481 3846 617 3932 εἴρηται,
641 3841 756 3928 ἵναμή
778 3867 866 3921 τινες
887 3847 1051 3923 νομίσωσι
1074 3841 1191 3908 διὰτὸ

166 3940 278 4024 σάρκα
300 3938 400 4010 αὑτὸν
428 3936 641 4030 ἀνειληφέναι
671 3942 800 4008 τελείαν
832 3939 877 4024 μὴ
906 3936 971 4023 άρα
992 3941 1046 4004 καὶ
1069 3938 1111 4004 τὰ
1131 3941 1230 4024 τῆς»

118 4064 148 4114 c
164 4039 293 4122 σαρκός
313 4037 417 4124 ἄλογα
445 4041 594 4126 ἔπραξεν.
640 4033 749 4118 οὐδεὶς
776 4037 837 4123 γὰρ
865 4039 932 4102 τῶν
960 4028 1103 4119 εὐσεβῶς
1130 4061 1191 4103 πι-

163 4136 353 4207 στευόντων
376 4137 423 4215 είς
446 4132 544 4203 αὑτόν
567 4141 664 4204 τοῦτο
688 4147 767 4216 νοεῖ,
794 4130 815 4223 ἢ
837 4135 932 4220 λέγει.
971 4132 1001 4201 εἰ
1023 4132 1057 4198 δὲ
1082 4125 1190 4212 οὐδεὶς

160 4240 242 4304 νοεῖ
261 4237 339 4317 περὶ
363 4231 462 4301 αὑτοῦ
485 4234 527 4301 τὰ
541 4240 599 4322 τῆς
615 4236 735 4320 σαρκὸς
750 4231 855 4319 άλογα
869 4235 1087 4317 πεπραχέναι,
1111 4226 1188 4300 οὐδὲ
