2867 5084
231 916 295 979 276
461 924 668 976 ασιαινιοκ
683 924 779 975 xm
796 924 983 975 ιιεοεταν
1000 925 1028 972 r.

224 1075 335 1166 ἀὐτὴν
364 1078 487 1155 ποιῶν,
525 1077 578 1141 καί
609 1072 653 1152 ὡς
681 1069 780 1152 αὐτὸς
808 1072 938 1157 όίψνχσν
968 1076 1023 1140 καί
1052 1068 1251 1158 ἀνθρωπίνῃ

233 1183 326 1262 τέχνῃ
349 1173 432 1260 μόνῃ
462 1175 670 1238 συνεστῶσαν
678 1223 686 1251 ,
724 1172 843 1251 ζῶντος
871 1173 906 1237 δὲ
935 1172 1042 1252 ζῶσαν
1072 1165 1111 1235 οδ
1141 1172 1251 1247 θέλεις

234 1268 399 1356 εἶναιτὴν
422 1269 529 1336 εἰκόνα
551 1272 610 1335 τοῦ
632 1272 727 1346 θεοῦ,
757 1263 833 1333 οὐδὲ
856 1265 971 1346 οὐσίας
993 1262 1108 1334 οὐσίαν
1133 1267 1249 1345 εἰκόνα,

235 1365 312 1435 οὐδὲ
333 1370 454 1454 βουλῆς
476 1371 528 1433 καί
553 1366 720 1449 δυνάμεως
748 1369 800 1431 καὶ
826 1366 936 1451 δόξης,
966 1365 1087 1450 βουλὴν
1117 1368 1171 1431 καί
1199 1363 1273 1436 διό-κ

202 1481 334 1550 Ιόναμιν
355 1469 410 1532 καί
434 1464 531 1544 δόξαν
555 1460 816 1547 ἀπαραλλάκτως
839 1464 957 1528 εἰκόνα.
988 1461 1026 1527 τό
1050 1463 1085 1527 δὲ
1102 1459 1251 1544 ἀπαραλ-

235 1564 362 1643 λάκτως
385 1564 491 1630 εἰπεῖν
514 1556 572 1643 οὐχ
594 1555 665 1626 οἷόν
687 1585 720 1625 τι
741 1563 794 1626 καί
819 1555 1008 1647 ἂγεννητως,
1033 1553 1101 1625 ἀλλ’
1129 1555 1183 1624 ότι
1205 1558 1253 1624 ἰκ-

234 1667 349 1741 τοσῶς
371 1660 426 1727 καὶ
454 1657 597 1742 ἀκριβῶς
625 1653 838 1743 ὡμοιωμένην
871 1656 956 1740 πρὸς
984 1655 1149 1742 πατρικὴν
1176 1650 1251 1739 όιγα-

235 1760 365 1842 θότητα
392 1758 444 1822 καί
474 1753 619 1838 θεότητα
649 1757 703 1820 καὶ
731 1758 844 1819 πᾶσαν
872 1753 1043 1837 ε’·νίργειαν.
1089 1757 1144 1819 καὶ
1176 1745 1248 1836 μεθ’

237 1854 331 1935 ἕτερα
355 1853 442 1918 “ἐ’όει
459 1853 494 1916 δέ
509 1874 563 1917 σοι
587 1849 693 1916 όὶλαλα
714 1855 894 1938 γενηθῆναι
921 1850 963 1917 τόι
982 1853 1071 1937 χείλη
1094 1850 1138 1915 τὰ
1161 1848 1251 1915 δόλια

189 1949 280 2015 ἰατὰ
309 1951 470 2014 λαλοῦντα
499 1947 580 2013 κατὰ
607 1952 666 2013 τοῦ
695 1952 779 2015 θεοῦ
809 1943 938 2014 ἆδικίαν
967 1949 1000 2014 ἰν
1028 1944 1252 2035 όιτερηφανείᾳ

236 2048 290 2111 καὶ
321 2044 561 2124 ἰξοοδενιόσει.”
604 2049 659 2110 καὶ
688 2046 750 2130 γὰρ
777 2046 879 2128 μόνος
910 2045 1012 2129 μόνον
1041 2045 1210 2130 ἐγέννησεν
1236 2038 1252 2107 ό

237 2145 347 2231 πατὴρ
370 2143 427 2210 τόν
448 2146 622 2229 μονογενῆ,
655 2137 715 2209 κόίν
743 2142 783 2209 σὺ
810 2144 853 2228 μὴ
877 2146 994 2230 θέλῃς,
1029 2147 1085 2208 νῦν
1113 2141 1197 2208 όίλλο
1225 2165 1253 2205 τι

237 2243 363 2319 θέλων,
399 2235 456 2306 οόκ
486 2241 520 2319 ἐξ
548 2241 656 2317 αἰτίας
688 2244 755 2305 τῶν
784 2240 913 2305 αἰώνων
946 2235 1167 2306 Οὐαλεντίνου
1199 2238 1253 2323 τὴν

237 2337 388 2420 πάροδον
410 2337 569 2421 λαβόντος
590 2341 648 2402 τοῦ
671 2338 753 2416 οἱοῦ,
779 2333 846 2403 ἀλλ’
867 2336 900 2402 ἐκ
921 2337 1024 2419 μόνον
1046 2336 1178 2421 πατρὸς
1198 2335 1277 2422 τὴιΰ

190 2451 228 2501 ’15
237 2439 386 2519 γέννησιν
409 2436 546 2517 ἔχοντος.
583 2436 635 2499 καί
658 2437 784 2511 τέλειος
804 2435 940 2501 τέλειον.
982 2431 1093 2511 ἀτελὲς
1114 2434 1179 2518 γὰρ
1202 2429 1256 2499 οό·

240 2531 293 2597 δὲν
317 2531 349 2597 ἰν
372 2534 485 2614 πατρί,
510 2529 562 2595 διὸ
586 2525 660 2595 οὐδὲ
683 2531 716 2597 ἰν
740 2532 810 2615 υἱῷ,
835 2527 918 2597 ἀλλὰ
939 2536 997 2617 τῆς
1012 2532 1136 2597 ἐκείνου
1153 2532 1259 2598 τελει·

239 2627 356 2715 ότητος
376 2631 431 2693 καὶ
453 2623 742 2714 όπερτελειότητος
768 2635 910 2715 γέννημα
937 2629 1069 2715 γνήσιον
1097 2631 1157 2694 τοῦ
1185 2629 1259 2694 οἰσίι

238 2725 410 2810 τελειότης.
441 2724 495 2791 καὶ
516 2724 671 2809 βασιλεὺς
691 2727 840 2808 βασιλέα.
872 2721 1001 2809 εόσεβὲς
1023 2726 1084 2810 γὰρ
1100 2724 1159 2790 τὸν
1176 2725 1261 2793 θεὸν

238 2821 434 2906 βασιλεύειν,
457 2821 524 2906 πρὸ
546 2825 611 2886 τῶν
635 2821 763 2887 αἰώνων
785 2829 999 2907 γεννηθέντος
1019 2826 1077 2887 τοῦ
1094 2823 1180 2901 οἱοῦ,
1205 2824 1263 2889 καὶ

198 2920 495 3002 λθβαοιλεοομίνοο
517 2920 689 3000 βασιλέως,
715 2914 755 2984 δι’
781 2909 820 2983 οὗ
842 2923 895 2985 καὶ
910 2919 951 2985 τόι
966 2918 1070 2985 λοιπὰ
1084 2919 1264 3000 βασιλεύε-

237 3041 303 3094 ται,
328 3009 526 3099 εὐχαρίστως
549 3011 787 3100 όμολογοῦντος
807 3016 865 3102 τὴν
880 3012 1056 3102 όιτοταγὴν.
1088 3011 1147 3082 οόκ
1165 3017 1265 3084 ἰδιώ-

238 3139 296 3200 την
318 3110 389 3198 γδρ,
424 3107 508 3177 ἀλλὰ
529 3114 668 3194 βασιλέα
690 3120 873 3200 γεγέννηκεν
903 3109 919 3178 ό
943 3115 1051 3200 πατὴρ
1079 3117 1137 3198 τῆς
1159 3122 1265 3197 βασι-

239 3211 330 3289 λείας
352 3207 461 3288 αότοῦ,
486 3207 561 3275 οὔτε
583 3205 682 3296 ἀρχὴν
703 3207 833 3297 ἡμερῶν
856 3209 932 3277 οὔτε
958 3213 1041 3298 ζωῆς
1055 3214 1149 3288 τέλος
1166 3210 1291 3295 ἐχοόή)

241 3329 309 3392 σης.
355 3301 475 3391 οὐγὰρ
499 3307 624 3385 ἔξωθεν
646 3307 684 3372 τό
708 3304 852 3390 ἀξίωμα,
888 3309 935 3386 εἰς
963 3304 1077 3374 οόσίαν
1107 3309 1144 3374 δὲ
1169 3306 1264 3394 αὐτῷ

200 3403 398 3479 λδσνντελεί,
423 3399 546 3484 ὁμοίως
569 3407 669 3488 πατρὶ
692 3404 892 3490 γεννήσαντι.
925 3406 1052 3471 διὸκαὶ
1074 3412 1266 3491 γέγραπται

239 3498 278 3563 τὸ
302 3501 374 3563 “zai
398 3502 455 3584 τῆς
476 3502 648 3581 βασιλείας
670 3496 770 3566 αότοό
794 3497 852 3566 οὐκ
875 3503 967 3568 ἔσται
989 3505 1110 3581 τέλος.”
1151 3500 1266 3584 οὕτως

242 3597 278 3661 δὲ
299 3598 352 3661 καί
375 3594 485 3679 κύριος
506 3596 617 3679 κόριον
638 3597 694 3663 καὶ
715 3597 798 3676 θεὸς
818 3600 901 3665 θεὸν
922 3604 1036 3683 γεννᾶν
1062 3596 1140 3685 παρ’
1165 3598 1265 3688 ἡμῶν

241 3687 458 3779 ὡμολόγηται.
490 3698 543 3759 καί
566 3690 682 3771 ἁπλῶς
705 3695 821 3775 εἰπεῖν,
850 3692 964 3774 οὐσίας
985 3700 1039 3764 καί
1059 3700 1185 3783 βουλῆς
1208 3702 1264 3767 καί

242 3790 410 3873 δυνάμεως
438 3789 494 3857 καὶ
522 3789 617 3875 δόξης
641 3791 749 3859 εἰκόνα
776 3796 926 3878 λέγομεν,
961 3789 1018 3860 οόκ
1047 3794 1178 3877 ἄψυχον
1209 3801 1265 3866 καί

200 3886 366 3969 θθνεκρὰν,
401 3881 469 3952 ἀλλ’
495 3880 639 3974 οόσιιόδη
662 3888 717 3955 καὶ
738 3889 932 3976 βουλητικην
960 3897 1013 3957 καὶ
1043 3892 1186 3978 δυνατὴν
1210 3899 1266 3963 καὶ

243 3983 383 4061 ἔνδοξον.
416 3983 552 4068 δύναμις
573 3985 633 4070 γὰρ
658 3981 714 4052 οόκ
734 3984 917 4071 ἀδυναμίαν
931 3991 1036 4075 γεννᾷ,
1062 3984 1147 4057 ἀλλὰ
1162 3986 1268 4060 αὐτο-

243 4079 391 4163 δόναμιν,
414 4085 467 4148 καὶ
491 4081 571 4161 δόξα
594 4078 651 4149 οόκ
673 4077 809 4162 ἀδοξίαν
830 4088 935 4169 γεννᾷ,
960 4080 1044 4151 όιλλόι
1065 4082 1298 4172 αότοδόξαν,81

242 4179 296 4243 καὶ
318 4178 420 4264 βουλὴ
443 4175 501 4247 οὐκ
524 4173 682 4264 όβονλίαν
704 4185 818 4267 γεννᾷ,
848 4178 932 4248 ἀλλὰ
953 4179 1173 4272 αότοβονλὴν,
1210 4191 1269 4257 καί
