2867 5084
252 957 260 967 ·
280 930 342 994 166
513 936 717 988 τοτοιωοτ
733 934 829 986 xm
846 935 1033 986 ιτοττιταυ
1049 937 1081 984 ο.

278 1094 318 1160 τὸ
347 1087 518 1176 ἀρχαῒζον,
547 1089 603 1154 καὶ
628 1082 673 1166 ώς
696 1085 804 1155 εἰπεῖν
827 1085 875 1165 είς
894 1085 935 1152 τὸ
957 1084 1138 1174 κεφάλαιον
1161 1081 1303 1169 ἐπιβάλ-

279 1192 381 1268 λεται,
406 1182 474 1254 ἀλλ’
500 1180 569 1252 ἀπὸ
591 1188 657 1252 τῶν
680 1183 864 1270 ἕγγοτάτων
886 1181 1029 1268 ἄρχεται,
1052 1181 1109 1249 ἵνα
1129 1181 1169 1249 τὸ
1184 1179 1302 1266 προὸν,

281 1288 418 1369 ἔσχατον
441 1290 593 1370 σημαίνῃ.
633 1280 689 1348 διά
711 1285 809 1347 τοῦτο
831 1281 892 1367 γὰρ
915 1284 968 1347 καί
992 1274 1100 1360 εἶπεν,
1124 1278 1181 1347 ίάν
1205 1274 1351 1363 &ray-“15

281 1385 379 1469 γείλω
407 1377 484 1465 ὑμῖν
511 1379 554 1447 τά
582 1375 658 1446 καθ’
682 1374 806 1465 ἡμέραν
827 1377 997 1463 γινόμενα,
1027 1371 1098 1444 ἀπὸ
1120 1374 1248 1443 τοῦτων
1271 1376 1308 1443 δὲ

257 1500 272 1549 ο
280 1478 474 1566 μνημονεύω
495 1480 551 1544 καὶ
572 1477 614 1544 τά
637 1476 673 1556 ἐξ
693 1477 825 1555 αἰῶνος.
856 1471 901 1553 ώς
923 1477 977 1542 καὶ
999 1478 1046 1561 τῷ
1062 1479 1210 1540 Μωυσεῖ
1231 1472 1310 1560 ἐσή-

280 1603 381 1663 μανεν
405 1572 423 1642 5
446 1575 543 1655 θεὸς,
568 1577 702 1659 πρώτον
725 1572 764 1638 τὸ
787 1575 854 1657 πῦρ
876 1573 1067 1656 καιόμενον,
1090 1574 1144 1637 καὶ
1167 1571 1202 1638 ἐν
1226 1574 1311 1657 πυρί

279 1675 383 1761 βάτου
405 1679 534 1759 γέγονεν
556 1667 575 1757 ἡ
600 1666 748 1737 ὀπταοία
770 1669 808 1735 τὸ
832 1668 974 1756 ἐ’ναγχος.
1005 1667 1140 1755 ἅγγελος
1162 1669 1200 1734 δὲ
1216 1662 1310 1755 οῦτῷ

281 1771 455 1857 λελάληκεν
478 1764 619 1847 εῦθέως·
642 1775 823 1850 μετέπειτα
845 1768 882 1833 δὲ
905 1765 1017 1853 κύριος
1032 1761 1102 1832 ἀπὸ
1117 1768 1176 1852 τῆς
1190 1765 1312 1851 βάτου.

283 1863 300 1932 5
324 1869 360 1934 δὲ
382 1866 469 1949 πρὸς
492 1861 593 1932 αῦτὸν
617 1862 718 1944 εῦθῦς
741 1862 779 1930 οῦ
801 1863 844 1930 τά
868 1860 1019 1949 ὁρώμενα
1042 1865 1139 1950 ζητεῖ,
1163 1857 1253 1931 ἀλλὰ
1266 1863 1314 1931 τὰ

245 1960 339 2034 τοῦτ’
364 1959 464 2049 ἀρχῆς
493 1963 608 2049 ἐρωτᾷ.
655 1963 772 2047 “δεῦρο
800 1961 862 2047 γάρ
892 1964 1018 2049 (φησίν)
1049 1956 1243 2028 ἀποστείλω
1272 1984 1315 2030 οε

282 2061 369 2146 πρὸς
390 2059 468 2138 τοὺς
490 2059 581 2138 υἱοὺς
599 2055 736 2145 Ἰσραὴλ,
760 2061 814 2126 καὶ
838 2059 923 2144 ἐρεῖς
946 2059 1031 2142 πρὸς
1054 2054 1182 2137 αὐτοῦς,
1213 2054 1269 2126 ὅτι
1293 2054 1313 2125 5

282 2158 364 2238 θεὸς
385 2161 450 2223 τών
471 2162 624 2241 πατέρων
638 2151 731 2243 ἡμῶν
748 2151 934 2223 ἀπίσταλκί
948 2183 999 2237 με,
1023 2153 1041 2221 5
1057 2155 1139 2234 θεὸς
1150 2151 1311 2242 Ἀβραὰμ

280 2261 334 2324 καί
358 2253 376 2323 5
398 2255 480 2334 θεὸς
499 2251 605 2321 Ἰσαάκ
627 2253 682 2320 καὶ
705 2251 723 2320 5
746 2254 828 2333 θεὸς
846 2248 991 2338 'laxum
1013 2253 1081 2340 πρὸ
1102 2256 1223 2339 γενεῶν
1246 2260 1336 2322 τοῦΒ

282 2362 458 2432 Μωυσέως
487 2359 586 2420 πέντε
613 2346 634 2439 ἢ
662 2354 698 2431 ἓξ
731 2347 898 2435 ὀνομάσας
927 2350 1004 2429 τοῦς
1037 2353 1115 2436 περὶ
1143 2346 1313 2438 Ἁβραάμ.

244 2471 272 2520 15
281 2455 335 2519 καὶ
358 2451 473 2536 ἐπειδὴ
498 2446 589 2518 εἶπεν
613 2448 695 2516 θεὸν
718 2453 784 2516 τιῦν
807 2455 977 2533 πατέρων,
1000 2447 1038 2514 τὸ
1062 2443 1199 2533 ἀρχαῖον
1224 2445 1315 2519 ἀπε·

283 2548 420 2637 φήνατο.
459 2543 476 2612 5
500 2550 535 2615 δὲ
560 2550 711 2633 Μωυσῆς
733 2553 863 2613 συνέσει
886 2545 921 2612 ἐκ
945 2549 1026 2612 θεοῦ
1048 2555 1315 2632 κεχαριτωμένος

281 2642 394 2733 ἠρώτα
422 2640 460 2711 οῦ
489 2647 611 2721 ταῦτα,
643 2638 727 2709 ἀλλὰ
755 2647 808 2710 καὶ
831 2644 870 2709 τὸ
893 2643 943 2710 ἔτι
964 2638 1143 2727 ἀνώτερον,
1174 2639 1230 2712 ὅτι
1254 2647 1314 2713 ἐὰν

283 2738 427 2809 ἀπέλθω
456 2742 542 2823 πρὸς
572 2736 707 2818 αῦτοῦς,
738 2740 793 2807 καὶ
823 2743 949 2807 ελίτωσι
971 2740 1056 2825 πρός
1077 2765 1119 2821 με
1142 2751 1195 2808 “zi
1219 2738 1314 2830 αὐτῷ

284 2837 407 2920 ἀνομίας
431 2846 464 2904 τί
487 2838 550 2923 ίρώ
574 2836 660 2922 πρὸς
683 2833 820 2919 αὐτούς,
845 2833 914 2905 ὅδὲ
929 2839 1050 2905 λοιπὸν
1066 2833 1315 2922 ἀποκαλύπτει,

243 2935 347 3022 κυέγώ
371 2931 472 3018 εἰμιὸ
496 2934 567 3001 ών”.
599 2939 652 3002 καὶ
675 2936 717 3001 τὰ
738 2938 798 3019 μὲν
821 2939 939 3022 πρώτα
962 2933 1032 3003 ἀπὸ
1053 2938 1120 3001 τών
1142 2935 1314 3021 ἐγγυτάτω

283 3032 414 3122 ἤρξατο,
439 3033 485 3112 εἷς
508 3034 645 3116 ἔσχατον
668 3035 704 3099 ἀὲ
726 3031 764 3097 τὸ
788 3027 955 3099 ἀνώτατον
979 3033 1105 3121 ἐδήλου.
1147 3028 1314 3105 ἀλλὰκαὶ

285 3127 303 3197 5
325 3134 464 3210 Λουκᾶς
486 3130 620 3215 ἄρχεται
643 3125 713 3196 ἀπὸ
736 3134 801 3196 τῶν
825 3130 913 3197 κάτω
932 3134 986 3198 καὶ
1003 3131 1176 3216 ἐγγυτάτω,
1202 3128 1258 3200 ὅτι
1275 3124 1315 3222 ἦν

284 3224 383 3307 αὐτὸς
406 3225 423 3294 5
443 3223 565 3316 Ἰησοῦς
587 3223 766 3312 ἀρχόμενος
789 3223 834 3306 ώς
856 3228 939 3294 ἐτών
960 3229 1146 3314 τριάκοντα,
1170 3223 1218 3294 ὢν
1239 3232 1340 3311 υἱὸςσ

285 3323 330 3404 ώς
353 3327 518 3410 ἐνομίζετο
541 3329 600 3392 τοῦ
621 3321 754 3412 Ἰωσὴφ,
785 3329 843 3391 τοῦ
863 3320 952 3404 Ἠλὶ,
976 3328 1034 3391 τοῦ
1057 3329 1227 3406 Ματθάτ,
1253 3332 1314 3396 τοῦ

245 3441 276 3492 25
287 3422 420 3501 Νάθαν,
444 3427 503 3487 τοῦ
519 3423 638 3506 Δαβίδ,
661 3426 721 3488 τοῦ
734 3418 848 3501 Ἰοῦάα,
865 3427 923 3488 τοῦ
937 3417 1058 3506 Ἰακώβ,
1074 3426 1133 3487 τοῦ
1145 3418 1313 3510 Ἀβραὰμ,

284 3523 344 3586 τοῦ
367 3519 500 3603 Ναχώρ,
524 3523 582 3585 τοῦ
606 3521 693 3600 Νῶε,
717 3524 775 3586 τοῦ
791 3519 922 3603 Λάμεχ,
945 3524 1003 3586 τοῦ
1017 3516 1124 3602 Ἑνώχ,
1147 3525 1206 3587 τοῦ
1223 3524 1312 3612 Σὴθ,

285 3620 344 3684 τοῦ
371 3611 495 3700 Ἀδάμ,
525 3620 583 3682 τοῦ
612 3621 725 3684 θεοῦ”.
770 3616 826 3683 καὶ
854 3612 934 3704 ὁρᾷς
963 3621 1037 3696 πώς
1065 3618 1123 3703 τὴν
1152 3618 1315 3707 ἕνοορκον

285 3721 475 3802 παρουσίαν
496 3718 631 3800 πρώτον
655 3715 785 3796 ἔδειξεν,
811 3715 928 3783 ἔπειτα
949 3714 987 3781 τὸ
1006 3715 1151 3798 ἔσχατον.
1184 3716 1314 3787 διὸκαὶ

285 3820 473 3890 Ματθαῒος
495 3810 578 3877 κατὰ
598 3811 656 3898 τὴν
680 3812 836 3899 ἕνσαρκον
858 3815 1085 3898 γενεαλογίαν,
1108 3813 1316 3898 βουλόμενος

247 3921 479 3997 3οκαταγαγεῖν
508 3908 566 3996 τὴν
594 3913 743 3992 Χριστοῦ
772 3918 960 3995 παρουσίαν
990 3910 1037 3988 εἷς
1065 3909 1123 3996 τὴν
1156 3914 1223 3977 τών
1255 3909 1316 3982 ἀν-

286 4008 437 4093 θρώπων
468 4006 633 4085 διάνοιαν,
664 4001 722 4074 οῦκ
745 4002 847 4083 εῦθῦς
869 4000 962 4072 εἶπεν
986 4003 1039 4073 ὅτι
1059 4013 1186 4092 γένεσις
1204 4003 1315 4098 Ἰησοῦ

286 4109 435 4186 Χριστοῦ
461 4104 531 4171 υἱοῦ
551 4100 712 4189 Ἀβραάμ,
737 4099 821 4170 ἀλλὰ
844 4102 916 4168 υἱοῦ
935 4104 1047 4186 Δαβὶῦ
1069 4108 1214 4190 πρώτον,
1240 4103 1316 4178 ελτα

287 4199 360 4263 υίοῦ
379 4196 545 4285 Ἀβραάμ,
569 4202 625 4268 ἵνα
646 4202 685 4267 τὸ
709 4199 906 4286 πρόσφατον
931 4196 1097 4286 ὁρώμενον
1119 4206 1173 4268 καί
1196 4203 1236 4270 τὸ
1261 4208 1316 4294 λγ-
