2867 5084
1055 510 1071 545 ’,Ι

253 946 313 1008 110
475 960 678 1009 summor
694 960 790 1010 xm
807 961 993 1012 mmmm
1010 963 1040 1010 ο.

246 1113 300 1177 καὶ
330 1111 505 1194 θάψαντες
533 1111 673 1190 θάψατε
702 1107 801 1180 αὐτὸν
829 1112 896 1196 πρὸ
925 1111 1050 1189 δύσεως
1077 1115 1135 1177 τοῦ
1158 1109 1266 1199 ἡλίου,

248 1204 301 1274 ὅτι
330 1207 571 1292 ἔπικατάρατυς
598 1211 666 1288 πᾶς
694 1207 712 1275 ό
741 1210 941 1295 κρεμάμενος
969 1209 1025 1276 ἐπὶ
1054 1213 1114 1274 τοῦ
1136 1210 1264 1289 ξύλου”.

248 1305 321 1372 ἐπεὶ
350 1295 407 1371 οὖν
436 1306 493 1372 όιά
519 1305 577 1393 τὴν
606 1307 793 1390 σταύρωσιν
820 1304 840 1395 ἡ
862 1307 988 1391 κατάρα
1010 1314 1300 1391 προσετέτακτο,1;

247 1402 357 1469 ἐλθὼν
381 1404 416 1470 δὲ
439 1398 537 1483 αύτὸς
558 1404 618 1483 τὰς
639 1401 801 1489 ἁμαρτίας
822 1401 914 1492 ἡμῶν
937 1399 1106 1491 άνήνεγκεν
1129 1405 1187 1473 ἐπὶ
1209 1406 1265 1487 ξύ-

223 1502 316 1581 ὅλου,
341 1497 425 1586 ύπὲρ
447 1497 539 1588 ἡμῶν
562 1502 677 1569 ἑαυτὸν
700 1503 866 1582 δεδωκώς,
888 1503 927 1568 τό
950 1498 1033 1617 αλμα
1055 1497 1157 1568 αὐτοῦ
1179 1499 1265 1591 ἡμᾶς

245 1593 396 1685 ν’γόρασε,
420 1600 459 1664 τὸ
481 1603 578 1683 σῶμα
600 1596 700 1665 αύτοῦ
724 1595 815 1684 ἱμῶν
830 1600 899 1679 τάς·
903 1600 1047 1683 κατάρας
1061 1602 1163 1682 ἔλυσε,
1187 1625 1264 1668 του-

245 1704 337 1764 τέστι
366 1697 467 1774 λύσας
494 1697 553 1774 τὰς
575 1693 738 1780 ἁμαρτίας
762 1697 818 1763 διὰ
838 1703 897 1785 τῆς
917 1701 976 1763 τοῦ
1000 1703 1142 1782 σταυροῦ
1163 1724 1264 1783 μετα-

246 1802 337 1873 νοίας
359 1796 412 1859 καὶ
435 1797 493 1878 τῆς
514 1789 614 1859 αὐτοῦ
637 1801 832 1879 παρουσίας.
864 1794 940 1861 ούτε
962 1798 1020 1860 οὐν
1043 1790 1060 1859 ό
1084 1796 1184 1879 νόμος
1206 1823 1264 1863 κα-

245 1891 339 1975 τάρα,
362 1889 406 1977 μή
429 1897 572 1975 γένοιτο,
598 1890 674 1958 οὔτε
694 1892 734 1957 τὸ
757 1888 943 1977 εὐαγγέλιον
966 1893 1117 1978 ἔλαβε
1083 1920 1141 1981 την
1163 1895 1265 1961 κατά-

208 2004 321 2074 ιοραν,
346 1987 421 2055 ούτε
444 1983 462 2051 ό
484 1989 609 2072 κύριος,
633 1987 717 2056 ἀλλὰ
741 1990 797 2056 διὰ
818 1994 876 2077 της
898 1990 1101 2077 προφάσεως
1121 1996 1183 2057 τοῦ
1205 1987 1264 2058 αύ-

244 2089 303 2152 τού
324 2086 475 2152 θανάτου
498 2088 629 2153 λέλυται
653 2084 670 2151 ό
693 2087 842 2166 θάνατος
865 2086 882 2153 ὁ
905 2088 989 2155 κατὰ
1009 2092 1067 2175 τῆς
1089 2085 1261 2174 ἁμαρτίας.

331 2190 380 2253 80.
412 2179 496 2250 Εἶτά
518 2208 619 2271 φησιν
643 2182 694 2252 ότι
718 2181 736 2250 ό
759 2186 859 2270 νόμος
883 2188 1032 2252 διακονία
1053 2176 1092 2272 ἦν
1115 2191 1173 2253 τοῦ
1196 2195 1264 2254 θα-

244 2281 353 2349 νάτου.
384 2280 445 2369 ἤδη
468 2288 544 2367 περὶ
567 2282 685 2349 τούτου
708 2283 819 2350 πολλὰ
842 2285 989 2368 εἴπομεν,
1014 2280 1067 2349 ὅτι
1089 2280 1147 2351 ούκ
1164 2281 1263 2364 αύτὸς

244 2369 283 2466 ἢν
312 2380 463 2459 διάκονος
492 2381 651 2447 θανάτου.
698 2377 774 2448 ούύὲ
796 2382 857 2467 γὰρ
881 2383 970 2467 ἔλεγε
993 2383 1160 2469 φονεύειν,
1192 2377 1260 2448 ἀλλ’

206 2494 234 2544 15
244 2476 390 2544 ἐκέλευσε
413 2479 514 2562 λέγων
538 2478 601 2564 ’μὴ
625 2479 817 2565 φονεύσῃς”.
848 2480 963 2566 ἐπειδὴ
981 2481 1017 2546 δὲ
1031 2479 1191 2567 ἐφόνευσε
1205 2481 1287 2548 τότε

244 2575 435 2693 φονεύοντα,
460 2575 515 2640 ἵνα
538 2570 700 2661 ἀναιρεθῇ
724 2576 781 2641 διά
801 2580 861 2641 τοῦ
877 2577 950 2655 ἑνός
964 2581 1023 2643 τοῦ
1040 2584 1263 2663 φονευθέντος

242 2667 344 2757 ἡτοῦ
367 2670 472 2758 φόνου
495 2672 653 2757 ἐνέργεια,
687 2698 740 2738 και
766 2669 850 2738 <³2²⁰
832 2699 889 2741 ενα
912 2680 1118 2762 φοβηθέντες
1140 2678 1260 2743 πολλοὶ

241 2770 430 2851 κατάσχωσι
458 2767 516 2853 τὴν
539 2765 669 2834 άύικίαν
691 2773 750 2834 τοῦ
772 2777 887 2856 μηκέτι
909 2772 1124 2859 φονεύειν,η
1106 2771 1262 2840 ύ-διακο

242 2869 337 2933 νία
320 2892 357 2953 ην
379 2865 539 2944 θανάτου,
564 2862 622 2949 σύγ
643 2867 699 2932 ι’να
721 2868 870 2935 θάνατον
893 2869 1086 2957 όιακονηση,
1111 2800 1180 2935 άλλ
1206 2873 1263 2938 ἵνα

203 2912 391 3030 έοθάνάτον
418 2989 464 3049 τφ
495 2966 637 3050 φονευτῇ
664 2964 856 3051 εργάσηται,
888 2992 943 3032 ινα
967 2974 1081 3053 μηκέτι
1104 2973 1262 3054 φονευταὶ

242 3063 363 3128 πολλοὶ
391 3067 556 3146 γίνωνται.
602 3062 712 3127 ἒλθιὺν
740 3065 776 3129 δὲ
806 3059 971 3151 ὁσωτηρ,
1002 3065 1118 3151 ἐπειδὴ
1141 3066 1263 3133 λοιπόν

242 3159 466 3247 ἐσωφρόνισεν
496 3156 514 3225 ό
542 3159 770 3246 παιδαγωγὸς,
801 3161 840 3225 τό
868 3164 1027 3228 πλεῖστον
1055 3167 1115 3227 τοῦ
1141 3164 1261 3248 χρόνου

240 3258 283 3324 τά
305 3258 512 3341 ἕντελέστερα
533 3257 719 3344 μαθήματα
742 3258 867 3337 δεικνύς
888 3260 972 3341 μετὰ
993 3262 1051 3345 τῆς
1065 3270 1262 3347 συμφωνίας

240 3358 300 3420 τοῦ
323 3353 434 3438 νόμου,
458 3358 517 3421 τοῦ
534 3354 578 3439 μὴ
595 3355 768 3444 φονεύσῃς,
791 3356 835 3443 μὴ
850 3358 983 3444 κλέψῃς,
1007 3358 1050 3441 μὴ
1068 3360 1288 3445 ψευδομαρ-ιι

203 3451 392 3566 ῧτηρήσης,
417 3452 480 3540 ε’φη
504 3449 588 3518 ότι·
592 3456 648 3539 ’τῷ
669 3454 845 3538 ῥαπίζοντί
868 3479 905 3522 σε
925 3456 972 3533 εἰς
987 3481 1045 3540 την
1062 3455 1171 3534 δεξιάν
1187 3479 1263 3522 σια-

241 3549 331 3637 γόνα,
355 3555 501 3633 στρέψον
524 3547 614 3636 αύτῷ
634 3557 688 3617 καὶ
710 3576 769 3638 την
792 3550 920 3638 άλλην,’
948 3553 1003 3618 ἱνα
1026 3553 1109 3666 ζωῆς
1130 3559 1289 3649 γένηται

241 3675 261 3735 η
250 3644 444 3727 “όιακονία,
469 3615 706 3732 άναιρούμίνου
729 3650 929 3716 παντάπασι
945 3653 1002 3767 τηῦ
1019 3649 1132 3736 φόνου.
1165 3647 1260 3736 ὁγὰρ

241 3744 449 3829 τυπτόμενος
469 3745 528 3832 τὴν
551 3743 690 3830 σιαγόνα
711 3747 900 3832 παροξυσμ
876 3771 926 3813 ων
942 3772 998 3813 οικ
1014 3747 1182 3833 ἐργάζεται
1196 3750 1261 3837 φό·

242 3868 317 3924 νου,
347 3837 431 3909 ἀλλὰ
459 3841 529 3909 λύει
556 3842 615 3930 τὴν
641 3854 736 3929 χεῖρα
764 3847 824 3909 τού
846 3848 1016 3930 φονευτού,
1040 3849 1080 3932 τῇ
1101 3870 1262 3913 ταπεινο-

203 3940 390 4031 θοφροσύνῃ
422 3940 591 4007 θωπεύων
621 3941 680 4028 τὴν
713 3941 747 4008 έν
780 3935 870 4027 αύτιῦ
902 3949 1025 4008 κακίαν.
1070 3946 1126 4009 καὶ
1154 3941 1261 4023 ούτως

241 4038 352 4106 πάντα
375 4047 549 4125 συμφωνεῖ
570 4039 700 4105 παλαιά
721 4041 775 4105 καί
797 4039 891 4126 καινὴ
915 4040 1068 4127 όιαθηκη.

325 4141 375 4202 81.
406 4129 490 4201 Εἶτα
511 4133 614 4202 πάλιν
637 4135 964 4219 ἒπιλαμβάνεται,”
950 4163 1003 4203 ινα
1011 4145 1305 4259 παρεισενέγκηῖψ

241 4230 300 4296 δύο
329 4232 522 4316 προσώπων
548 4227 675 4320 άγωγην
698 4231 785 4316 πρὸς
807 4235 965 4301 σύστασιν
988 4240 1045 4322 τῆς
1067 4231 1144 4322 παρ’
1169 4233 1263 4325 αύτῷ
