2867 5084
484 1008 580 1065 ιιινι.
597 1011 805 1064 mmmm,
862 1038 867 1049 -
930 1020 932 1027 ·
1117 1002 1161 1066 35

133 1167 289 1252 χρῆσθαι
310 1150 337 1248 ᾦ
359 1162 537 1251 θελήσειαν
560 1162 791 1250 ἐπιχειρήματι
814 1165 958 1244 ἕκαστος,
981 1166 1038 1233 ἵνα
1061 1162 1162 1247 αάτὸς

133 1263 196 1345 μὲν
221 1256 371 1338 ἀναίτιος
390 1264 456 1327 τῶν
478 1261 615 1348 φαύλων
638 1264 704 1348 είη,
735 1262 898 1348 διάκρισις
920 1262 957 1328 όὲ
979 1263 1073 1331 ίσται
1093 1268 1162 1331 τῶν

106 1359 187 1438 οείς
209 1354 327 1445 ἀρετήν
349 1358 610 1442 προκοπτόντων
631 1363 687 1426 καί
709 1359 812 1427 πάλιν
833 1364 892 1448 τῆς
913 1354 1014 1427 αὐτοῦ
1040 1363 1161 1450 φιλαν-

135 1463 298 1542 θρωπίας
325 1463 379 1521 καί
408 1451 617 1541 ἀγαθότητος
645 1457 687 1524 τό
710 1465 852 1542 βραβεῖα
874 1458 1158 1540 εἰσκομιζομένων.

136 1550 156 1619 ό
180 1556 218 1620 δὲ
239 1553 408 1640 μανιώδης
430 1543 527 1633 οὗτος
541 1554 663 1641 Μάνης
676 1554 879 1638 βουλόμενος
891 1562 1007 1633 κακίας
1021 1552 1186 1635 όπεξαι-ιι

136 1662 208 1736 ρεῖν
230 1650 287 1716 τὸν
310 1649 403 1729 θεὸν,
425 1653 551 1734 μᾶλλον
574 1648 664 1739 αὐτῷ
685 1659 802 1718 κακίαν
823 1650 910 1735 πρὸς
932 1652 1007 1717 ἰ’συν
1025 1649 1161 1719 ἀντεκα-

135 1755 303 1835 τίστησεν.
349 1744 433 1832 όμοῦ
461 1750 498 1815 δὲ
522 1750 661 1830 κακίζων
682 1749 741 1837 τήν
763 1752 877 1816 πᾶσαν
897 1755 1005 1817 κτίσιν
1027 1745 1086 1817 οὐκ
1108 1750 1161 1817 αλ·

135 1846 305 1930 σχόνεται,
335 1846 370 1913 ἐκ
397 1849 463 1913 τῶν
493 1846 526 1914 ἐν
554 1842 633 1934 ήμῑν
663 1848 868 1935 σφαλμάτων
894 1853 1074 1933 γινομένων
1102 1847 1162 1928 τὰς

137 1944 329 2033 προφάσεις
350 1940 596 2032 ἀπεμπολήσας
610 1947 662 2011 καὶ
679 1945 727 2024 είς
741 1944 800 2033 τήν
816 1948 929 2012 πᾶσαν
945 1946 1163 2032 δημιουργίαν

136 2046 204 2109 τῶν
228 2041 419 2126 ἰσορρόπων
441 2044 646 2129 συνυφήνας,
671 2039 862 2128 όπίρμαχος
883 2044 1009 2127 μᾶλλον
1030 2051 1160 2130 γεγένη·
1174 2063 1201 2111 1ο

135 2167 194 2207 ται
223 2145 276 2206 καί
310 2136 563 2228 ὑπερασπιστὴς
590 2130 630 2226 ής
651 2139 772 2226 φάσκει
795 2136 1013 2225 ἀπαγορεύειν
1035 2148 1158 2221 κακίας,

137 2241 193 2304 καί
220 2233 292 2303 ἀντί
320 2241 380 2302 τοῦ
408 2237 494 2322 πρὸς
516 2232 617 2324 αότήν
638 2244 758 2321 μίσους
780 2238 895 2323 φιλίαν
917 2236 1068 2302 τινὰκαὶ
1090 2262 1162 2304 κοι·

87 2343 258 2403 ωονωνίαν
279 2335 366 2419 πρὸς
388 2329 488 2422 αὐτήν
510 2329 751 2416 ἀσπαζόμενος,
776 2329 880 2400 ὁπότε
902 2333 1062 2400 σύστασιν
1078 2331 1161 2422 αὐτῇ

139 2434 261 2499 όίόωσι
287 2435 339 2498 καί
369 2428 583 2513 ἀϊόιάζουσαν
613 2426 713 2518 αότήν
745 2432 970 2516 καταγγέλλει,
1001 2430 1060 2496 σὺν
1088 2436 1160 2518 θεῷ

143 2532 181 2597 δὲ
204 2524 254 2597 ἀεὶ
284 2520 386 2596 οὖσαν
412 2534 466 2596 καί
487 2529 657 2616 μηδέποτε
678 2526 842 2615 λήγουσαν
864 2531 923 2594 τοῦ
945 2523 1039 2595 εἶναι.
1086 2524 1160 2595 όνό-
1175 2548 1202 2596 ιο

137 2652 223 2713 μασι
246 2630 282 2694 δέ
301 2651 389 2692 τισιν
413 2622 513 2713 αότήν
536 2622 714 2693 ἀποκαλῶν
738 2625 794 2692 διὰ
816 2628 934 2692 πασιῖιν
949 2629 1016 2692 τῶν
1031 2623 1161 2693 όποθί-

137 2750 224 2793 σεων
246 2724 395 2793 ἐκπεσών
417 2730 475 2809 τῆς
498 2720 660 2810 ἀληθείας
683 2725 941 2812 φωραθήσεται,
970 2726 1028 2810 τῆς
1050 2724 1161 2811 πάοης

136 2832 275 2902 κτίσεως
298 2822 332 2888 ίκ
352 2826 437 2889 θεοῦ
458 2824 566 2900 καλῶς
588 2822 779 2909 ἐκτισμένης
801 2822 836 2901 ίξ
858 2812 903 2887 ὧν
926 2817 1026 2900 αότὸς
1050 2847 1161 2907 παρα-

135 2927 274 2988 τίθεται
295 2923 492 3005 μαρτυριῶν.

226 3025 275 3085 Π.
308 3020 373 3084 Καὶ
393 3021 526 3100 πρῶτον
541 3019 600 3101 μὲν
617 3013 670 3083 ότι
685 3013 764 3102 όλην
779 3015 899 3102 ταύτην
913 3017 1053 3103 κέκληκε,
1078 3015 1161 3082 κατὰ
1172 3038 1203 3087 20

138 3117 175 3183 δὲ
196 3115 256 3182 τόν
277 3110 378 3181 αότὸν
399 3119 476 3181 νοῦν
499 3116 662 3201 λογίζεται
682 3113 804 3201 ταύτην
827 3108 911 3180 εἶναι
930 3112 1075 3200 φθοράν.
1105 3115 1160 3179 καί

118 3217 276 3298 Βπριῖιτον
298 3215 367 3296 μὲν,
392 3213 421 3280 εί
443 3213 514 3280 ἔστι
536 3211 664 3301 φθορὰ,
685 3210 777 3289 τινὸς
799 3210 864 3294 ἀρα
883 3212 932 3297 εἴη
950 3210 1076 3297 φθορά.
1106 3213 1160 3276 καί

139 3311 168 3377 εἰ
195 3313 256 3395 μὲν
285 3307 396 3377 ἀλλων
423 3309 540 3397 φθορὰ
567 3306 723 3394 ἀπάρχει,
754 3305 836 3394 αὕτη
867 3310 903 3375 δὲ
925 3307 1161 3393 ίμπαράμονός

138 3408 245 3487 ἔστιν,
276 3405 342 3492 ἀρα
370 3410 512 3475 ίκπαλαι
540 3408 682 3495 ἔφθειρε
707 3406 750 3472 τὰ
771 3403 867 3486 όντα,
896 3408 951 3472 καί
972 3405 1056 3493 μόνη
1079 3402 1160 3487 αὕτη

139 3512 334 3589 συνέστηκεν
361 3504 396 3572 ίν
422 3504 529 3590 χρόνῳ
557 3503 706 3590 τοσούτῳ
730 3503 850 3590 τὸτῆς
871 3499 972 3590 αὐτῆς
994 3503 1203 3589 ἀυνόμεωςκε

139 3602 344 3690 ἐνεργητικὸν
355 3593 560 3690 -ίργαζομένη
583 3605 639 3669 καὶ
653 3602 698 3689 μή
715 3600 957 3689 ίκκοπτομίιη·
989 3603 1018 3669 εἰ
1035 3604 1070 3669 δὲ
1086 3603 1162 3669 ἑαυ-

138 3704 197 3789 τῆς
218 3701 292 3769 ίοτι
309 3700 436 3789 φθορὰ,
461 3697 652 3788 φθείρουσα
666 3726 702 3767 τε
716 3703 771 3767 καί
788 3700 980 3786 όαμάζουσα
1001 3703 1055 3767 καί
1081 3695 1162 3766 ἀνα-

139 3803 301 3869 λίσκουσα
321 3801 374 3866 καί
396 3793 600 3878 ἀπόλλουσα,
625 3793 835 3887 ἀπολλυμένη
858 3797 927 3866 ίστί
951 3800 1004 3864 καί
1027 3792 1066 3863 οὐ
1082 3821 1163 3862 στα·

139 3899 303 3985 θήσεται,
333 3895 453 3985 ἑαυτῆς
485 3891 669 3984 ἀναλωτική
701 3920 754 3975 τις
786 3886 870 3963 οόοσ
898 3897 950 3962 καὶ
982 3893 1160 3982 φθαρτική.

139 3999 214 4075 πῶς
224 3983 286 4063 οὖν
299 3994 412 4082 ἕστηκε
423 3997 583 4060 τοσοῦτον
591 3993 710 4077 χρόνον
723 3989 916 4078 όπάρχουσα
929 3993 1013 4060 κατὰ
1027 3991 1085 4058 τὸν
1100 3994 1159 4058 τοῦ
1170 4012 1202 4063 ιο

118 4090 281 4179 [ἀγύρτου
303 4092 418 4177 mom·
442 4088 511 4175 ἅμα
532 4092 568 4158 δὲ
592 4087 631 4157 οό
653 4092 908 4178 συγκοινωνήσει
931 4086 1016 4168 όλως
1030 4092 1069 4176 τῇ
1086 4090 1151 4178 ζωῇ

140 4188 217 4260 οόόί
239 4186 417 4278 ἀμαζιυής
439 4185 657 4301 εὑρεθήσεται
683 4184 762 4256 οόόὲ
794 4183 1012 4275 ἀγαθότητος.
1059 4182 1163 4255 ὁπότε

142 4289 176 4359 δὲ
203 4287 241 4359 ίν
268 4286 399 4375 λιιὰοτφ
424 4289 492 4355 τῶν
519 4282 574 4353 ἀπ’
600 4281 700 4352 αὐτοῦ
728 4286 947 4370 κακιζομένιον
973 4284 1164 4369 κτισμάτων

956 4394 1008 4457 0³*
