<?xml version="1.0" encoding="UTF-8"?>
<!DOCTYPE html PUBLIC "-//W3C//DTD XHTML 1.0 Transitional//EN"
    "http://www.w3.org/TR/xhtml1/DTD/xhtml1-transitional.dtd">
<html xmlns="http://www.w3.org/1999/xhtml" xml:lang="en" lang="en">
 <head>
  <title>
</title>
<meta http-equiv="Content-Type" content="text/html;charset=utf-8" />
  <meta name='ocr-system' content='tesseract 3.04.00' />
  <meta name='ocr-capabilities' content='ocr_page ocr_carea ocr_par ocr_line ocrx_word'/>
</head>
<body>
  <div class='ocr_page' id='page_1' title='image "./opera01dindgoog_1032.png"; bbox 0 0 2867 5084; ppageno 0'>
   <div class='ocr_carea' id='block_1_1' title="bbox 541 954 1158 1021">
    <p class='ocr_par' dir='ltr' id='par_1_1' title="bbox 541 954 1158 1021">
     <span class='ocr_line' id='line_1_1' title="bbox 541 954 1158 1021; baseline -0.003 0"><span class='ocrx_word' id='word_1_1' title='bbox 541 970 633 1021; x_wconf 71' lang='lat' dir='ltr'>athan</span> <span class='ocrx_word' id='word_1_2' title='bbox 650 968 761 1020; x_wconf 74' lang='lat' dir='ltr'>nenhtt</span> <span class='ocrx_word' id='word_1_3' title='bbox 1096 954 1158 1019; x_wconf 84' lang='grc'>951</span> 
     </span>
    </p>
   </div>
   <div class='ocr_carea' id='block_1_2' title="bbox 129 1121 1164 2956">
    <p class='ocr_par' dir='ltr' id='par_1_2' title="bbox 129 1121 1164 2262">
     <span class='ocr_line' id='line_1_2' title="bbox 168 1121 1160 1186; baseline -0.003 -10"><span class='ocrx_word' id='word_1_4' title='bbox 168 1126 276 1176; x_wconf 78' lang='lat' dir='ltr'>Valentis</span> <span class='ocrx_word' id='word_1_5' title='bbox 287 1125 396 1174; x_wconf 78' lang='lat' dir='ltr'>authoris</span> <span class='ocrx_word' id='word_1_6' title='bbox 404 1122 554 1171; x_wconf 85' lang='lat' dir='ltr'>l&#39;alcsiorum</span> <span class='ocrx_word' id='word_1_7' title='bbox 566 1136 652 1170; x_wconf 91' lang='lat' dir='ltr'>nomen</span> <span class='ocrx_word' id='word_1_8' title='bbox 661 1121 786 1169; x_wconf 83' lang='lat' dir='ltr'>drabicum</span> <span class='ocrx_word' id='word_1_9' title='bbox 797 1134 851 1169; x_wconf 90' lang='lat' dir='ltr'>csse</span> <span class='ocrx_word' id='word_1_10' title='bbox 862 1128 927 1182; x_wconf 87' lang='lat' dir='ltr'>putat</span> <span class='ocrx_word' id='word_1_11' title='bbox 936 1121 1082 1186; x_wconf 74' lang='lat' dir='ltr'>Epiphanius</span> <span class='ocrx_word' id='word_1_12' title='bbox 1095 1121 1127 1171; x_wconf 93' lang='lat' dir='ltr'>ib.</span> <span class='ocrx_word' id='word_1_13' title='bbox 1136 1124 1160 1176; x_wconf 83' lang='lat' dir='ltr'>b.</span> 
     </span>
     <span class='ocr_line' id='line_1_3' title="bbox 168 1188 1111 1244; baseline -0.005 0"><span class='ocrx_word' id='word_1_14' title='bbox 168 1196 257 1244; x_wconf 82' lang='lat' dir='ltr'>Valesii</span> <span class='ocrx_word' id='word_1_15' title='bbox 278 1193 381 1243; x_wconf 75' lang='lat' dir='ltr'>universi</span> <span class='ocrx_word' id='word_1_16' title='bbox 399 1191 497 1240; x_wconf 69' lang='lat' dir='ltr'>castrati</span> <span class='ocrx_word' id='word_1_17' title='bbox 515 1197 570 1239; x_wconf 92' lang='lat' dir='ltr'>sunt</span> <span class='ocrx_word' id='word_1_18' title='bbox 588 1191 651 1238; x_wconf 80' lang='lat' dir='ltr'>ihc.</span> <span class='ocrx_word' id='word_1_19' title='bbox 662 1190 684 1237; x_wconf 87' lang='lat' dir='ltr'>d.</span> <span class='ocrx_word' id='word_1_20' title='bbox 721 1188 808 1237; x_wconf 80' lang='lat' dir='ltr'>Eorum</span> <span class='ocrx_word' id='word_1_21' title='bbox 828 1189 945 1238; x_wconf 85' lang='lat' dir='ltr'>mutilatio</span> <span class='ocrx_word' id='word_1_22' title='bbox 964 1191 1076 1241; x_wconf 77' lang='lat' dir='ltr'>tanne.</span> <span class='ocrx_word' id='word_1_23' title='bbox 1088 1189 1111 1239; x_wconf 90' lang='lat' dir='ltr'>d.</span> 
     </span>
     <span class='ocr_line' id='line_1_4' title="bbox 129 1257 1163 1319; baseline -0.003 -6"><span class='ocrx_word' id='word_1_24' title='bbox 129 1264 241 1314; x_wconf 69' lang='lat' dir='ltr'>Verbum</span> <span class='ocrx_word' id='word_1_25' title='bbox 258 1276 306 1311; x_wconf 91' lang='lat' dir='ltr'>uon</span> <span class='ocrx_word' id='word_1_26' title='bbox 325 1269 363 1310; x_wconf 91' lang='lat' dir='ltr'>est</span> <span class='ocrx_word' id='word_1_27' title='bbox 379 1267 496 1309; x_wconf 89' lang='lat' dir='ltr'>mutatum</span> <span class='ocrx_word' id='word_1_28' title='bbox 515 1260 538 1308; x_wconf 91' lang='lat' dir='ltr'>in</span> <span class='ocrx_word' id='word_1_29' title='bbox 557 1273 662 1318; x_wconf 85' lang='lat' dir='ltr'>carnem,</span> <span class='ocrx_word' id='word_1_30' title='bbox 689 1257 732 1305; x_wconf 86' lang='lat' dir='ltr'>sed</span> <span class='ocrx_word' id='word_1_31' title='bbox 758 1257 815 1305; x_wconf 91' lang='lat' dir='ltr'>illud</span> <span class='ocrx_word' id='word_1_32' title='bbox 840 1257 903 1319; x_wconf 82' lang='lat' dir='ltr'>quod</span> <span class='ocrx_word' id='word_1_33' title='bbox 929 1268 980 1308; x_wconf 86' lang='lat' dir='ltr'>erat</span> <span class='ocrx_word' id='word_1_34' title='bbox 1003 1272 1098 1308; x_wconf 87' lang='lat' dir='ltr'>carnem</span> <span class='ocrx_word' id='word_1_35' title='bbox 1122 1274 1163 1310; x_wconf 88' lang='lat' dir='ltr'>as·</span> 
     </span>
     <span class='ocr_line' id='line_1_5' title="bbox 170 1326 1164 1394; baseline -0.001 -14"><span class='ocrx_word' id='word_1_36' title='bbox 170 1330 276 1394; x_wconf 76' lang='lat' dir='ltr'><strong>sumpsit</strong></span> <span class='ocrx_word' id='word_1_37' title='bbox 297 1328 392 1378; x_wconf 78' lang='lat' dir='ltr'>tonte.</span> <span class='ocrx_word' id='word_1_38' title='bbox 417 1327 445 1375; x_wconf 84' lang='lat' dir='ltr'>Et</span> <span class='ocrx_word' id='word_1_39' title='bbox 464 1328 559 1390; x_wconf 85' lang='lat' dir='ltr'>corpori</span> <span class='ocrx_word' id='word_1_40' title='bbox 571 1328 712 1375; x_wconf 82' lang='lat' dir='ltr'>bumanoex</span> <span class='ocrx_word' id='word_1_41' title='bbox 724 1326 788 1373; x_wconf 85' lang='lat' dir='ltr'>rerhi</span> <span class='ocrx_word' id='word_1_42' title='bbox 800 1327 969 1376; x_wconf 89' lang='lat' dir='ltr'>communione</span> <span class='ocrx_word' id='word_1_43' title='bbox 988 1335 1102 1391; x_wconf 89' lang='lat' dir='ltr'>quantum</span> <span class='ocrx_word' id='word_1_44' title='bbox 1121 1343 1164 1379; x_wconf 93' lang='lat' dir='ltr'>ac-</span> 
     </span>
     <span class='ocr_line' id='line_1_6' title="bbox 170 1393 1163 1448; baseline 0 0"><span class='ocrx_word' id='word_1_45' title='bbox 170 1399 275 1448; x_wconf 87' lang='lat' dir='ltr'>cesserit</span> <span class='ocrx_word' id='word_1_46' title='bbox 295 1396 394 1446; x_wconf 70' lang='lat' dir='ltr'>tonat.</span> <span class='ocrx_word' id='word_1_47' title='bbox 429 1395 531 1443; x_wconf 76' lang='lat' dir='ltr'>Verbum</span> <span class='ocrx_word' id='word_1_48' title='bbox 551 1396 699 1443; x_wconf 88' lang='lat' dir='ltr'>incarnatum</span> <span class='ocrx_word' id='word_1_49' title='bbox 725 1408 779 1441; x_wconf 83' lang='lat' dir='ltr'>rere</span> <span class='ocrx_word' id='word_1_50' title='bbox 803 1393 847 1442; x_wconf 88' lang='lat' dir='ltr'>luit</span> <span class='ocrx_word' id='word_1_51' title='bbox 865 1393 928 1442; x_wconf 86' lang='lat' dir='ltr'>heus</span> <span class='ocrx_word' id='word_1_52' title='bbox 948 1395 979 1444; x_wconf 92' lang='lat' dir='ltr'>ib.</span> <span class='ocrx_word' id='word_1_53' title='bbox 990 1412 1011 1445; x_wconf 92' lang='lat' dir='ltr'>c.</span> <span class='ocrx_word' id='word_1_54' title='bbox 1047 1395 1074 1442; x_wconf 83' lang='lat' dir='ltr'>Et</span> <span class='ocrx_word' id='word_1_55' title='bbox 1093 1396 1163 1448; x_wconf 87' lang='lat' dir='ltr'>Chri·</span> 
     </span>
     <span class='ocr_line' id='line_1_7' title="bbox 170 1462 1164 1528; baseline -0.002 -12"><span class='ocrx_word' id='word_1_56' title='bbox 170 1474 225 1516; x_wconf 82' lang='lat' dir='ltr'>stus</span> <span class='ocrx_word' id='word_1_57' title='bbox 244 1466 296 1528; x_wconf 86' lang='lat' dir='ltr'>ipse</span> <span class='ocrx_word' id='word_1_58' title='bbox 315 1464 417 1513; x_wconf 88' lang='lat' dir='ltr'>l&#39;erbum</span> <span class='ocrx_word' id='word_1_59' title='bbox 436 1462 480 1511; x_wconf 90' lang='lat' dir='ltr'>luit</span> <span class='ocrx_word' id='word_1_60' title='bbox 501 1463 597 1512; x_wconf 79' lang='lat' dir='ltr'>thoth.</span> <span class='ocrx_word' id='word_1_61' title='bbox 641 1462 707 1511; x_wconf 81' lang='lat' dir='ltr'>l&#39;nde</span> <span class='ocrx_word' id='word_1_62' title='bbox 726 1462 804 1510; x_wconf 90' lang='lat' dir='ltr'>dictus</span> <span class='ocrx_word' id='word_1_63' title='bbox 823 1462 936 1511; x_wconf 78' lang='lat' dir='ltr'>Eiiianuel</span> <span class='ocrx_word' id='word_1_64' title='bbox 955 1464 986 1512; x_wconf 91' lang='lat' dir='ltr'>ib.</span> <span class='ocrx_word' id='word_1_65' title='bbox 1000 1463 1022 1512; x_wconf 87' lang='lat' dir='ltr'>d.</span> <span class='ocrx_word' id='word_1_66' title='bbox 1060 1464 1164 1518; x_wconf 82' lang='lat' dir='ltr'>Verbum</span> 
     </span>
     <span class='ocr_line' id='line_1_8' title="bbox 170 1530 1163 1596; baseline 0.001 -13"><span class='ocrx_word' id='word_1_67' title='bbox 170 1549 186 1584; x_wconf 84' lang='lat' dir='ltr'>a</span> <span class='ocrx_word' id='word_1_68' title='bbox 205 1534 254 1582; x_wconf 88' lang='lat' dir='ltr'>lilio</span> <span class='ocrx_word' id='word_1_69' title='bbox 273 1539 472 1596; x_wconf 66' lang='lat' dir='ltr'>consepehatur,</span> <span class='ocrx_word' id='word_1_70' title='bbox 491 1532 534 1579; x_wconf 89' lang='lat' dir='ltr'>sed</span> <span class='ocrx_word' id='word_1_71' title='bbox 553 1531 616 1579; x_wconf 88' lang='lat' dir='ltr'>idem</span> <span class='ocrx_word' id='word_1_72' title='bbox 635 1547 688 1578; x_wconf 90' lang='lat' dir='ltr'>cum</span> <span class='ocrx_word' id='word_1_73' title='bbox 707 1530 755 1577; x_wconf 82' lang='lat' dir='ltr'>filio</span> <span class='ocrx_word' id='word_1_74' title='bbox 778 1530 839 1579; x_wconf 79' lang='lat' dir='ltr'>thot</span> <span class='ocrx_word' id='word_1_75' title='bbox 851 1530 904 1578; x_wconf 81' lang='lat' dir='ltr'>ab.</span> <span class='ocrx_word' id='word_1_76' title='bbox 931 1531 965 1580; x_wconf 86' lang='lat' dir='ltr'>he</span> <span class='ocrx_word' id='word_1_77' title='bbox 985 1531 1071 1580; x_wconf 87' lang='lat' dir='ltr'>Christi</span> <span class='ocrx_word' id='word_1_78' title='bbox 1089 1547 1163 1587; x_wconf 90' lang='lat' dir='ltr'>carne</span> 
     </span>
     <span class='ocr_line' id='line_1_9' title="bbox 170 1599 1163 1654; baseline 0.002 -2"><span class='ocrx_word' id='word_1_79' title='bbox 170 1601 351 1652; x_wconf 86' lang='lat' dir='ltr'>baereticorum</span> <span class='ocrx_word' id='word_1_80' title='bbox 375 1600 494 1648; x_wconf 88' lang='lat' dir='ltr'>sententia</span> <span class='ocrx_word' id='word_1_81' title='bbox 522 1599 649 1648; x_wconf 67' lang='lat' dir='ltr'>tonant».</span> <span class='ocrx_word' id='word_1_82' title='bbox 692 1599 870 1646; x_wconf 75' lang='lat' dir='ltr'>haereticorum</span> <span class='ocrx_word' id='word_1_83' title='bbox 895 1599 999 1648; x_wconf 90' lang='lat' dir='ltr'>obiectio</span> <span class='ocrx_word' id='word_1_84' title='bbox 1024 1600 1053 1648; x_wconf 91' lang='lat' dir='ltr'>de</span> <span class='ocrx_word' id='word_1_85' title='bbox 1073 1599 1163 1654; x_wconf 77' lang='lat' dir='ltr'>Christi</span> 
     </span>
     <span class='ocr_line' id='line_1_10' title="bbox 171 1666 1162 1723; baseline 0.001 -4"><span class='ocrx_word' id='word_1_86' title='bbox 171 1669 332 1720; x_wconf 77' lang='lat' dir='ltr'>excrementis</span> <span class='ocrx_word' id='word_1_87' title='bbox 359 1668 382 1716; x_wconf 91' lang='lat' dir='ltr'>in</span> <span class='ocrx_word' id='word_1_88' title='bbox 410 1681 482 1716; x_wconf 87' lang='lat' dir='ltr'>carne</span> <span class='ocrx_word' id='word_1_89' title='bbox 509 1668 633 1715; x_wconf 90' lang='lat' dir='ltr'>constituti</span> <span class='ocrx_word' id='word_1_90' title='bbox 661 1666 756 1715; x_wconf 78' lang='grc'><strong>10091.</strong></span> <span class='ocrx_word' id='word_1_91' title='bbox 805 1666 831 1714; x_wconf 87' lang='lat' dir='ltr'>h&#39;t</span> <span class='ocrx_word' id='word_1_92' title='bbox 859 1666 967 1716; x_wconf 88' lang='lat' dir='ltr'>eiusdem</span> <span class='ocrx_word' id='word_1_93' title='bbox 993 1668 1103 1717; x_wconf 80' lang='lat' dir='ltr'>rctuiittc</span> <span class='ocrx_word' id='word_1_94' title='bbox 1129 1672 1162 1723; x_wconf 93' lang='lat' dir='ltr'>ib.</span> 
     </span>
     <span class='ocr_line' id='line_1_11' title="bbox 169 1735 1164 1800; baseline 0 -12"><span class='ocrx_word' id='word_1_95' title='bbox 169 1738 286 1800; x_wconf 81' lang='lat' dir='ltr'>Exemplo</span> <span class='ocrx_word' id='word_1_96' title='bbox 305 1736 408 1786; x_wconf 78' lang='lat' dir='ltr'>illiorum</span> <span class='ocrx_word' id='word_1_97' title='bbox 422 1736 494 1785; x_wconf 78' lang='lat' dir='ltr'>lsrah&#39;l</span> <span class='ocrx_word' id='word_1_98' title='bbox 513 1737 591 1798; x_wconf 89' lang='lat' dir='ltr'>spatio</span> <span class='ocrx_word' id='word_1_99' title='bbox 609 1737 649 1784; x_wconf 86' lang='lat' dir='ltr'>tn.</span> <span class='ocrx_word' id='word_1_100' title='bbox 669 1747 786 1784; x_wconf 87' lang='lat' dir='ltr'>annorum</span> <span class='ocrx_word' id='word_1_101' title='bbox 806 1735 828 1782; x_wconf 91' lang='lat' dir='ltr'>in</span> <span class='ocrx_word' id='word_1_102' title='bbox 847 1735 944 1784; x_wconf 84' lang='lat' dir='ltr'>deserto</span> <span class='ocrx_word' id='word_1_103' title='bbox 963 1737 1024 1786; x_wconf 82' lang='lat' dir='ltr'>ihc.</span> <span class='ocrx_word' id='word_1_104' title='bbox 1062 1737 1095 1786; x_wconf 84' lang='lat' dir='ltr'>lle</span> <span class='ocrx_word' id='word_1_105' title='bbox 1114 1740 1164 1789; x_wconf 90' lang='lat' dir='ltr'>tte-</span> 
     </span>
     <span class='ocr_line' id='line_1_12' title="bbox 170 1801 1164 1870; baseline 0.004 -15"><span class='ocrx_word' id='word_1_106' title='bbox 170 1807 300 1855; x_wconf 88' lang='lat' dir='ltr'>braeorum</span> <span class='ocrx_word' id='word_1_107' title='bbox 324 1805 482 1855; x_wconf 66' lang='lat' dir='ltr'>excrementis</span> <span class='ocrx_word' id='word_1_108' title='bbox 506 1801 584 1853; x_wconf 80' lang='lat' dir='ltr'>tabula</span> <span class='ocrx_word' id='word_1_109' title='bbox 612 1803 706 1852; x_wconf 83' lang='lat' dir='ltr'>ldldb.</span> <span class='ocrx_word' id='word_1_110' title='bbox 742 1803 824 1851; x_wconf 76' lang='lat' dir='ltr'>Vestes</span> <span class='ocrx_word' id='word_1_111' title='bbox 850 1803 936 1853; x_wconf 79' lang='lat' dir='ltr'>Christi</span> <span class='ocrx_word' id='word_1_112' title='bbox 965 1803 1048 1870; x_wconf 87' lang='lat' dir='ltr'>quales</span> <span class='ocrx_word' id='word_1_113' title='bbox 1073 1806 1164 1859; x_wconf 87' lang='lat' dir='ltr'>luerint</span> 
     </span>
     <span class='ocr_line' id='line_1_13' title="bbox 171 1870 1163 1934; baseline 0.001 -11"><span class='ocrx_word' id='word_1_114' title='bbox 171 1875 238 1923; x_wconf 80' lang='lat' dir='ltr'>ind.</span> <span class='ocrx_word' id='word_1_115' title='bbox 275 1872 332 1922; x_wconf 82' lang='lat' dir='ltr'>Vera</span> <span class='ocrx_word' id='word_1_116' title='bbox 350 1886 406 1921; x_wconf 86' lang='lat' dir='ltr'>caro</span> <span class='ocrx_word' id='word_1_117' title='bbox 426 1872 514 1920; x_wconf 81' lang='lat' dir='ltr'>Christi</span> <span class='ocrx_word' id='word_1_118' title='bbox 533 1871 648 1934; x_wconf 90' lang='lat' dir='ltr'>probatur</span> <span class='ocrx_word' id='word_1_119' title='bbox 669 1870 763 1919; x_wconf 84' lang='lat' dir='ltr'>tottc.</span> <span class='ocrx_word' id='word_1_120' title='bbox 807 1871 915 1919; x_wconf 81' lang='lat' dir='ltr'>Christus</span> <span class='ocrx_word' id='word_1_121' title='bbox 940 1874 963 1920; x_wconf 90' lang='lat' dir='ltr'>in</span> <span class='ocrx_word' id='word_1_122' title='bbox 989 1887 1059 1922; x_wconf 88' lang='lat' dir='ltr'>carne</span> <span class='ocrx_word' id='word_1_123' title='bbox 1078 1876 1163 1925; x_wconf 90' lang='lat' dir='ltr'>huma-</span> 
     </span>
     <span class='ocr_line' id='line_1_14' title="bbox 170 1939 1162 2002; baseline 0.001 -11"><span class='ocrx_word' id='word_1_124' title='bbox 170 1955 216 1991; x_wconf 88' lang='lat' dir='ltr'>nas</span> <span class='ocrx_word' id='word_1_125' title='bbox 234 1941 384 1990; x_wconf 78' lang='lat' dir='ltr'>infirmitates</span> <span class='ocrx_word' id='word_1_126' title='bbox 402 1942 510 2002; x_wconf 77' lang='lat' dir='ltr'>suscepit</span> <span class='ocrx_word' id='word_1_127' title='bbox 530 1939 624 1989; x_wconf 81' lang='lat' dir='ltr'>totth.</span> <span class='ocrx_word' id='word_1_128' title='bbox 652 1939 740 1988; x_wconf 76' lang='lat' dir='ltr'>Christi</span> <span class='ocrx_word' id='word_1_129' title='bbox 759 1953 847 2002; x_wconf 85' lang='lat' dir='ltr'>corpus</span> <span class='ocrx_word' id='word_1_130' title='bbox 860 1941 934 1989; x_wconf 82' lang='lat' dir='ltr'>nostri</span> <span class='ocrx_word' id='word_1_131' title='bbox 949 1942 1026 1990; x_wconf 89' lang='lat' dir='ltr'>simile</span> <span class='ocrx_word' id='word_1_132' title='bbox 1039 1942 1083 1991; x_wconf 90' lang='lat' dir='ltr'>luit</span> <span class='ocrx_word' id='word_1_133' title='bbox 1102 1945 1162 1996; x_wconf 82' lang='lat' dir='ltr'>ihc.</span> 
     </span>
     <span class='ocr_line' id='line_1_15' title="bbox 171 2006 1162 2070; baseline 0.004 -12"><span class='ocrx_word' id='word_1_134' title='bbox 171 2010 255 2058; x_wconf 82' lang='lat' dir='ltr'>Variae</span> <span class='ocrx_word' id='word_1_135' title='bbox 273 2009 449 2057; x_wconf 88' lang='lat' dir='ltr'>haereticorum</span> <span class='ocrx_word' id='word_1_136' title='bbox 468 2009 602 2055; x_wconf 85' lang='lat' dir='ltr'>sententiae</span> <span class='ocrx_word' id='word_1_137' title='bbox 621 2007 650 2055; x_wconf 88' lang='lat' dir='ltr'>de</span> <span class='ocrx_word' id='word_1_138' title='bbox 669 2006 774 2070; x_wconf 88' lang='lat' dir='ltr'>perlecta</span> <span class='ocrx_word' id='word_1_139' title='bbox 799 2009 902 2056; x_wconf 86' lang='lat' dir='ltr'>hominis</span> <span class='ocrx_word' id='word_1_140' title='bbox 921 2018 1005 2060; x_wconf 91' lang='lat' dir='ltr'>natura</span> <span class='ocrx_word' id='word_1_141' title='bbox 1024 2011 1047 2059; x_wconf 93' lang='lat' dir='ltr'>in</span> <span class='ocrx_word' id='word_1_142' title='bbox 1066 2012 1162 2063; x_wconf 84' lang='lat' dir='ltr'>Christo</span> 
     </span>
     <span class='ocr_line' id='line_1_16' title="bbox 172 2075 1161 2141; baseline 0.005 -15"><span class='ocrx_word' id='word_1_143' title='bbox 172 2077 271 2126; x_wconf 78' lang='lat' dir='ltr'>totth.</span> <span class='ocrx_word' id='word_1_144' title='bbox 284 2093 304 2125; x_wconf 92' lang='lat' dir='ltr'>c.</span> <span class='ocrx_word' id='word_1_145' title='bbox 340 2075 442 2124; x_wconf 77' lang='lat' dir='ltr'>Verbum</span> <span class='ocrx_word' id='word_1_146' title='bbox 461 2075 583 2139; x_wconf 79' lang='lat' dir='ltr'>quamodo</span> <span class='ocrx_word' id='word_1_147' title='bbox 603 2077 633 2123; x_wconf 89' lang='lat' dir='ltr'>sit</span> <span class='ocrx_word' id='word_1_148' title='bbox 646 2076 769 2123; x_wconf 71' lang='lat' dir='ltr'>verissimo</span> <span class='ocrx_word' id='word_1_149' title='bbox 789 2091 860 2124; x_wconf 82' lang='lat' dir='ltr'>sensu</span> <span class='ocrx_word' id='word_1_150' title='bbox 880 2078 1084 2141; x_wconf 85' lang='lat' dir='ltr'>interpretandum</span> <span class='ocrx_word' id='word_1_151' title='bbox 1108 2081 1161 2131; x_wconf 85' lang='grc'><strong>199.</strong></span> 
     </span>
     <span class='ocr_line' id='line_1_17' title="bbox 170 2143 1163 2262; baseline 0.006 -68"><span class='ocrx_word' id='word_1_152' title='bbox 170 2144 230 2194; x_wconf 74' lang='grc'><strong>201).</strong></span> <span class='ocrx_word' id='word_1_153' title='bbox 272 2144 374 2262; x_wconf 62' lang='grc' dir='ltr'>ῗεθτὴυηι</span> <span class='ocrx_word' id='word_1_154' title='bbox 399 2143 441 2192; x_wconf 86' lang='lat' dir='ltr'>hei</span> <span class='ocrx_word' id='word_1_155' title='bbox 466 2153 490 2192; x_wconf 90' lang='lat' dir='ltr'>et</span> <span class='ocrx_word' id='word_1_156' title='bbox 513 2143 559 2191; x_wconf 85' lang='lat' dir='ltr'>alia</span> <span class='ocrx_word' id='word_1_157' title='bbox 584 2145 692 2192; x_wconf 88' lang='lat' dir='ltr'>eiusdem</span> <span class='ocrx_word' id='word_1_158' title='bbox 718 2144 787 2191; x_wconf 83' lang='lat' dir='ltr'>rerba</span> <span class='ocrx_word' id='word_1_159' title='bbox 812 2146 877 2207; x_wconf 89' lang='lat' dir='ltr'>quod</span> <span class='ocrx_word' id='word_1_160' title='bbox 905 2146 1033 2197; x_wconf 79' lang='lat' dir='ltr'>discrimen</span> <span class='ocrx_word' id='word_1_161' title='bbox 1060 2150 1163 2200; x_wconf 83' lang='lat' dir='ltr'>hnbcnut</span> 
     </span>
    </p>

    <p class='ocr_par' dir='ltr' id='par_1_3' title="bbox 171 2212 380 2262">
     <span class='ocr_line' id='line_1_18' title="bbox 171 2212 380 2262; baseline -0.01 0"><span class='ocrx_word' id='word_1_162' title='bbox 171 2213 235 2262; x_wconf 89' lang='lat' dir='ltr'>inter</span> <span class='ocrx_word' id='word_1_163' title='bbox 252 2226 279 2262; x_wconf 89' lang='lat' dir='ltr'>se</span> <span class='ocrx_word' id='word_1_164' title='bbox 314 2212 380 2261; x_wconf 72' lang='lat' dir='ltr'>aad.</span> 
     </span>
    </p>

    <p class='ocr_par' dir='ltr' id='par_1_4' title="bbox 135 2277 1087 2343">
     <span class='ocr_line' id='line_1_19' title="bbox 135 2277 1087 2343; baseline 0.003 -13"><span class='ocrx_word' id='word_1_165' title='bbox 135 2281 250 2330; x_wconf 81' lang='lat' dir='ltr'>Veritatis</span> <span class='ocrx_word' id='word_1_166' title='bbox 267 2281 301 2329; x_wconf 89' lang='lat' dir='ltr'>ris</span> <span class='ocrx_word' id='word_1_167' title='bbox 319 2279 432 2328; x_wconf 81' lang='lat' dir='ltr'>adversus</span> <span class='ocrx_word' id='word_1_168' title='bbox 451 2277 601 2327; x_wconf 79' lang='lat' dir='ltr'>mendacium</span> <span class='ocrx_word' id='word_1_169' title='bbox 622 2288 645 2328; x_wconf 91' lang='lat' dir='ltr'>et</span> <span class='ocrx_word' id='word_1_170' title='bbox 663 2280 789 2343; x_wconf 81' lang='lat' dir='ltr'>utriusque</span> <span class='ocrx_word' id='word_1_171' title='bbox 807 2283 954 2343; x_wconf 86' lang='lat' dir='ltr'>comparatio</span> <span class='ocrx_word' id='word_1_172' title='bbox 973 2282 1021 2333; x_wconf 76' lang='grc'>621</span> <span class='ocrx_word' id='word_1_173' title='bbox 1032 2283 1054 2332; x_wconf 93' lang='lat' dir='ltr'>b.</span> <span class='ocrx_word' id='word_1_174' title='bbox 1066 2300 1087 2333; x_wconf 85' lang='lat' dir='ltr'>c.</span> 
     </span>
    </p>

    <p class='ocr_par' dir='ltr' id='par_1_5' title="bbox 134 2346 1000 2411">
     <span class='ocr_line' id='line_1_20' title="bbox 134 2346 1000 2411; baseline 0 -12"><span class='ocrx_word' id='word_1_175' title='bbox 134 2349 190 2399; x_wconf 79' lang='lat' dir='ltr'>tint</span> <span class='ocrx_word' id='word_1_176' title='bbox 208 2349 377 2399; x_wconf 78' lang='lat' dir='ltr'>condemnatio</span> <span class='ocrx_word' id='word_1_177' title='bbox 396 2363 423 2396; x_wconf 86' lang='lat' dir='ltr'>er</span> <span class='ocrx_word' id='word_1_178' title='bbox 442 2346 586 2410; x_wconf 85' lang='lat' dir='ltr'>quibusdam</span> <span class='ocrx_word' id='word_1_179' title='bbox 606 2349 739 2411; x_wconf 83' lang='lat' dir='ltr'>scripturae</span> <span class='ocrx_word' id='word_1_180' title='bbox 758 2349 901 2398; x_wconf 87' lang='lat' dir='ltr'>testimoniis</span> <span class='ocrx_word' id='word_1_181' title='bbox 921 2350 1000 2399; x_wconf 83' lang='lat' dir='ltr'>tund.</span> 
     </span>
    </p>

    <p class='ocr_par' dir='ltr' id='par_1_6' title="bbox 133 2415 1161 2618">
     <span class='ocr_line' id='line_1_21' title="bbox 133 2415 1161 2481; baseline 0.003 -14"><span class='ocrx_word' id='word_1_182' title='bbox 133 2417 223 2481; x_wconf 71' lang='lat' dir='ltr'>Vipera</span> <span class='ocrx_word' id='word_1_183' title='bbox 240 2417 411 2480; x_wconf 69' lang='lat' dir='ltr'>amphisbaena</span> <span class='ocrx_word' id='word_1_184' title='bbox 430 2415 509 2464; x_wconf 75' lang='lat' dir='ltr'>abab.</span> <span class='ocrx_word' id='word_1_185' title='bbox 552 2416 651 2478; x_wconf 71' lang='lat' dir='ltr'>viperae</span> <span class='ocrx_word' id='word_1_186' title='bbox 676 2425 758 2479; x_wconf 91' lang='lat' dir='ltr'>partus</span> <span class='ocrx_word' id='word_1_187' title='bbox 782 2425 935 2480; x_wconf 86' lang='lat' dir='ltr'>comparatur</span> <span class='ocrx_word' id='word_1_188' title='bbox 958 2418 1052 2469; x_wconf 86' lang='lat' dir='ltr'>haeresi</span> <span class='ocrx_word' id='word_1_189' title='bbox 1081 2420 1123 2470; x_wconf 86' lang='grc'>101</span> <span class='ocrx_word' id='word_1_190' title='bbox 1137 2419 1161 2470; x_wconf 86' lang='lat' dir='ltr'>d.</span> 
     </span>
     <span class='ocr_line' id='line_1_22' title="bbox 174 2483 1161 2552; baseline 0.002 -17"><span class='ocrx_word' id='word_1_191' title='bbox 174 2483 251 2536; x_wconf 68' lang='grc'><strong>1021.</strong></span> <span class='ocrx_word' id='word_1_192' title='bbox 288 2485 387 2547; x_wconf 83' lang='lat' dir='ltr'>liperae</span> <span class='ocrx_word' id='word_1_193' title='bbox 405 2484 498 2546; x_wconf 82' lang='lat' dir='ltr'>seipsas</span> <span class='ocrx_word' id='word_1_194' title='bbox 518 2483 631 2533; x_wconf 75' lang='lat' dir='ltr'>devorant</span> <span class='ocrx_word' id='word_1_195' title='bbox 655 2486 720 2548; x_wconf 81' lang='lat' dir='ltr'>quod</span> <span class='ocrx_word' id='word_1_196' title='bbox 744 2486 815 2534; x_wconf 85' lang='lat' dir='ltr'>veteri</span> <span class='ocrx_word' id='word_1_197' title='bbox 835 2487 935 2535; x_wconf 81' lang='lat' dir='ltr'>historia</span> <span class='ocrx_word' id='word_1_198' title='bbox 952 2488 1016 2550; x_wconf 90' lang='lat' dir='ltr'>apud</span> <span class='ocrx_word' id='word_1_199' title='bbox 1035 2489 1161 2552; x_wconf 74' lang='lat' dir='ltr'>degyptios</span> 
     </span>
     <span class='ocr_line' id='line_1_23' title="bbox 171 2551 568 2618; baseline -0.008 -15"><span class='ocrx_word' id='word_1_200' title='bbox 171 2553 292 2618; x_wconf 90' lang='lat' dir='ltr'>proditum</span> <span class='ocrx_word' id='word_1_201' title='bbox 311 2559 457 2601; x_wconf 89' lang='lat' dir='ltr'>memoratur</span> <span class='ocrx_word' id='word_1_202' title='bbox 474 2551 506 2600; x_wconf 85' lang='grc'>62</span> <span class='ocrx_word' id='word_1_203' title='bbox 515 2551 537 2600; x_wconf 91' lang='lat' dir='ltr'>h.</span> <span class='ocrx_word' id='word_1_204' title='bbox 548 2566 568 2600; x_wconf 91' lang='lat' dir='ltr'>c.</span> 
     </span>
    </p>

    <p class='ocr_par' dir='ltr' id='par_1_7' title="bbox 135 2620 1162 2819">
     <span class='ocr_line' id='line_1_24' title="bbox 135 2620 1161 2687; baseline 0.001 -15"><span class='ocrx_word' id='word_1_205' title='bbox 135 2620 245 2684; x_wconf 65' lang='lat' dir='ltr'>Virgines</span> <span class='ocrx_word' id='word_1_206' title='bbox 264 2621 314 2670; x_wconf 80' lang='lat' dir='ltr'>heo</span> <span class='ocrx_word' id='word_1_207' title='bbox 333 2620 425 2669; x_wconf 84' lang='lat' dir='ltr'>dicatae</span> <span class='ocrx_word' id='word_1_208' title='bbox 445 2620 535 2668; x_wconf 90' lang='lat' dir='ltr'>nubere</span> <span class='ocrx_word' id='word_1_209' title='bbox 554 2634 601 2668; x_wconf 92' lang='lat' dir='ltr'>non</span> <span class='ocrx_word' id='word_1_210' title='bbox 621 2627 721 2683; x_wconf 88' lang='lat' dir='ltr'>possunt</span> <span class='ocrx_word' id='word_1_211' title='bbox 741 2620 818 2670; x_wconf 73' lang='lat' dir='ltr'>attc.</span> <span class='ocrx_word' id='word_1_212' title='bbox 850 2622 956 2683; x_wconf 75' lang='lat' dir='ltr'>Virgines</span> <span class='ocrx_word' id='word_1_213' title='bbox 976 2638 1094 2687; x_wconf 85' lang='lat' dir='ltr'>quaenam</span> <span class='ocrx_word' id='word_1_214' title='bbox 1112 2625 1161 2673; x_wconf 89' lang='lat' dir='ltr'>sint</span> 
     </span>
     <span class='ocr_line' id='line_1_25' title="bbox 171 2688 1162 2807; baseline 0.003 -68"><span class='ocrx_word' id='word_1_215' title='bbox 171 2703 233 2807; x_wconf 55' lang='lat' dir='ltr'>guas</span> <span class='ocrx_word' id='word_1_216' title='bbox 251 2688 381 2753; x_wconf 70' lang='lat' dir='ltr'>Apostolus</span> <span class='ocrx_word' id='word_1_217' title='bbox 399 2690 489 2737; x_wconf 89' lang='lat' dir='ltr'>nubere</span> <span class='ocrx_word' id='word_1_218' title='bbox 508 2689 575 2737; x_wconf 92' lang='lat' dir='ltr'>iubet</span> <span class='ocrx_word' id='word_1_219' title='bbox 593 2688 671 2737; x_wconf 74' lang='grc'><strong>5091.</strong></span> <span class='ocrx_word' id='word_1_220' title='bbox 714 2688 743 2737; x_wconf 83' lang='lat' dir='ltr'>Et</span> <span class='ocrx_word' id='word_1_221' title='bbox 762 2689 884 2738; x_wconf 88' lang='lat' dir='ltr'>decretum</span> <span class='ocrx_word' id='word_1_222' title='bbox 903 2692 1012 2753; x_wconf 76' lang='lat' dir='ltr'>Apostoli</span> <span class='ocrx_word' id='word_1_223' title='bbox 1031 2692 1162 2758; x_wconf 69' lang='lat' dir='ltr'>explicatur</span> 
     </span>
     <span class='ocr_line' id='line_1_26' title="bbox 188 2756 448 2819; baseline -0.015 -11"><span class='ocrx_word' id='word_1_224' title='bbox 188 2757 349 2819; x_wconf 67' lang='lat' dir='ltr'>criminibus</span> <span class='ocrx_word' id='word_1_225' title='bbox 368 2756 448 2805; x_wconf 74' lang='lat' dir='ltr'>atuh.</span> 
     </span>
    </p>

    <p class='ocr_par' dir='ltr' id='par_1_8' title="bbox 135 2823 1161 2956">
     <span class='ocr_line' id='line_1_27' title="bbox 135 2823 1161 2891; baseline 0.002 -17"><span class='ocrx_word' id='word_1_226' title='bbox 135 2824 264 2888; x_wconf 67' lang='lat' dir='ltr'>Virginitas</span> <span class='ocrx_word' id='word_1_227' title='bbox 283 2825 404 2874; x_wconf 81' lang='lat' dir='ltr'>Ecclesiae</span> <span class='ocrx_word' id='word_1_228' title='bbox 424 2830 460 2872; x_wconf 89' lang='lat' dir='ltr'>cst</span> <span class='ocrx_word' id='word_1_229' title='bbox 478 2823 667 2880; x_wconf 79' lang='lat' dir='ltr'>tundamentum,</span> <span class='ocrx_word' id='word_1_230' title='bbox 696 2825 752 2872; x_wconf 88' lang='lat' dir='ltr'>item</span> <span class='ocrx_word' id='word_1_231' title='bbox 778 2824 807 2872; x_wconf 90' lang='lat' dir='ltr'>de</span> <span class='ocrx_word' id='word_1_232' title='bbox 832 2824 938 2875; x_wconf 88' lang='lat' dir='ltr'>solitaria</span> <span class='ocrx_word' id='word_1_233' title='bbox 956 2828 1001 2876; x_wconf 82' lang='lat' dir='ltr'>vita</span> <span class='ocrx_word' id='word_1_234' title='bbox 1021 2836 1044 2877; x_wconf 89' lang='lat' dir='ltr'>et</span> <span class='ocrx_word' id='word_1_235' title='bbox 1061 2828 1161 2891; x_wconf 89' lang='lat' dir='ltr'>reliquis</span> 
     </span>
     <span class='ocr_line' id='line_1_28' title="bbox 170 2892 1161 2956; baseline 0.004 -14"><span class='ocrx_word' id='word_1_236' title='bbox 170 2893 284 2956; x_wconf 64' lang='lat' dir='ltr'>gradibus</span> <span class='ocrx_word' id='word_1_237' title='bbox 306 2892 398 2942; x_wconf 80' lang='lat' dir='ltr'>ttoac.</span> <span class='ocrx_word' id='word_1_238' title='bbox 435 2892 541 2941; x_wconf 81' lang='lat' dir='ltr'>Proxima</span> <span class='ocrx_word' id='word_1_239' title='bbox 562 2892 594 2940; x_wconf 87' lang='lat' dir='ltr'>illi</span> <span class='ocrx_word' id='word_1_240' title='bbox 613 2892 775 2952; x_wconf 88' lang='lat' dir='ltr'>continentia,</span> <span class='ocrx_word' id='word_1_241' title='bbox 800 2901 823 2941; x_wconf 83' lang='lat' dir='ltr'>et</span> <span class='ocrx_word' id='word_1_242' title='bbox 842 2894 912 2942; x_wconf 89' lang='lat' dir='ltr'>tertio</span> <span class='ocrx_word' id='word_1_243' title='bbox 938 2894 992 2944; x_wconf 91' lang='lat' dir='ltr'>loco</span> <span class='ocrx_word' id='word_1_244' title='bbox 1010 2896 1111 2946; x_wconf 82' lang='lat' dir='ltr'>viduitas</span> <span class='ocrx_word' id='word_1_245' title='bbox 1130 2897 1161 2946; x_wconf 91' lang='lat' dir='ltr'>ih.</span> 
     </span>
    </p>
   </div>
   <div class='ocr_carea' id='block_1_3' title="bbox 135 2959 1163 3362">
    <p class='ocr_par' dir='ltr' id='par_1_9' title="bbox 172 2959 1163 3090">
     <span class='ocr_line' id='line_1_29' title="bbox 172 2959 1163 3028; baseline 0 -15"><span class='ocrx_word' id='word_1_246' title='bbox 172 2962 313 3025; x_wconf 83' lang='lat' dir='ltr'>Sequuntur</span> <span class='ocrx_word' id='word_1_247' title='bbox 339 2964 436 3023; x_wconf 89' lang='lat' dir='ltr'>nuptiae</span> <span class='ocrx_word' id='word_1_248' title='bbox 461 2960 492 3008; x_wconf 84' lang='lat' dir='ltr'>ih.</span> <span class='ocrx_word' id='word_1_249' title='bbox 538 2959 643 3021; x_wconf 77' lang='lat' dir='ltr'>bigamia</span> <span class='ocrx_word' id='word_1_250' title='bbox 673 2975 790 3010; x_wconf 87' lang='lat' dir='ltr'>concessa</span> <span class='ocrx_word' id='word_1_251' title='bbox 818 2963 849 3012; x_wconf 90' lang='lat' dir='ltr'>ib.</span> <span class='ocrx_word' id='word_1_252' title='bbox 896 2963 1064 3015; x_wconf 83' lang='lat' dir='ltr'>Sacerdotium</span> <span class='ocrx_word' id='word_1_253' title='bbox 1089 2978 1163 3028; x_wconf 84' lang='lat' dir='ltr'>supra</span> 
     </span>
     <span class='ocr_line' id='line_1_30' title="bbox 173 3027 525 3090; baseline -0.017 -11"><span class='ocrx_word' id='word_1_254' title='bbox 173 3043 257 3079; x_wconf 89' lang='lat' dir='ltr'>omnes</span> <span class='ocrx_word' id='word_1_255' title='bbox 275 3028 362 3090; x_wconf 76' lang='lat' dir='ltr'>gradm</span> <span class='ocrx_word' id='word_1_256' title='bbox 381 3029 413 3076; x_wconf 91' lang='lat' dir='ltr'>ih.</span> <span class='ocrx_word' id='word_1_257' title='bbox 427 3027 449 3075; x_wconf 92' lang='lat' dir='ltr'>d.</span> <span class='ocrx_word' id='word_1_258' title='bbox 522 3031 525 3036; x_wconf 90' lang='lat'>&#39;</span> 
     </span>
    </p>

    <p class='ocr_par' dir='ltr' id='par_1_10' title="bbox 135 3094 1162 3228">
     <span class='ocr_line' id='line_1_31' title="bbox 135 3094 1162 3158; baseline -0.001 -9"><span class='ocrx_word' id='word_1_259' title='bbox 135 3098 212 3149; x_wconf 81' lang='lat' dir='ltr'>Beate</span> <span class='ocrx_word' id='word_1_260' title='bbox 230 3097 297 3157; x_wconf 76' lang='lat' dir='ltr'>llirgo</span> <span class='ocrx_word' id='word_1_261' title='bbox 321 3096 407 3145; x_wconf 82' lang='lat' dir='ltr'>titulae</span> <span class='ocrx_word' id='word_1_262' title='bbox 432 3094 537 3144; x_wconf 89' lang='lat' dir='ltr'>nondum</span> <span class='ocrx_word' id='word_1_263' title='bbox 563 3096 641 3156; x_wconf 77' lang='lat' dir='ltr'>iugiim</span> <span class='ocrx_word' id='word_1_264' title='bbox 668 3110 755 3158; x_wconf 86' lang='lat' dir='ltr'>passae</span> <span class='ocrx_word' id='word_1_265' title='bbox 778 3104 915 3158; x_wconf 87' lang='lat' dir='ltr'>comparata</span> <span class='ocrx_word' id='word_1_266' title='bbox 941 3098 989 3148; x_wconf 81' lang='grc'>156</span> <span class='ocrx_word' id='word_1_267' title='bbox 1003 3100 1026 3147; x_wconf 92' lang='lat' dir='ltr'>b.</span> <span class='ocrx_word' id='word_1_268' title='bbox 1073 3098 1162 3148; x_wconf 84' lang='lat' dir='ltr'>Eadem</span> 
     </span>
     <span class='ocr_line' id='line_1_32' title="bbox 173 3163 901 3228; baseline -0.004 -13"><span class='ocrx_word' id='word_1_269' title='bbox 173 3172 326 3228; x_wconf 87' lang='lat' dir='ltr'>comparatur</span> <span class='ocrx_word' id='word_1_270' title='bbox 343 3169 466 3224; x_wconf 76' lang='lat' dir='ltr'>segmento</span> <span class='ocrx_word' id='word_1_271' title='bbox 485 3163 582 3211; x_wconf 88' lang='lat' dir='ltr'>chartae</span> <span class='ocrx_word' id='word_1_272' title='bbox 601 3177 673 3211; x_wconf 78' lang='lat' dir='ltr'>nosne</span> <span class='ocrx_word' id='word_1_273' title='bbox 692 3164 723 3211; x_wconf 89' lang='lat' dir='ltr'>ib.</span> <span class='ocrx_word' id='word_1_274' title='bbox 743 3170 767 3210; x_wconf 90' lang='lat' dir='ltr'>et</span> <span class='ocrx_word' id='word_1_275' title='bbox 788 3164 833 3212; x_wconf 81' lang='grc'>157</span> <span class='ocrx_word' id='word_1_276' title='bbox 843 3178 865 3212; x_wconf 88' lang='lat' dir='ltr'>u.</span> <span class='ocrx_word' id='word_1_277' title='bbox 879 3165 901 3213; x_wconf 85' lang='lat' dir='ltr'>b.</span> 
     </span>
    </p>

    <p class='ocr_par' dir='ltr' id='par_1_11' title="bbox 136 3229 854 3296">
     <span class='ocr_line' id='line_1_33' title="bbox 136 3229 854 3296; baseline -0.008 -14"><span class='ocrx_word' id='word_1_278' title='bbox 136 3232 270 3296; x_wconf 76' lang='lat' dir='ltr'>vireques</span> <span class='ocrx_word' id='word_1_279' title='bbox 289 3232 333 3281; x_wconf 87' lang='lat' dir='ltr'>luit</span> <span class='ocrx_word' id='word_1_280' title='bbox 350 3239 405 3280; x_wconf 88' lang='lat' dir='ltr'>ante</span> <span class='ocrx_word' id='word_1_281' title='bbox 423 3231 499 3292; x_wconf 74' lang='lat' dir='ltr'>legem</span> <span class='ocrx_word' id='word_1_282' title='bbox 518 3231 541 3278; x_wconf 94' lang='lat' dir='ltr'>in</span> <span class='ocrx_word' id='word_1_283' title='bbox 561 3246 661 3293; x_wconf 77' lang='lat' dir='ltr'>corpore</span> <span class='ocrx_word' id='word_1_284' title='bbox 680 3229 724 3279; x_wconf 85' lang='lat' dir='ltr'>luit</span> <span class='ocrx_word' id='word_1_285' title='bbox 743 3230 821 3279; x_wconf 62' lang='lat' dir='ltr'>autc.</span> <span class='ocrx_word' id='word_1_286' title='bbox 833 3231 854 3278; x_wconf 90' lang='lat' dir='ltr'>d.</span> 
     </span>
    </p>

    <p class='ocr_par' dir='ltr' id='par_1_12' title="bbox 138 3297 1057 3362">
     <span class='ocr_line' id='line_1_34' title="bbox 138 3297 1057 3362; baseline 0 -12"><span class='ocrx_word' id='word_1_287' title='bbox 138 3299 238 3350; x_wconf 75' lang='lat' dir='ltr'>vitalius</span> <span class='ocrx_word' id='word_1_288' title='bbox 256 3300 392 3350; x_wconf 89' lang='lat' dir='ltr'>haereticus</span> <span class='ocrx_word' id='word_1_289' title='bbox 411 3299 488 3362; x_wconf 85' lang='lat' dir='ltr'>qualis</span> <span class='ocrx_word' id='word_1_290' title='bbox 507 3298 577 3348; x_wconf 84' lang='lat' dir='ltr'>luerit</span> <span class='ocrx_word' id='word_1_291' title='bbox 596 3299 625 3347; x_wconf 83' lang='lat' dir='ltr'>ab</span> <span class='ocrx_word' id='word_1_292' title='bbox 645 3297 777 3361; x_wconf 82' lang='lat' dir='ltr'>Epiphanio</span> <span class='ocrx_word' id='word_1_293' title='bbox 797 3299 941 3348; x_wconf 85' lang='lat' dir='ltr'>describitur</span> <span class='ocrx_word' id='word_1_294' title='bbox 961 3301 1057 3350; x_wconf 81' lang='lat' dir='ltr'>tottc.</span> 
     </span>
    </p>
   </div>
   <div class='ocr_carea' id='block_1_4' title="bbox 634 3412 671 3466">
    <p class='ocr_par' dir='ltr' id='par_1_13' title="bbox 634 3412 671 3466">
     <span class='ocr_line' id='line_1_35' title="bbox 634 3412 671 3466; baseline 0 0"><span class='ocrx_word' id='word_1_295' title='bbox 634 3412 671 3466; x_wconf 86' lang='lat' dir='ltr'>X.</span> 
     </span>
    </p>
   </div>
   <div class='ocr_carea' id='block_1_5' title="bbox 136 3501 960 3567">
    <p class='ocr_par' dir='ltr' id='par_1_14' title="bbox 136 3501 960 3567">
     <span class='ocr_line' id='line_1_36' title="bbox 136 3501 960 3567; baseline -0.006 -11"><span class='ocrx_word' id='word_1_296' title='bbox 136 3503 292 3556; x_wconf 68' lang='lat' dir='ltr'>xenodochia</span> <span class='ocrx_word' id='word_1_297' title='bbox 310 3517 381 3567; x_wconf 88' lang='lat' dir='ltr'>quem</span> <span class='ocrx_word' id='word_1_298' title='bbox 400 3503 424 3552; x_wconf 91' lang='lat' dir='ltr'>in</span> <span class='ocrx_word' id='word_1_299' title='bbox 443 3516 513 3551; x_wconf 88' lang='lat' dir='ltr'>usum</span> <span class='ocrx_word' id='word_1_300' title='bbox 531 3503 561 3551; x_wconf 84' lang='lat' dir='ltr'>ab</span> <span class='ocrx_word' id='word_1_301' title='bbox 581 3502 705 3566; x_wconf 86' lang='lat' dir='ltr'>Episcopis</span> <span class='ocrx_word' id='word_1_302' title='bbox 725 3509 862 3550; x_wconf 89' lang='lat' dir='ltr'>constructa</span> <span class='ocrx_word' id='word_1_303' title='bbox 881 3501 960 3551; x_wconf 76' lang='lat' dir='ltr'>abac.</span> 
     </span>
    </p>
   </div>
   <div class='ocr_carea' id='block_1_6' title="bbox 137 3705 1161 4167">
    <p class='ocr_par' dir='ltr' id='par_1_15' title="bbox 138 3705 915 3770">
     <span class='ocr_line' id='line_1_37' title="bbox 138 3705 915 3770; baseline -0.008 -11"><span class='ocrx_word' id='word_1_304' title='bbox 138 3707 278 3760; x_wconf 83' lang='lat' dir='ltr'>Zacchaeus</span> <span class='ocrx_word' id='word_1_305' title='bbox 296 3706 393 3770; x_wconf 88' lang='lat' dir='ltr'>quidam</span> <span class='ocrx_word' id='word_1_306' title='bbox 410 3707 533 3769; x_wconf 85' lang='lat' dir='ltr'>impostor,</span> <span class='ocrx_word' id='word_1_307' title='bbox 553 3712 576 3754; x_wconf 90' lang='lat' dir='ltr'>et</span> <span class='ocrx_word' id='word_1_308' title='bbox 595 3707 646 3754; x_wconf 89' lang='lat' dir='ltr'>eins</span> <span class='ocrx_word' id='word_1_309' title='bbox 665 3707 800 3755; x_wconf 89' lang='lat' dir='ltr'>institutum</span> <span class='ocrx_word' id='word_1_310' title='bbox 820 3705 915 3757; x_wconf 78' lang='lat' dir='ltr'>tosta.</span> 
     </span>
    </p>

    <p class='ocr_par' dir='ltr' id='par_1_16' title="bbox 138 3773 579 3839">
     <span class='ocr_line' id='line_1_38' title="bbox 138 3773 579 3839; baseline -0.011 -11"><span class='ocrx_word' id='word_1_311' title='bbox 138 3777 214 3837; x_wconf 87' lang='lat' dir='ltr'>Zeno,</span> <span class='ocrx_word' id='word_1_312' title='bbox 233 3776 345 3839; x_wconf 88' lang='lat' dir='ltr'>princeps</span> <span class='ocrx_word' id='word_1_313' title='bbox 363 3776 494 3824; x_wconf 88' lang='lat' dir='ltr'>stoicorum</span> <span class='ocrx_word' id='word_1_314' title='bbox 516 3773 545 3823; x_wconf 80' lang='lat' dir='ltr'>tu</span> <span class='ocrx_word' id='word_1_315' title='bbox 556 3774 579 3823; x_wconf 86' lang='lat' dir='ltr'>b.</span> 
     </span>
    </p>

    <p class='ocr_par' dir='ltr' id='par_1_17' title="bbox 138 3842 451 3904">
     <span class='ocr_line' id='line_1_39' title="bbox 138 3842 451 3904; baseline -0.013 -10"><span class='ocrx_word' id='word_1_316' title='bbox 138 3843 244 3894; x_wconf 84' lang='lat' dir='ltr'>Zenonis</span> <span class='ocrx_word' id='word_1_317' title='bbox 262 3842 372 3904; x_wconf 73' lang='lat' dir='ltr'>dogmata</span> <span class='ocrx_word' id='word_1_318' title='bbox 392 3842 451 3892; x_wconf 78' lang='lat' dir='ltr'>ihc.</span> 
     </span>
    </p>

    <p class='ocr_par' dir='ltr' id='par_1_18' title="bbox 137 3908 1161 4042">
     <span class='ocr_line' id='line_1_40' title="bbox 137 3908 1161 3975; baseline -0.006 -12"><span class='ocrx_word' id='word_1_319' title='bbox 137 3912 257 3975; x_wconf 73' lang='lat' dir='ltr'>Zopyrum</span> <span class='ocrx_word' id='word_1_320' title='bbox 276 3911 399 3960; x_wconf 88' lang='lat' dir='ltr'>crabronis</span> <span class='ocrx_word' id='word_1_321' title='bbox 417 3925 500 3973; x_wconf 78' lang='lat' dir='ltr'>penus,</span> <span class='ocrx_word' id='word_1_322' title='bbox 519 3908 583 3974; x_wconf 88' lang='lat' dir='ltr'>quod</span> <span class='ocrx_word' id='word_1_323' title='bbox 603 3909 727 3972; x_wconf 86' lang='lat' dir='ltr'>aptissime</span> <span class='ocrx_word' id='word_1_324' title='bbox 741 3916 763 3958; x_wconf 92' lang='lat' dir='ltr'>et</span> <span class='ocrx_word' id='word_1_325' title='bbox 782 3909 902 3970; x_wconf 74' lang='lat' dir='ltr'>eleganter</span> <span class='ocrx_word' id='word_1_326' title='bbox 920 3908 1063 3958; x_wconf 85' lang='lat' dir='ltr'>describitur</span> <span class='ocrx_word' id='word_1_327' title='bbox 1081 3915 1104 3959; x_wconf 91' lang='lat' dir='ltr'>et</span> <span class='ocrx_word' id='word_1_328' title='bbox 1115 3909 1161 3958; x_wconf 83' lang='lat' dir='ltr'>Lu-</span> 
     </span>
     <span class='ocr_line' id='line_1_41' title="bbox 174 3976 669 4042; baseline -0.008 -14"><span class='ocrx_word' id='word_1_329' title='bbox 174 3980 243 4029; x_wconf 84' lang='lat' dir='ltr'>cieno</span> <span class='ocrx_word' id='word_1_330' title='bbox 263 3979 384 4028; x_wconf 86' lang='lat' dir='ltr'>haeretico</span> <span class='ocrx_word' id='word_1_331' title='bbox 403 3986 498 4042; x_wconf 81' lang='lat' dir='ltr'>aptatur</span> <span class='ocrx_word' id='word_1_332' title='bbox 516 3976 564 4027; x_wconf 81' lang='lat' dir='ltr'>ast</span> <span class='ocrx_word' id='word_1_333' title='bbox 577 3977 601 4026; x_wconf 88' lang='lat' dir='ltr'>b.</span> <span class='ocrx_word' id='word_1_334' title='bbox 612 3993 633 4027; x_wconf 89' lang='lat' dir='ltr'>c.</span> <span class='ocrx_word' id='word_1_335' title='bbox 647 3976 669 4025; x_wconf 89' lang='lat' dir='ltr'>d.</span> 
     </span>
    </p>

    <p class='ocr_par' dir='ltr' id='par_1_19' title="bbox 141 4043 780 4108">
     <span class='ocr_line' id='line_1_42' title="bbox 141 4043 780 4108; baseline -0.005 -11"><span class='ocrx_word' id='word_1_336' title='bbox 141 4047 269 4098; x_wconf 81' lang='lat' dir='ltr'>zoroaster</span> <span class='ocrx_word' id='word_1_337' title='bbox 287 4047 394 4096; x_wconf 77' lang='lat' dir='ltr'>incentor</span> <span class='ocrx_word' id='word_1_338' title='bbox 412 4047 501 4108; x_wconf 79' lang='lat' dir='ltr'>llapiae</span> <span class='ocrx_word' id='word_1_339' title='bbox 519 4060 547 4094; x_wconf 89' lang='lat' dir='ltr'>ac</span> <span class='ocrx_word' id='word_1_340' title='bbox 566 4043 713 4106; x_wconf 70' lang='lat' dir='ltr'>Astrologiac</span> <span class='ocrx_word' id='word_1_341' title='bbox 733 4045 780 4094; x_wconf 84' lang='lat' dir='ltr'>lc.</span> 
     </span>
    </p>

    <p class='ocr_par' dir='ltr' id='par_1_20' title="bbox 140 4112 615 4167">
     <span class='ocr_line' id='line_1_43' title="bbox 140 4112 615 4167; baseline -0.011 -1"><span class='ocrx_word' id='word_1_342' title='bbox 140 4116 269 4167; x_wconf 81' lang='lat' dir='ltr'>zoroaster</span> <span class='ocrx_word' id='word_1_343' title='bbox 288 4113 425 4164; x_wconf 77' lang='lat' dir='ltr'>bactrorum</span> <span class='ocrx_word' id='word_1_344' title='bbox 445 4114 555 4164; x_wconf 90' lang='lat' dir='ltr'>conditor</span> <span class='ocrx_word' id='word_1_345' title='bbox 572 4112 615 4161; x_wconf 81' lang='lat' dir='ltr'>lc.</span> 
     </span>
    </p>
   </div>
   <div class='ocr_carea' id='block_1_7' title="bbox 0 0 1442 5084">
    <p class='ocr_par' dir='ltr' id='par_1_21' title="bbox 0 0 1442 5084">
     <span class='ocr_line' id='line_1_44' title="bbox 0 0 1442 5084; baseline 0 0"><span class='ocrx_word' id='word_1_346' title='bbox 0 0 1442 5084; x_wconf 95' lang='lat' dir='ltr'> </span> 
     </span>
    </p>
   </div>
  </div>
 </body>
</html>
