<?xml version="1.0" encoding="UTF-8"?>
<!DOCTYPE html PUBLIC "-//W3C//DTD XHTML 1.0 Transitional//EN"
    "http://www.w3.org/TR/xhtml1/DTD/xhtml1-transitional.dtd">
<html xmlns="http://www.w3.org/1999/xhtml" xml:lang="en" lang="en">
 <head>
  <title>
</title>
<meta http-equiv="Content-Type" content="text/html;charset=utf-8" />
  <meta name='ocr-system' content='tesseract 3.04.00' />
  <meta name='ocr-capabilities' content='ocr_page ocr_carea ocr_par ocr_line ocrx_word'/>
</head>
<body>
  <div class='ocr_page' id='page_1' title='image "./opera01dindgoog_0334.png"; bbox 0 0 2867 5084; ppageno 0'>
   <div class='ocr_carea' id='block_1_1' title="bbox 274 918 1076 980">
    <p class='ocr_par' dir='ltr' id='par_1_1' title="bbox 274 918 1076 980">
     <span class='ocr_line' id='line_1_1' title="bbox 274 918 1076 980; baseline 0 -1"><span class='ocrx_word' id='word_1_1' title='bbox 274 918 342 979; x_wconf 73' lang='lat'><strong><em>304</em></strong></span> <span class='ocrx_word' id='word_1_2' title='bbox 509 930 711 979; x_wconf 76' lang='grc' dir='ltr'><strong><em>υσιψισιον</em></strong></span> <span class='ocrx_word' id='word_1_3' title='bbox 728 929 824 979; x_wconf 74' lang='lat' dir='ltr'><strong><em>xm</em></strong></span> <span class='ocrx_word' id='word_1_4' title='bbox 842 929 1031 980; x_wconf 75' lang='grc' dir='ltr'><strong><em>ιινιιτιιαυ</em></strong></span> <span class='ocrx_word' id='word_1_5' title='bbox 1046 930 1076 979; x_wconf 83' lang='lat' dir='ltr'><strong><em>r.</em></strong></span> 
     </span>
    </p>
   </div>
   <div class='ocr_carea' id='block_1_2' title="bbox 221 1072 1316 4281">
    <p class='ocr_par' dir='ltr' id='par_1_2' title="bbox 277 1072 1316 1457">
     <span class='ocr_line' id='line_1_2' title="bbox 278 1072 1296 1166; baseline 0.001 -22"><span class='ocrx_word' id='word_1_6' title='bbox 278 1078 438 1146; x_wconf 79' lang='grc' dir='ltr'><strong><em>καὶκατὰ</em></strong></span> <span class='ocrx_word' id='word_1_7' title='bbox 464 1078 522 1166; x_wconf 82' lang='grc' dir='ltr'><strong><em>τὴν</em></strong></span> <span class='ocrx_word' id='word_1_8' title='bbox 551 1075 739 1147; x_wconf 78' lang='grc' dir='ltr'><strong><em>ὑπόστασιν</em></strong></span> <span class='ocrx_word' id='word_1_9' title='bbox 766 1078 821 1146; x_wconf 83' lang='grc' dir='ltr'><strong><em>καὶ</em></strong></span> <span class='ocrx_word' id='word_1_10' title='bbox 848 1079 932 1146; x_wconf 87' lang='grc' dir='ltr'><strong><em>κατὰ</em></strong></span> <span class='ocrx_word' id='word_1_11' title='bbox 959 1077 998 1144; x_wconf 89' lang='grc' dir='ltr'><strong><em>τὸ</em></strong></span> <span class='ocrx_word' id='word_1_12' title='bbox 1027 1072 1113 1145; x_wconf 74' lang='grc' dir='ltr'><strong><em>εἶναι</em></strong></span> <span class='ocrx_word' id='word_1_13' title='bbox 1145 1074 1192 1157; x_wconf 86' lang='grc' dir='ltr'><strong><em>ώς</em></strong></span> <span class='ocrx_word' id='word_1_14' title='bbox 1219 1078 1296 1158; x_wconf 76' lang='grc' dir='ltr'><strong><em>υἱὸς,</em></strong></span> 
     </span>
     <span class='ocr_line' id='line_1_3' title="bbox 278 1171 1297 1263; baseline 0.002 -23"><span class='ocrx_word' id='word_1_15' title='bbox 278 1176 334 1242; x_wconf 87' lang='grc' dir='ltr'><strong><em>καὶ</em></strong></span> <span class='ocrx_word' id='word_1_16' title='bbox 365 1176 529 1256; x_wconf 73' lang='grc' dir='ltr'><strong><em>καθάπαξ</em></strong></span> <span class='ocrx_word' id='word_1_17' title='bbox 564 1176 648 1243; x_wconf 82' lang='grc' dir='ltr'><strong><em>κατὰ</em></strong></span> <span class='ocrx_word' id='word_1_18' title='bbox 675 1176 786 1242; x_wconf 88' lang='grc' dir='ltr'><strong><em>πάντα</em></strong></span> <span class='ocrx_word' id='word_1_19' title='bbox 814 1171 972 1242; x_wconf 78' lang='grc' dir='ltr'><strong><em>ἁπάντων</em></strong></span> <span class='ocrx_word' id='word_1_20' title='bbox 1000 1174 1070 1242; x_wconf 72' lang='grc' dir='ltr'><strong><em>ἐστὶ</em></strong></span> <span class='ocrx_word' id='word_1_21' title='bbox 1100 1177 1297 1263; x_wconf 73' lang='grc' dir='ltr'><strong><em>περιληπτι-</em></strong></span> 
     </span>
     <span class='ocr_line' id='line_1_4' title="bbox 278 1267 1295 1396; baseline 0 -58"><span class='ocrx_word' id='word_1_22' title='bbox 278 1273 344 1352; x_wconf 83' lang='grc' dir='ltr'><strong><em>νὸν,</em></strong></span> <span class='ocrx_word' id='word_1_23' title='bbox 367 1300 423 1339; x_wconf 87' lang='grc' dir='ltr'><strong><em>και</em></strong></span> <span class='ocrx_word' id='word_1_24' title='bbox 415 1268 602 1396; x_wconf 75' lang='grc' dir='ltr'><em>οὐδεμίαν</em></span> <span class='ocrx_word' id='word_1_25' title='bbox 624 1273 789 1391; x_wconf 80' lang='grc' dir='ltr'><strong><em>διαφορὰν</em></strong></span> <span class='ocrx_word' id='word_1_26' title='bbox 818 1278 922 1376; x_wconf 80' lang='grc' dir='ltr'><strong><em>προσῖ</em></strong></span> <span class='ocrx_word' id='word_1_27' title='bbox 924 1297 1004 1350; x_wconf 90' lang='grc' dir='ltr'><strong><em>εται,</em></strong></span> <span class='ocrx_word' id='word_1_28' title='bbox 1035 1267 1295 1357; x_wconf 79' lang='grc' dir='ltr'><em>ὁμολογουμένου</em></span> 
     </span>
     <span class='ocr_line' id='line_1_5' title="bbox 277 1365 1316 1492; baseline 0.002 -59"><span class='ocrx_word' id='word_1_29' title='bbox 277 1374 336 1434; x_wconf 86' lang='grc' dir='ltr'><strong><em>τοῦ</em></strong></span> <span class='ocrx_word' id='word_1_30' title='bbox 357 1370 439 1457; x_wconf 75' lang='grc' dir='ltr'><strong><em>μήτε</em></strong></span> <span class='ocrx_word' id='word_1_31' title='bbox 461 1366 560 1438; x_wconf 81' lang='grc' dir='ltr'><strong><em>αὑτὸν</em></strong></span> <span class='ocrx_word' id='word_1_32' title='bbox 584 1372 689 1457; x_wconf 73' lang='grc' dir='ltr'><strong><em>ὑαυτιῦ</em></strong></span> <span class='ocrx_word' id='word_1_33' title='bbox 714 1368 830 1452; x_wconf 77' lang='grc' dir='ltr'><strong><em>ὅμοιον</em></strong></span> <span class='ocrx_word' id='word_1_34' title='bbox 861 1365 946 1437; x_wconf 80' lang='grc' dir='ltr'><strong><em>εἶναι</em></strong></span> <span class='ocrx_word' id='word_1_35' title='bbox 974 1367 1031 1434; x_wconf 84' lang='grc' dir='ltr'><strong><em>τὸν</em></strong></span> <span class='ocrx_word' id='word_1_36' title='bbox 1060 1377 1192 1492; x_wconf 85' lang='grc' dir='ltr'><strong><em>πατέρα</em></strong></span> <span class='ocrx_word' id='word_1_37' title='bbox 1220 1370 1316 1457; x_wconf 76' lang='grc' dir='ltr'><strong><em>μήτοι)</em></strong></span> 
     </span>
    </p>

    <p class='ocr_par' dir='ltr' id='par_1_3' title="bbox 252 1461 1296 1554">
     <span class='ocr_line' id='line_1_6' title="bbox 252 1461 1296 1554; baseline -0.006 -16"><span class='ocrx_word' id='word_1_38' title='bbox 252 1467 336 1538; x_wconf 66' lang='grc' dir='ltr'><strong><em>στὸν</em></strong></span> <span class='ocrx_word' id='word_1_39' title='bbox 364 1467 436 1534; x_wconf 82' lang='grc' dir='ltr'><strong><em>υἱὸν</em></strong></span> <span class='ocrx_word' id='word_1_40' title='bbox 466 1464 565 1535; x_wconf 85' lang='grc' dir='ltr'><strong><em>αὑτὸν</em></strong></span> <span class='ocrx_word' id='word_1_41' title='bbox 592 1470 697 1554; x_wconf 80' lang='grc' dir='ltr'><strong><em>ἑαυτιό</em></strong></span> <span class='ocrx_word' id='word_1_42' title='bbox 728 1462 855 1534; x_wconf 72' lang='grc' dir='ltr'><strong><em>εἷναι”</em></strong></span> <span class='ocrx_word' id='word_1_43' title='bbox 836 1490 966 1549; x_wconf 88' lang='grc' dir='ltr'><strong><em>ομοιον,</em></strong></span> <span class='ocrx_word' id='word_1_44' title='bbox 1000 1461 1085 1531; x_wconf 79' lang='grc' dir='ltr'><em>ἀλλὰ</em></span> <span class='ocrx_word' id='word_1_45' title='bbox 1115 1466 1188 1533; x_wconf 77' lang='grc' dir='ltr'><strong><em>υἱὸν</em></strong></span> <span class='ocrx_word' id='word_1_46' title='bbox 1217 1463 1296 1534; x_wconf 73' lang='grc' dir='ltr'><strong><em>εἶναι</em></strong></span> 
     </span>
    </p>

    <p class='ocr_par' dir='ltr' id='par_1_4' title="bbox 279 1530 1296 1688">
     <span class='ocr_line' id='line_1_7' title="bbox 279 1530 1296 1688; baseline -0.001 -56.982"><span class='ocrx_word' id='word_1_47' title='bbox 279 1560 395 1648; x_wconf 86' lang='grc' dir='ltr'><strong><em>σ’μοιον</em></strong></span> <span class='ocrx_word' id='word_1_48' title='bbox 417 1569 464 1653; x_wconf 77' lang='grc' dir='ltr'><strong><em>τῷ</em></strong></span> <span class='ocrx_word' id='word_1_49' title='bbox 487 1565 600 1688; x_wconf 85' lang='grc' dir='ltr'><strong><em>πατρὶ,</em></strong></span> <span class='ocrx_word' id='word_1_50' title='bbox 630 1530 722 1631; x_wconf 78' lang='grc' dir='ltr'><strong><em>κάλ’</em></strong></span> <span class='ocrx_word' id='word_1_51' title='bbox 709 1591 742 1630; x_wconf 82' lang='grc' dir='ltr'><strong><em>εν</em></strong></span> <span class='ocrx_word' id='word_1_52' title='bbox 764 1590 810 1650; x_wconf 82' lang='grc' dir='ltr'><strong><em>τιμ</em></strong></span> <span class='ocrx_word' id='word_1_53' title='bbox 834 1562 917 1629; x_wconf 85' lang='grc' dir='ltr'><strong><em>κατὰ</em></strong></span> <span class='ocrx_word' id='word_1_54' title='bbox 939 1562 1050 1629; x_wconf 86' lang='grc' dir='ltr'><strong><em>πάντα</em></strong></span> <span class='ocrx_word' id='word_1_55' title='bbox 1074 1560 1194 1647; x_wconf 82' lang='grc' dir='ltr'><strong><em>ὅμοιον</em></strong></span> <span class='ocrx_word' id='word_1_56' title='bbox 1217 1559 1296 1631; x_wconf 75' lang='grc' dir='ltr'><strong><em>εἶναι</em></strong></span> 
     </span>
    </p>

    <p class='ocr_par' dir='ltr' id='par_1_5' title="bbox 275 1649 1295 1940">
     <span class='ocr_line' id='line_1_8' title="bbox 276 1649 1295 1775; baseline 0.002 -50"><span class='ocrx_word' id='word_1_57' title='bbox 276 1667 323 1747; x_wconf 80' lang='grc' dir='ltr'><strong><em>τώ</em></strong></span> <span class='ocrx_word' id='word_1_58' title='bbox 346 1666 448 1747; x_wconf 80' lang='grc' dir='ltr'><strong><em>πατρὶ</em></strong></span> <span class='ocrx_word' id='word_1_59' title='bbox 473 1663 544 1728; x_wconf 76' lang='grc' dir='ltr'><strong><em>υἱὸν</em></strong></span> <span class='ocrx_word' id='word_1_60' title='bbox 568 1660 657 1741; x_wconf 87' lang='grc' dir='ltr'><strong><em>άντα,</em></strong></span> <span class='ocrx_word' id='word_1_61' title='bbox 680 1661 736 1728; x_wconf 81' lang='grc' dir='ltr'><strong><em>καὶ</em></strong></span> <span class='ocrx_word' id='word_1_62' title='bbox 759 1657 797 1726; x_wconf 83' lang='grc' dir='ltr'><strong><em>οὑ</em></strong></span> <span class='ocrx_word' id='word_1_63' title='bbox 813 1668 952 1745; x_wconf 78' lang='grc' dir='ltr'><strong><em>πατέρα,</em></strong></span> <span class='ocrx_word' id='word_1_64' title='bbox 977 1649 1073 1738; x_wconf 70' lang='grc' dir='ltr'><strong><em>ἐξ</em></strong></span> <span class='ocrx_word' id='word_1_65' title='bbox 1034 1683 1072 1726; x_wconf 92' lang='grc' dir='ltr'><strong><em>ου</em></strong></span> <span class='ocrx_word' id='word_1_66' title='bbox 1096 1662 1228 1775; x_wconf 73' lang='grc' dir='ltr'><strong><em>πατρὸς</em></strong></span> <span class='ocrx_word' id='word_1_67' title='bbox 1248 1687 1295 1728; x_wconf 88' lang='grc' dir='ltr'><strong><em>τε·</em></strong></span> 
     </span>
     <span class='ocr_line' id='line_1_9' title="bbox 276 1757 1294 1843; baseline -0.002 -19"><span class='ocrx_word' id='word_1_68' title='bbox 276 1760 372 1837; x_wconf 83' lang='grc' dir='ltr'><strong><em>λείως</em></strong></span> <span class='ocrx_word' id='word_1_69' title='bbox 395 1760 428 1824; x_wconf 79' lang='grc' dir='ltr'><strong><em>ἔκ</em></strong></span> <span class='ocrx_word' id='word_1_70' title='bbox 451 1761 586 1839; x_wconf 77' lang='grc' dir='ltr'><strong><em>τελείου,</em></strong></span> <span class='ocrx_word' id='word_1_71' title='bbox 617 1759 683 1843; x_wconf 88' lang='grc' dir='ltr'><strong><em>πρὸ</em></strong></span> <span class='ocrx_word' id='word_1_72' title='bbox 712 1759 824 1842; x_wconf 83' lang='grc' dir='ltr'><strong><em>πάσης</em></strong></span> <span class='ocrx_word' id='word_1_73' title='bbox 846 1758 973 1836; x_wconf 82' lang='grc' dir='ltr'><strong><em>ε’·ννοίας</em></strong></span> <span class='ocrx_word' id='word_1_74' title='bbox 1001 1757 1058 1824; x_wconf 87' lang='grc' dir='ltr'><strong><em>καὶ</em></strong></span> <span class='ocrx_word' id='word_1_75' title='bbox 1085 1757 1223 1825; x_wconf 88' lang='grc' dir='ltr'><strong><em>πάντων</em></strong></span> <span class='ocrx_word' id='word_1_76' title='bbox 1245 1760 1294 1822; x_wconf 68' lang='grc' dir='ltr'><strong><em>λιν</em></strong></span> 
     </span>
     <span class='ocr_line' id='line_1_10' title="bbox 275 1851 1293 1940; baseline 0 -21"><span class='ocrx_word' id='word_1_77' title='bbox 275 1859 403 1938; x_wconf 85' lang='grc' dir='ltr'><strong><em>γισμών</em></strong></span> <span class='ocrx_word' id='word_1_78' title='bbox 425 1859 480 1921; x_wconf 85' lang='grc' dir='ltr'><strong><em>καὶ</em></strong></span> <span class='ocrx_word' id='word_1_79' title='bbox 500 1856 625 1940; x_wconf 84' lang='grc' dir='ltr'><strong><em>χρόνιον</em></strong></span> <span class='ocrx_word' id='word_1_80' title='bbox 653 1855 709 1922; x_wconf 82' lang='grc' dir='ltr'><strong><em>καὶ</em></strong></span> <span class='ocrx_word' id='word_1_81' title='bbox 738 1856 866 1922; x_wconf 78' lang='grc' dir='ltr'><strong><em>αἰώνων</em></strong></span> <span class='ocrx_word' id='word_1_82' title='bbox 894 1854 928 1921; x_wconf 70' lang='grc' dir='ltr'><strong><em>ἐκ</em></strong></span> <span class='ocrx_word' id='word_1_83' title='bbox 950 1858 1009 1920; x_wconf 84' lang='grc' dir='ltr'><strong><em>τοὺ</em></strong></span> <span class='ocrx_word' id='word_1_84' title='bbox 1032 1856 1163 1939; x_wconf 85' lang='grc' dir='ltr'><strong><em>πατρὸς</em></strong></span> <span class='ocrx_word' id='word_1_85' title='bbox 1186 1851 1293 1939; x_wconf 85' lang='grc' dir='ltr'><strong><em>ὁμοιά·</em></strong></span> 
     </span>
    </p>

    <p class='ocr_par' dir='ltr' id='par_1_6' title="bbox 234 1947 1291 2408">
     <span class='ocr_line' id='line_1_11' title="bbox 234 1947 1291 2039; baseline 0.001 -24"><span class='ocrx_word' id='word_1_86' title='bbox 234 1966 373 2038; x_wconf 75' lang='grc' dir='ltr'><strong><em>ῖοτφτος</em></strong></span> <span class='ocrx_word' id='word_1_87' title='bbox 394 1953 581 2039; x_wconf 71' lang='grc' dir='ltr'><strong><em>γεννηθεὶς,</em></strong></span> <span class='ocrx_word' id='word_1_88' title='bbox 617 1951 662 2031; x_wconf 91' lang='grc' dir='ltr'><strong><em>ώς</em></strong></span> <span class='ocrx_word' id='word_1_89' title='bbox 691 1948 762 2020; x_wconf 71' lang='grc' dir='ltr'><strong><em>οἶδε</em></strong></span> <span class='ocrx_word' id='word_1_90' title='bbox 783 1952 885 2037; x_wconf 80' lang='grc' dir='ltr'><em>μόνος</em></span> <span class='ocrx_word' id='word_1_91' title='bbox 912 1947 930 2017; x_wconf 97' lang='lat'><strong><em>5</em></strong></span> <span class='ocrx_word' id='word_1_92' title='bbox 954 1951 1063 2038; x_wconf 81' lang='grc' dir='ltr'><strong><em>πατὴρ</em></strong></span> <span class='ocrx_word' id='word_1_93' title='bbox 1094 1949 1112 2018; x_wconf 93' lang='lat'><strong><em>5</em></strong></span> <span class='ocrx_word' id='word_1_94' title='bbox 1142 1952 1179 2033; x_wconf 78' lang='grc' dir='ltr'><strong><em>ἒξ</em></strong></span> <span class='ocrx_word' id='word_1_95' title='bbox 1200 1949 1291 2019; x_wconf 78' lang='grc' dir='ltr'><strong><em>αὑτοῦ</em></strong></span> 
     </span>
     <span class='ocr_line' id='line_1_12' title="bbox 278 2044 1289 2136; baseline -0.004 -21"><span class='ocrx_word' id='word_1_96' title='bbox 278 2045 377 2115; x_wconf 83' lang='grc' dir='ltr'><strong><em>αὑτὸν</em></strong></span> <span class='ocrx_word' id='word_1_97' title='bbox 411 2045 558 2128; x_wconf 71' lang='grc' dir='ltr'><strong><em>άπαθώς</em></strong></span> <span class='ocrx_word' id='word_1_98' title='bbox 590 2049 762 2136; x_wconf 73' lang='grc' dir='ltr'><strong><em>γεννήσας,</em></strong></span> <span class='ocrx_word' id='word_1_99' title='bbox 796 2055 849 2116; x_wconf 78' lang='grc' dir='ltr'><strong><em>καὶ</em></strong></span> <span class='ocrx_word' id='word_1_100' title='bbox 883 2044 900 2114; x_wconf 92' lang='lat'><strong><em>5</em></strong></span> <span class='ocrx_word' id='word_1_101' title='bbox 930 2048 1001 2128; x_wconf 73' lang='grc' dir='ltr'><strong><em>υἱὸς</em></strong></span> <span class='ocrx_word' id='word_1_102' title='bbox 1031 2045 1048 2114; x_wconf 93' lang='lat'><strong><em>5</em></strong></span> <span class='ocrx_word' id='word_1_103' title='bbox 1079 2049 1116 2130; x_wconf 75' lang='grc' dir='ltr'><strong><em>ἐξ</em></strong></span> <span class='ocrx_word' id='word_1_104' title='bbox 1137 2045 1238 2116; x_wconf 82' lang='grc' dir='ltr'><strong><em>αὑτοῦ</em></strong></span> <span class='ocrx_word' id='word_1_105' title='bbox 1257 2047 1289 2113; x_wconf 81' lang='grc' dir='ltr'><strong><em>τὸ</em></strong></span> 
     </span>
     <span class='ocr_line' id='line_1_13' title="bbox 278 2136 1288 2235; baseline -0.004 -21"><span class='ocrx_word' id='word_1_106' title='bbox 278 2141 364 2214; x_wconf 76' lang='grc' dir='ltr'><strong><em>εἶναι</em></strong></span> <span class='ocrx_word' id='word_1_107' title='bbox 392 2148 487 2230; x_wconf 77' lang='grc' dir='ltr'><strong><em>ἔχων,</em></strong></span> <span class='ocrx_word' id='word_1_108' title='bbox 517 2150 570 2213; x_wconf 85' lang='grc' dir='ltr'><strong><em>καὶ</em></strong></span> <span class='ocrx_word' id='word_1_109' title='bbox 601 2136 628 2233; x_wconf 74' lang='grc' dir='ltr'><em>ᾧ</em></span> <span class='ocrx_word' id='word_1_110' title='bbox 651 2143 750 2225; x_wconf 79' lang='grc' dir='ltr'><strong><em>αὐτὸς</em></strong></span> <span class='ocrx_word' id='word_1_111' title='bbox 779 2141 993 2223; x_wconf 75' lang='grc' dir='ltr'><strong><em>ἀποκαλύψει</em></strong></span> <span class='ocrx_word' id='word_1_112' title='bbox 1021 2146 1055 2213; x_wconf 79' lang='grc' dir='ltr'><strong><em>ἔν</em></strong></span> <span class='ocrx_word' id='word_1_113' title='bbox 1084 2150 1124 2235; x_wconf 83' lang='grc' dir='ltr'><strong><em>τῇ</em></strong></span> <span class='ocrx_word' id='word_1_114' title='bbox 1147 2142 1216 2213; x_wconf 75' lang='grc' dir='ltr'><strong><em>κατ’</em></strong></span> <span class='ocrx_word' id='word_1_115' title='bbox 1239 2140 1288 2210; x_wconf 79' lang='grc' dir='ltr'><strong><em>αὑ·</em></strong></span> 
     </span>
     <span class='ocr_line' id='line_1_14' title="bbox 275 2240 1285 2332; baseline -0.003 -23"><span class='ocrx_word' id='word_1_116' title='bbox 275 2242 333 2309; x_wconf 86' lang='grc' dir='ltr'><strong><em>τὸν</em></strong></span> <span class='ocrx_word' id='word_1_117' title='bbox 355 2250 485 2332; x_wconf 77' lang='grc' dir='ltr'><strong><em>θεωρίᾳ</em></strong></span> <span class='ocrx_word' id='word_1_118' title='bbox 508 2240 608 2325; x_wconf 80' lang='grc' dir='ltr'>ἀξίως</span> <span class='ocrx_word' id='word_1_119' title='bbox 635 2240 722 2331; x_wconf 77' lang='grc' dir='ltr'><strong><em>ἡμᾶς</em></strong></span> <span class='ocrx_word' id='word_1_120' title='bbox 750 2243 807 2310; x_wconf 91' lang='grc' dir='ltr'><strong><em>τὸν</em></strong></span> <span class='ocrx_word' id='word_1_121' title='bbox 836 2243 954 2310; x_wconf 80' lang='grc' dir='ltr'><strong><em>ἑαυτοῦ</em></strong></span> <span class='ocrx_word' id='word_1_122' title='bbox 988 2249 1117 2327; x_wconf 73' lang='grc' dir='ltr'><strong><em>πατέρα</em></strong></span> <span class='ocrx_word' id='word_1_123' title='bbox 1146 2249 1285 2330; x_wconf 76' lang='grc' dir='ltr'><strong><em>παρέχων</em></strong></span> 
     </span>
     <span class='ocr_line' id='line_1_15' title="bbox 276 2351 373 2408; baseline -0.01 -2"><span class='ocrx_word' id='word_1_124' title='bbox 276 2351 373 2408; x_wconf 82' lang='grc' dir='ltr'><strong><em>νοεῖν.</em></strong></span> 
     </span>
    </p>

    <p class='ocr_par' dir='ltr' id='par_1_7' title="bbox 235 2432 1312 2912">
     <span class='ocr_line' id='line_1_16' title="bbox 235 2432 1312 2525; baseline -0.001 -24"><span class='ocrx_word' id='word_1_125' title='bbox 235 2453 266 2502; x_wconf 78' lang='lat'><strong><em>55</em></strong></span> <span class='ocrx_word' id='word_1_126' title='bbox 364 2445 412 2505; x_wconf 88' lang='grc'><strong><em>16.</em></strong></span> <span class='ocrx_word' id='word_1_127' title='bbox 444 2441 510 2505; x_wconf 82' lang='grc' dir='ltr'><strong><em>Καὶ</em></strong></span> <span class='ocrx_word' id='word_1_128' title='bbox 526 2439 570 2525; x_wconf 82' lang='grc' dir='ltr'><strong><em>μὴ</em></strong></span> <span class='ocrx_word' id='word_1_129' title='bbox 586 2444 780 2523; x_wconf 79' lang='grc' dir='ltr'><strong><em>ταρασσέτω</em></strong></span> <span class='ocrx_word' id='word_1_130' title='bbox 802 2438 841 2502; x_wconf 88' lang='grc' dir='ltr'><strong><em>τὸ</em></strong></span> <span class='ocrx_word' id='word_1_131' title='bbox 864 2440 930 2504; x_wconf 87' lang='grc' dir='ltr'><strong><em>τών</em></strong></span> <span class='ocrx_word' id='word_1_132' title='bbox 951 2434 1172 2505; x_wconf 84' lang='grc' dir='ltr'><strong><em>ὑποστάσεων</em></strong></span> <span class='ocrx_word' id='word_1_133' title='bbox 1194 2432 1312 2519; x_wconf 61' lang='grc' dir='ltr'><strong><em>άνομάθῖ</em></strong></span> 
     </span>
     <span class='ocr_line' id='line_1_17' title="bbox 275 2529 1279 2621; baseline -0.004 -21"><span class='ocrx_word' id='word_1_134' title='bbox 275 2561 376 2613; x_wconf 90' lang='grc' dir='ltr'><strong><em>τινας.</em></strong></span> <span class='ocrx_word' id='word_1_135' title='bbox 409 2536 465 2602; x_wconf 80' lang='grc' dir='ltr'><strong><em>διὰ</em></strong></span> <span class='ocrx_word' id='word_1_136' title='bbox 487 2539 585 2602; x_wconf 86' lang='grc' dir='ltr'><strong><em>τοῦτο</em></strong></span> <span class='ocrx_word' id='word_1_137' title='bbox 607 2535 667 2621; x_wconf 84' lang='grc' dir='ltr'><strong><em>γὰρ</em></strong></span> <span class='ocrx_word' id='word_1_138' title='bbox 691 2531 894 2612; x_wconf 77' lang='grc' dir='ltr'><strong><em>ὑποστάσεις</em></strong></span> <span class='ocrx_word' id='word_1_139' title='bbox 917 2536 949 2601; x_wconf 79' lang='grc' dir='ltr'><strong><em>οἱ</em></strong></span> <span class='ocrx_word' id='word_1_140' title='bbox 972 2529 1162 2602; x_wconf 83' lang='grc' dir='ltr'><strong><em>άνατολικοὶ</em></strong></span> <span class='ocrx_word' id='word_1_141' title='bbox 1186 2538 1279 2619; x_wconf 74' lang='grc' dir='ltr'><strong><em>λέγον</em></strong></span> 
     </span>
     <span class='ocr_line' id='line_1_18' title="bbox 276 2628 1276 2755; baseline -0.002 -57"><span class='ocrx_word' id='word_1_142' title='bbox 276 2656 339 2712; x_wconf 89' lang='grc' dir='ltr'><strong><em>σιν,</em></strong></span> <span class='ocrx_word' id='word_1_143' title='bbox 370 2633 425 2699; x_wconf 89' lang='grc' dir='ltr'><strong><em>ι’να</em></strong></span> <span class='ocrx_word' id='word_1_144' title='bbox 447 2630 506 2710; x_wconf 86' lang='grc' dir='ltr'><strong><em>τὰς</em></strong></span> <span class='ocrx_word' id='word_1_145' title='bbox 529 2633 696 2720; x_wconf 80' lang='grc' dir='ltr'><strong><em>ἰδιότητας</em></strong></span> <span class='ocrx_word' id='word_1_146' title='bbox 718 2636 785 2699; x_wconf 88' lang='grc' dir='ltr'><strong><em>τών</em></strong></span> <span class='ocrx_word' id='word_1_147' title='bbox 807 2632 1002 2755; x_wconf 83' lang='grc' dir='ltr'><strong><em>προσώπων</em></strong></span> <span class='ocrx_word' id='word_1_148' title='bbox 1023 2628 1220 2751; x_wconf 80' lang='grc' dir='ltr'><strong><em>ὑφεστώσας</em></strong></span> <span class='ocrx_word' id='word_1_149' title='bbox 1238 2629 1276 2696; x_wconf 79' lang='grc' dir='ltr'><strong><em>καλ</em></strong></span> 
     </span>
     <span class='ocr_line' id='line_1_19' title="bbox 275 2725 1274 2851; baseline 0 -56"><span class='ocrx_word' id='word_1_150' title='bbox 275 2727 487 2848; x_wconf 82' lang='grc' dir='ltr'><strong><em>ὑπαρχούσας</em></strong></span> <span class='ocrx_word' id='word_1_151' title='bbox 513 2738 747 2851; x_wconf 79' lang='grc' dir='ltr'><strong><em>γνωρίσωσιν.</em></strong></span> <span class='ocrx_word' id='word_1_152' title='bbox 792 2730 821 2796; x_wconf 81' lang='grc' dir='ltr'><strong><em>εἷ</em></strong></span> <span class='ocrx_word' id='word_1_153' title='bbox 857 2730 918 2815; x_wconf 85' lang='grc' dir='ltr'><strong><em>γὰρ</em></strong></span> <span class='ocrx_word' id='word_1_154' title='bbox 956 2732 1088 2814; x_wconf 84' lang='grc' dir='ltr'><strong><em>πνεῦμα</em></strong></span> <span class='ocrx_word' id='word_1_155' title='bbox 1125 2727 1143 2797; x_wconf 92' lang='lat'><strong><em>5</em></strong></span> <span class='ocrx_word' id='word_1_156' title='bbox 1176 2725 1274 2811; x_wconf 73' lang='grc' dir='ltr'><strong><em>πατὴρ</em></strong></span> 
     </span>
     <span class='ocr_line' id='line_1_20' title="bbox 275 2814 1275 2912; baseline 0.003 -21"><span class='ocrx_word' id='word_1_157' title='bbox 275 2829 406 2908; x_wconf 81' lang='grc' dir='ltr'><strong><em>πνεῦμα</em></strong></span> <span class='ocrx_word' id='word_1_158' title='bbox 428 2824 484 2891; x_wconf 81' lang='grc' dir='ltr'><strong><em>καὶ</em></strong></span> <span class='ocrx_word' id='word_1_159' title='bbox 507 2822 524 2890; x_wconf 95' lang='lat'><strong><em>5</em></strong></span> <span class='ocrx_word' id='word_1_160' title='bbox 547 2826 633 2906; x_wconf 79' lang='grc' dir='ltr'><strong><em>υἱὸς,</em></strong></span> <span class='ocrx_word' id='word_1_161' title='bbox 665 2830 796 2910; x_wconf 80' lang='grc' dir='ltr'><strong><em>πνεῦμα</em></strong></span> <span class='ocrx_word' id='word_1_162' title='bbox 824 2827 940 2892; x_wconf 85' lang='grc' dir='ltr'><strong><em>καὶτὸ</em></strong></span> <span class='ocrx_word' id='word_1_163' title='bbox 964 2824 1057 2912; x_wconf 86' lang='grc' dir='ltr'><strong><em>άγιον</em></strong></span> <span class='ocrx_word' id='word_1_164' title='bbox 1080 2831 1223 2911; x_wconf 81' lang='grc' dir='ltr'><strong><em>πνεῦμα,</em></strong></span> <span class='ocrx_word' id='word_1_165' title='bbox 1247 2814 1275 2885; x_wconf 70' lang='grc' dir='ltr'><strong><em>θὁ</em></strong></span> 
     </span>
    </p>

    <p class='ocr_par' dir='ltr' id='par_1_8' title="bbox 233 2919 1275 3101">
     <span class='ocr_line' id='line_1_21' title="bbox 233 2919 1274 3010; baseline 0 -21"><span class='ocrx_word' id='word_1_166' title='bbox 233 2933 402 2989; x_wconf 81' lang='grc' dir='ltr'><strong><em>2ονοεῖται</em></strong></span> <span class='ocrx_word' id='word_1_167' title='bbox 425 2922 534 3010; x_wconf 81' lang='grc' dir='ltr'><strong><em>πατὴρ</em></strong></span> <span class='ocrx_word' id='word_1_168' title='bbox 559 2919 576 2989; x_wconf 88' lang='lat'><strong><em>5</em></strong></span> <span class='ocrx_word' id='word_1_169' title='bbox 600 2923 680 3001; x_wconf 90' lang='grc' dir='ltr'><strong><em>υιάς.</em></strong></span> <span class='ocrx_word' id='word_1_170' title='bbox 726 2921 888 3010; x_wconf 84' lang='grc' dir='ltr'><strong><em>ὑφέστηκε</em></strong></span> <span class='ocrx_word' id='word_1_171' title='bbox 911 2925 946 2990; x_wconf 81' lang='grc' dir='ltr'><strong><em>δὲ</em></strong></span> <span class='ocrx_word' id='word_1_172' title='bbox 968 2922 1083 2989; x_wconf 79' lang='grc' dir='ltr'><strong><em>καὶτὸ</em></strong></span> <span class='ocrx_word' id='word_1_173' title='bbox 1107 2929 1274 3009; x_wconf 69' lang='grc' dir='ltr'><strong><em>πνεῦμαθ</em></strong></span> 
     </span>
     <span class='ocr_line' id='line_1_22' title="bbox 275 3015 1275 3105; baseline -0.003 -18"><span class='ocrx_word' id='word_1_174' title='bbox 275 3016 313 3086; x_wconf 85' lang='grc' dir='ltr'><strong><em>οὐ</em></strong></span> <span class='ocrx_word' id='word_1_175' title='bbox 337 3031 463 3087; x_wconf 82' lang='grc' dir='ltr'><strong><em>νοεῖται</em></strong></span> <span class='ocrx_word' id='word_1_176' title='bbox 485 3019 606 3101; x_wconf 73' lang='grc' dir='ltr'><strong><em>υἱὸς,“</em></strong></span> <span class='ocrx_word' id='word_1_177' title='bbox 591 3046 608 3086; x_wconf 95' lang='grc' dir='ltr'><strong><em>ο</em></strong></span> <span class='ocrx_word' id='word_1_178' title='bbox 631 3023 684 3087; x_wconf 83' lang='grc' dir='ltr'><strong><em>καὶ</em></strong></span> <span class='ocrx_word' id='word_1_179' title='bbox 709 3015 767 3087; x_wconf 86' lang='grc' dir='ltr'><strong><em>οὑκ</em></strong></span> <span class='ocrx_word' id='word_1_180' title='bbox 790 3024 871 3100; x_wconf 88' lang='grc' dir='ltr'><strong><em>εστι,</em></strong></span> <span class='ocrx_word' id='word_1_181' title='bbox 896 3020 946 3093; x_wconf 81' lang='grc' dir='ltr'><strong><em>(τὸ</em></strong></span> <span class='ocrx_word' id='word_1_182' title='bbox 962 3023 1091 3105; x_wconf 80' lang='grc' dir='ltr'><strong><em>πνεῦμα</em></strong></span> <span class='ocrx_word' id='word_1_183' title='bbox 1115 3017 1154 3088; x_wconf 86' lang='grc' dir='ltr'><strong><em>οὑ</em></strong></span> <span class='ocrx_word' id='word_1_184' title='bbox 1172 3029 1275 3089; x_wconf 69' lang='grc' dir='ltr'><strong><em>νοεῖται</em></strong></span> 
     </span>
    </p>

    <p class='ocr_par' dir='ltr' id='par_1_9' title="bbox 273 3112 1277 3399">
     <span class='ocr_line' id='line_1_23' title="bbox 274 3112 1275 3238; baseline -0.001 -52.976"><span class='ocrx_word' id='word_1_185' title='bbox 274 3117 355 3198; x_wconf 89' lang='grc' dir='ltr'><strong><em>υιὸς,</em></strong></span> <span class='ocrx_word' id='word_1_186' title='bbox 379 3115 564 3238; x_wconf 84' lang='grc' dir='ltr'><strong><em>ὑφεστηκε</em></strong></span> <span class='ocrx_word' id='word_1_187' title='bbox 564 3120 675 3185; x_wconf 79' lang='grc' dir='ltr'><strong><em>δὲκαὶ</em></strong></span> <span class='ocrx_word' id='word_1_188' title='bbox 697 3117 737 3183; x_wconf 88' lang='grc' dir='ltr'><strong><em>τὸ</em></strong></span> <span class='ocrx_word' id='word_1_189' title='bbox 759 3121 890 3201; x_wconf 85' lang='grc' dir='ltr'><strong><em>πνεὺμα</em></strong></span> <span class='ocrx_word' id='word_1_190' title='bbox 911 3118 951 3183; x_wconf 88' lang='grc' dir='ltr'><strong><em>τὸ</em></strong></span> <span class='ocrx_word' id='word_1_191' title='bbox 967 3116 1084 3202; x_wconf 80' lang='grc' dir='ltr'><strong><em>ἅγιον.)</em></strong></span> <span class='ocrx_word' id='word_1_192' title='bbox 1119 3145 1173 3187; x_wconf 91' lang='grc' dir='ltr'><strong><em>και</em></strong></span> <span class='ocrx_word' id='word_1_193' title='bbox 1163 3112 1275 3186; x_wconf 72' lang='lat' dir='ltr'><strong><em>⁰555ss</em></strong></span> 
     </span>
     <span class='ocr_line' id='line_1_24' title="bbox 273 3204 1277 3335; baseline 0.001 -54"><span class='ocrx_word' id='word_1_194' title='bbox 273 3216 312 3281; x_wconf 89' lang='grc' dir='ltr'><strong><em>τὸ</em></strong></span> <span class='ocrx_word' id='word_1_195' title='bbox 335 3221 466 3335; x_wconf 83' lang='grc' dir='ltr'><strong><em>πνεῦμμ</em></strong></span> <span class='ocrx_word' id='word_1_196' title='bbox 487 3216 526 3282; x_wconf 86' lang='grc' dir='ltr'><strong><em>τὸ</em></strong></span> <span class='ocrx_word' id='word_1_197' title='bbox 549 3212 652 3301; x_wconf 86' lang='grc' dir='ltr'><strong><em>άγιον,</em></strong></span> <span class='ocrx_word' id='word_1_198' title='bbox 678 3209 796 3282; x_wconf 80' lang='grc' dir='ltr'><strong><em>οὑάὲὺ</em></strong></span> <span class='ocrx_word' id='word_1_199' title='bbox 778 3214 939 3301; x_wconf 79' lang='grc' dir='ltr'><strong><em>οπατὴρ,</em></strong></span> <span class='ocrx_word' id='word_1_200' title='bbox 964 3210 1079 3281; x_wconf 81' lang='grc' dir='ltr'><strong><em>οὐδὲ</em></strong></span> <span class='ocrx_word' id='word_1_201' title='bbox 1064 3239 1082 3279; x_wconf 94' lang='grc' dir='ltr'><strong><em>ο</em></strong></span> <span class='ocrx_word' id='word_1_202' title='bbox 1104 3216 1187 3297; x_wconf 85' lang='grc' dir='ltr'><strong><em>υιὸς,</em></strong></span> <span class='ocrx_word' id='word_1_203' title='bbox 1212 3204 1277 3282; x_wconf 68' lang='grc' dir='ltr'><em>ἀλλὰ</em></span> 
     </span>
     <span class='ocr_line' id='line_1_25' title="bbox 274 3307 1277 3399; baseline 0.006 -21"><span class='ocrx_word' id='word_1_204' title='bbox 274 3318 405 3396; x_wconf 82' lang='grc' dir='ltr'><strong><em>πνεῦμα</em></strong></span> <span class='ocrx_word' id='word_1_205' title='bbox 358 3312 522 3399; x_wconf 73' lang='grc' dir='ltr'><strong><em>ιάγιον</em></strong></span> <span class='ocrx_word' id='word_1_206' title='bbox 545 3313 579 3381; x_wconf 78' lang='grc' dir='ltr'><strong><em>ἐκ</em></strong></span> <span class='ocrx_word' id='word_1_207' title='bbox 601 3311 739 3399; x_wconf 87' lang='grc' dir='ltr'><strong><em>πατρὸς,</em></strong></span> <span class='ocrx_word' id='word_1_208' title='bbox 771 3307 812 3379; x_wconf 81' lang='grc' dir='ltr'><strong><em>δι</em></strong></span> <span class='ocrx_word' id='word_1_209' title='bbox 844 3313 917 3378; x_wconf 78' lang='lat'><strong><em>5505</em></strong></span> <span class='ocrx_word' id='word_1_210' title='bbox 946 3323 1083 3391; x_wconf 80' lang='grc' dir='ltr'><strong><em>πιστοῖς</em></strong></span> <span class='ocrx_word' id='word_1_211' title='bbox 1111 3314 1277 3398; x_wconf 76' lang='grc' dir='ltr'><strong><em>διδόμεναι</em></strong></span> 
     </span>
    </p>

    <p class='ocr_par' dir='ltr' id='par_1_10' title="bbox 233 3406 1304 3888">
     <span class='ocr_line' id='line_1_26' title="bbox 233 3406 1282 3496; baseline 0.002 -24"><span class='ocrx_word' id='word_1_212' title='bbox 233 3422 266 3472; x_wconf 75' lang='lat'><strong><em>25</em></strong></span> <span class='ocrx_word' id='word_1_213' title='bbox 276 3408 410 3487; x_wconf 79' lang='grc' dir='ltr'><strong><em>εἰκότως</em></strong></span> <span class='ocrx_word' id='word_1_214' title='bbox 430 3407 622 3496; x_wconf 81' lang='grc' dir='ltr'><strong><em>ὑφεστῶτος</em></strong></span> <span class='ocrx_word' id='word_1_215' title='bbox 650 3413 703 3477; x_wconf 83' lang='grc' dir='ltr'><strong><em>καλ</em></strong></span> <span class='ocrx_word' id='word_1_216' title='bbox 734 3406 948 3493; x_wconf 83' lang='grc' dir='ltr'><strong><em>ὑπάρχοντος,</em></strong></span> <span class='ocrx_word' id='word_1_217' title='bbox 982 3409 1110 3495; x_wconf 88' lang='grc' dir='ltr'><strong><em>πατρὸς</em></strong></span> <span class='ocrx_word' id='word_1_218' title='bbox 1138 3417 1193 3479; x_wconf 77' lang='grc' dir='ltr'><strong><em>καὶ</em></strong></span> <span class='ocrx_word' id='word_1_219' title='bbox 1222 3406 1282 3477; x_wconf 76' lang='grc' dir='ltr'><strong><em>υλοῦ</em></strong></span> 
     </span>
     <span class='ocr_line' id='line_1_27' title="bbox 274 3503 1304 3594; baseline -0.004 -23"><span class='ocrx_word' id='word_1_220' title='bbox 274 3508 327 3571; x_wconf 79' lang='grc' dir='ltr'><strong><em>καὶ</em></strong></span> <span class='ocrx_word' id='word_1_221' title='bbox 351 3510 409 3571; x_wconf 82' lang='grc' dir='ltr'><strong><em>τοῦ</em></strong></span> <span class='ocrx_word' id='word_1_222' title='bbox 431 3505 619 3590; x_wconf 81' lang='grc' dir='ltr'><strong><em>πνεύματος</em></strong></span> <span class='ocrx_word' id='word_1_223' title='bbox 639 3510 698 3573; x_wconf 84' lang='grc' dir='ltr'><strong><em>τοῦ</em></strong></span> <span class='ocrx_word' id='word_1_224' title='bbox 723 3503 827 3592; x_wconf 83' lang='grc' dir='ltr'><strong><em>άγῖου,</em></strong></span> <span class='ocrx_word' id='word_1_225' title='bbox 859 3506 919 3584; x_wconf 82' lang='grc' dir='ltr'><strong><em>τὰς</em></strong></span> <span class='ocrx_word' id='word_1_226' title='bbox 941 3507 1119 3594; x_wconf 77' lang='grc' dir='ltr'><strong><em>ἰδιότητας,</em></strong></span> <span class='ocrx_word' id='word_1_227' title='bbox 1144 3504 1191 3589; x_wconf 90' lang='grc' dir='ltr'><strong><em>ώς</em></strong></span> <span class='ocrx_word' id='word_1_228' title='bbox 1212 3514 1304 3593; x_wconf 69' lang='lat' dir='ltr'><strong><em>noo-5</em></strong></span> 
     </span>
     <span class='ocr_line' id='line_1_28' title="bbox 275 3599 1290 3692; baseline 0.005 -24"><span class='ocrx_word' id='word_1_229' title='bbox 275 3602 457 3688; x_wconf 75' lang='grc' dir='ltr'><strong><em>ειρήκαμεν,</em></strong></span> <span class='ocrx_word' id='word_1_230' title='bbox 495 3605 688 3690; x_wconf 81' lang='grc' dir='ltr'><strong><em>προσώπων</em></strong></span> <span class='ocrx_word' id='word_1_231' title='bbox 717 3599 919 3690; x_wconf 83' lang='grc' dir='ltr'><strong><em>ὑφεστώτων</em></strong></span> <span class='ocrx_word' id='word_1_232' title='bbox 947 3601 1152 3685; x_wconf 83' lang='grc' dir='ltr'><strong><em>ὑποστάσεις</em></strong></span> <span class='ocrx_word' id='word_1_233' title='bbox 1175 3601 1290 3692; x_wconf 84' lang='grc' dir='ltr'><strong><em>ὀνομά-</em></strong></span> 
     </span>
     <span class='ocr_line' id='line_1_29' title="bbox 275 3694 1294 3790; baseline 0.009 -25"><span class='ocrx_word' id='word_1_234' title='bbox 275 3700 387 3780; x_wconf 90' lang='grc' dir='ltr'><strong><em>ζουσιν</em></strong></span> <span class='ocrx_word' id='word_1_235' title='bbox 410 3700 442 3765; x_wconf 81' lang='grc' dir='ltr'><strong><em>οἱ</em></strong></span> <span class='ocrx_word' id='word_1_236' title='bbox 464 3694 662 3780; x_wconf 81' lang='grc' dir='ltr'><strong><em>άνατολικοὶ,</em></strong></span> <span class='ocrx_word' id='word_1_237' title='bbox 686 3695 759 3783; x_wconf 80' lang='grc' dir='ltr'><strong><em>οὐχὶ</em></strong></span> <span class='ocrx_word' id='word_1_238' title='bbox 779 3700 839 3780; x_wconf 84' lang='grc' dir='ltr'><strong><em>τὰς</em></strong></span> <span class='ocrx_word' id='word_1_239' title='bbox 860 3712 949 3787; x_wconf 80' lang='grc' dir='ltr'><strong><em>τρεῖς</em></strong></span> <span class='ocrx_word' id='word_1_240' title='bbox 971 3699 1186 3784; x_wconf 83' lang='grc' dir='ltr'><strong><em>ὑποστάσεις,</em></strong></span> <span class='ocrx_word' id='word_1_241' title='bbox 1210 3715 1294 3790; x_wconf 87' lang='grc' dir='ltr'><strong><em>τρεῖς</em></strong></span> 
     </span>
     <span class='ocr_line' id='line_1_30' title="bbox 274 3791 1297 3888; baseline 0.008 -24"><span class='ocrx_word' id='word_1_242' title='bbox 274 3792 384 3882; x_wconf 84' lang='grc' dir='ltr'><strong><em>άρχάς,</em></strong></span> <span class='ocrx_word' id='word_1_243' title='bbox 407 3791 429 3883; x_wconf 78' lang='grc' dir='ltr'><em>ἢ</em></span> <span class='ocrx_word' id='word_1_244' title='bbox 450 3808 539 3882; x_wconf 83' lang='grc' dir='ltr'><strong><em>τρεῖς</em></strong></span> <span class='ocrx_word' id='word_1_245' title='bbox 560 3798 663 3877; x_wconf 73' lang='grc' dir='ltr'><strong><em>θεοὺς</em></strong></span> <span class='ocrx_word' id='word_1_246' title='bbox 685 3799 842 3883; x_wconf 80' lang='grc' dir='ltr'><strong><em>λέγοντες.</em></strong></span> <span class='ocrx_word' id='word_1_247' title='bbox 875 3794 1159 3883; x_wconf 76' lang='grc' dir='ltr'><strong><em>άναθεματῖζουσι</em></strong></span> <span class='ocrx_word' id='word_1_248' title='bbox 1182 3802 1246 3888; x_wconf 87' lang='grc' dir='ltr'><strong><em>γάρ</em></strong></span> <span class='ocrx_word' id='word_1_249' title='bbox 1267 3804 1297 3871; x_wconf 82' lang='grc' dir='ltr'><strong><em>εἷ</em></strong></span> 
     </span>
    </p>

    <p class='ocr_par' dir='ltr' id='par_1_11' title="bbox 221 3889 1306 4281">
     <span class='ocr_line' id='line_1_31' title="bbox 221 3889 1300 3982; baseline 0.015 -27"><span class='ocrx_word' id='word_1_250' title='bbox 221 3905 324 3973; x_wconf 57' lang='grc' dir='ltr'><strong><em>σατις</em></strong></span> <span class='ocrx_word' id='word_1_251' title='bbox 346 3896 431 3980; x_wconf 81' lang='grc' dir='ltr'><strong><em>λέγει</em></strong></span> <span class='ocrx_word' id='word_1_252' title='bbox 453 3906 542 3980; x_wconf 86' lang='grc' dir='ltr'><strong><em>τρεῖς</em></strong></span> <span class='ocrx_word' id='word_1_253' title='bbox 563 3895 675 3974; x_wconf 74' lang='grc' dir='ltr'><strong><em>θεοὺς.</em></strong></span> <span class='ocrx_word' id='word_1_254' title='bbox 717 3889 786 3961; x_wconf 78' lang='grc' dir='ltr'><strong><em>ἀλλ’</em></strong></span> <span class='ocrx_word' id='word_1_255' title='bbox 812 3890 888 3961; x_wconf 80' lang='lat'><strong><em>0555</em></strong></span> <span class='ocrx_word' id='word_1_256' title='bbox 911 3903 1040 3982; x_wconf 79' lang='grc' dir='ltr'><strong><em>πατέρα</em></strong></span> <span class='ocrx_word' id='word_1_257' title='bbox 1061 3924 1118 3964; x_wconf 87' lang='grc' dir='ltr'><strong><em>και</em></strong></span> <span class='ocrx_word' id='word_1_258' title='bbox 1109 3897 1217 3968; x_wconf 79' lang='grc' dir='ltr'><strong><em>υῖὸν</em></strong></span> <span class='ocrx_word' id='word_1_259' title='bbox 1240 3902 1300 3972; x_wconf 76' lang='grc' dir='ltr'><strong><em>δύο</em></strong></span> 
     </span>
     <span class='ocr_line' id='line_1_32' title="bbox 274 3988 1300 4103; baseline 0.012 -47"><span class='ocrx_word' id='word_1_260' title='bbox 274 3991 375 4068; x_wconf 76' lang='grc' dir='ltr'><strong><em>θεοὺς</em></strong></span> <span class='ocrx_word' id='word_1_261' title='bbox 398 3993 556 4077; x_wconf 81' lang='grc' dir='ltr'><strong><em>λέγουσιν.</em></strong></span> <span class='ocrx_word' id='word_1_262' title='bbox 603 3988 803 4076; x_wconf 82' lang='grc' dir='ltr'><strong><em>ὁμολογοῦσι</em></strong></span> <span class='ocrx_word' id='word_1_263' title='bbox 830 3990 891 4103; x_wconf 82' lang='grc' dir='ltr'><strong><em>γὰρ</em></strong></span> <span class='ocrx_word' id='word_1_264' title='bbox 920 4003 999 4072; x_wconf 78' lang='grc' dir='ltr'><strong><em>μίαν</em></strong></span> <span class='ocrx_word' id='word_1_265' title='bbox 946 3989 1114 4062; x_wconf 70' lang='grc' dir='ltr'><strong><em>[εἶναι</em></strong></span> <span class='ocrx_word' id='word_1_266' title='bbox 1136 3997 1300 4086; x_wconf 72' lang='grc' dir='ltr'><strong><em>θεότφτα,</em></strong></span> 
     </span>
     <span class='ocr_line' id='line_1_33' title="bbox 274 4084 1303 4181; baseline 0.01 -30"><span class='ocrx_word' id='word_1_267' title='bbox 274 4086 531 4172; x_wconf 77' lang='grc' dir='ltr'><strong><em>ε’μπεριέχουσαν</em></strong></span> <span class='ocrx_word' id='word_1_268' title='bbox 562 4084 608 4154; x_wconf 84' lang='lat'><strong><em>55&#39;</em></strong></span> <span class='ocrx_word' id='word_1_269' title='bbox 634 4089 706 4154; x_wconf 78' lang='grc' dir='ltr'><em>υἱοῦ</em></span> <span class='ocrx_word' id='word_1_270' title='bbox 735 4087 769 4153; x_wconf 77' lang='grc' dir='ltr'><strong><em>ἐν</em></strong></span> <span class='ocrx_word' id='word_1_271' title='bbox 752 4086 962 4168; x_wconf 84' lang='grc' dir='ltr'><strong><em>νπνεύματι</em></strong></span> <span class='ocrx_word' id='word_1_272' title='bbox 990 4087 1073 4178; x_wconf 81' lang='grc' dir='ltr'><strong><em>άγίφ</em></strong></span> <span class='ocrx_word' id='word_1_273' title='bbox 1101 4093 1144 4160; x_wconf 84' lang='grc' dir='ltr'><strong><em>τά</em></strong></span> <span class='ocrx_word' id='word_1_274' title='bbox 1172 4095 1303 4181; x_wconf 81' lang='grc' dir='ltr'><strong><em>πάντα,</em></strong></span> 
     </span>
     <span class='ocr_line' id='line_1_34' title="bbox 261 4178 1306 4281; baseline 0.019 -36.232"><span class='ocrx_word' id='word_1_275' title='bbox 261 4178 506 4269; x_wconf 68' lang='grc' dir='ltr'><strong><em>ὑμολογοῦσιγ</em></strong></span> <span class='ocrx_word' id='word_1_276' title='bbox 508 4197 574 4252; x_wconf 85' lang='grc' dir='ltr'><strong><em>ιῖαν</em></strong></span> <span class='ocrx_word' id='word_1_277' title='bbox 595 4185 742 4270; x_wconf 73' lang='grc' dir='ltr'><strong><em>θεάτητα</em></strong></span> <span class='ocrx_word' id='word_1_278' title='bbox 764 4183 819 4247; x_wconf 86' lang='grc' dir='ltr'><strong><em>καὶ</em></strong></span> <span class='ocrx_word' id='word_1_279' title='bbox 840 4189 879 4265; x_wconf 84' lang='grc' dir='ltr'><strong><em>μί</em></strong></span> <span class='ocrx_word' id='word_1_280' title='bbox 880 4209 919 4251; x_wconf 91' lang='grc' dir='ltr'><strong><em>αν</em></strong></span> <span class='ocrx_word' id='word_1_281' title='bbox 940 4192 1074 4272; x_wconf 77' lang='grc' dir='ltr'><strong><em>βασιλεῖ</em></strong></span> <span class='ocrx_word' id='word_1_282' title='bbox 1074 4217 1115 4258; x_wconf 90' lang='grc' dir='ltr'><strong><em>αν</em></strong></span> <span class='ocrx_word' id='word_1_283' title='bbox 1137 4195 1194 4261; x_wconf 79' lang='grc' dir='ltr'><strong><em>καὶ</em></strong></span> <span class='ocrx_word' id='word_1_284' title='bbox 1218 4203 1306 4281; x_wconf 73' lang='grc' dir='ltr'><strong><em>μίαν</em></strong></span> 
     </span>
    </p>
   </div>
   <div class='ocr_carea' id='block_1_3' title="bbox 605 4504 800 4646">
    <p class='ocr_par' dir='ltr' id='par_1_12' title="bbox 605 4504 800 4646">
     <span class='ocr_line' id='line_1_35' title="bbox 605 4504 800 4646; baseline 0 0"><span class='ocrx_word' id='word_1_285' title='bbox 605 4504 800 4646; x_wconf 69' lang='grc' dir='ltr'>Λ</span> 
     </span>
    </p>
   </div>
   <div class='ocr_carea' id='block_1_4' title="bbox 0 0 1438 5084">
    <p class='ocr_par' dir='ltr' id='par_1_13' title="bbox 0 0 1438 5084">
     <span class='ocr_line' id='line_1_36' title="bbox 0 0 1438 5084; baseline 0 0"><span class='ocrx_word' id='word_1_286' title='bbox 0 0 1438 5084; x_wconf 95' lang='lat' dir='ltr'><strong><em> </em></strong></span> 
     </span>
    </p>
   </div>
  </div>
 </body>
</html>
