2867 5084
585 970 665 1024 Lxx.
683 975 869 1026 AYAIANOI.
1177 967 1240 1030 245

217 1115 296 1186 όλον
318 1118 357 1186 τό
378 1120 488 1204 χοῖκόν
511 1116 603 1189 εἶπεν
627 1122 827 1209 ἄνθρωπον,
858 1124 923 1211 άρα
947 1152 984 1194 τε
1006 1121 1087 1193 αῦτό
1108 1128 1148 1193 τὸ
1168 1144 1240 1211 χοί-

214 1218 275 1284 κὸν
298 1220 474 1302 προέλεγεν
495 1221 636 1288 ’ἔσεσθαι
649 1216 718 1287 κατ’
737 1223 846 1288 εἰκόνα
859 1226 954 1290 θεοῦ.
985 1227 1038 1290 καὶ
1056 1226 1127 1292 ἔστι
1141 1228 1240 1293 τοῦτο

186 1309 421 1399 Βάπόκροτσν,
452 1312 496 1395 ὡς
519 1318 616 1404 ἰφην,
638 1321 692 1384 καί
717 1319 900 1400 ἰδιωτικόν,
924 1320 962 1386 τό
986 1316 1161 1404 ὁρίζεσθαι
1183 1321 1241 1388 άν-

214 1419 362 1497 θρωπον
385 1412 418 1479 ἰν
441 1411 530 1500 ποίην
552 1421 644 1499 μέρει
666 1422 819 1483 τέτακται
841 1421 900 1482 τοῦ
916 1413 1101 1503 ἀνθρώπου
1115 1419 1155 1484 τό
1169 1413 1238 1486 κατ>

216 1510 344 1588 εἰκόνα,
376 1511 405 1577 εἰ
430 1512 490 1596 χρὴ
521 1507 606 1590 ὅλως
633 1519 734 1596 μέρος
762 1515 882 1597 λέγειν,
913 1514 970 1581 διὰ
997 1514 1039 1580 τὰ
1067 1517 1178 1582 πολλὰ
1199 1515 1266 1582 τὰ5

215 1603 466 1675 ἀντιπίπτοντα
486 1612 527 1694 τῇ
549 1612 615 1674 τῶν
638 1605 831 1694 ἀνθρώπων
854 1611 965 1698 ἰννοίηι
985 1611 1069 1677 κατὰ
1090 1612 1129 1677 τό
1152 1614 1242 1698 ῥῆμα

215 1708 318 1770 τοῦτο
346 1708 399 1770 καὶ
423 1705 538 1787 ἔχοντα
562 1706 753 1827 ζητημάτων
776 1709 921 1793 πληθύν.
962 1701 983 1794 6
1004 1708 1066 1793 γάρ
1088 1708 1241 1796 ποιήσω-

214 1827 279 1915 μεν
300 1801 359 1867 τὸν
381 1797 503 1869 θεὸν“
487 1802 606 1887 ορατόν
628 1829 664 1870 τε
693 1807 747 1870 καὶ
776 1805 979 1887 σωματικὸν,
1010 1807 1105 1889 εἰπερ
1132 1806 1166 1873 ίν
1195 1810 1242 1891 τῶ

215 1900 351 1981 στόματι
371 1897 411 1963 τὸ
426 1925 486 1966 κατ
484 1893 621 1966 ἐἰκόνα
643 1902 831 1987 πληροῦται
853 1906 1048 1986 σωματικῶς
1070 1906 1123 1969 καὶ
1148 1903 1242 1990 ἐσχη-

215 2001 445 2080 ματιομένως,
475 1989 496 2081 6
524 1993 709 2081 ἄνθρωπον
738 2001 787 2082 τῷ
814 2003 887 2084 θεῷ
911 1999 1121 2082 ἐξισούμενον
1143 2025 1241 2067 τουτο
1253 2015 1282 2065 10

218 2092 413 2179 φάσκοντες.
445 2089 551 2159 διὸ’
515 2117 553 2158 ου
567 2093 625 2180 χρὴ
642 2094 778 2173 πάντως
794 2091 832 2178 όρ
835 2090 961 2176 ίζειν”
940 2123 960 2182 η
977 2098 1243 2180 διισχυρίζεσθαι

216 2189 254 2257 ἐν
277 2197 367 2276 ποίῳ
388 2195 481 2273 μέρει
502 2189 541 2255 τό
562 2186 631 2257 κατ’
657 2191 767 2258 εἰκόνα
789 2194 984 2278 πληροῦται,
1027 2189 1095 2258 άλλ
1122 2189 1243 2276 ὁμολο-

187 2297 291 2373 ίὶγεῖν
311 2289 372 2370 μὲν
393 2288 431 2352 τὸ
453 2284 520 2353 κατ’
547 2288 656 2355 εἰκόνα
679 2282 765 2355 εἶναι
787 2288 820 2355 ἒν
842 2293 889 2375 τῷ
913 2285 1096 2375 ἀνθρώπῳ,
1121 2290 1176 2355 ἵνα
1197 2290 1242 2377 μὴ

215 2384 279 2471 τὴν
300 2385 394 2467 χάριν
416 2388 475 2450 τοῦ
498 2387 582 2451 θεοῦ
602 2380 820 2471 άθετησωμεν
834 2388 889 2452 καί
905 2383 1142 2473 άπιστήσωμεν
1158 2390 1240 2472 θεῷ.

217 2478 286 2549 ὅσα
307 2484 368 2565 μὲν
389 2481 449 2566 γάρ
473 2478 597 2567 λέγει’
582 2506 599 2546 ο
622 2481 721 2561 θεὸς,
750 2485 854 2547 ταῦτα
882 2477 993 2569 ἀληθῆ
1015 2481 1182 2567 τυγχάνει,
1214 2483 1243 2550 εἰ
1254 2497 1282 2546 15

215 2605 273 2646 και
298 2578 487 2678 ἐξέφυγε
453 2606 512 2666 την
535 2574 627 2664 ἡμῶν
650 2580 779 2646 ε’ννοιαν
803 2578 836 2645 ἰν
852 2574 976 2697 ὀλίγοις
993 2580 1123 2696 λόγοις.
1144 2574 1244 2665 6666-

219 2770 318 2859 ἁγίας
333 2776 393 2838 τοῦ
408 2777 492 2840 θεοῦ
508 2773 638 2859 ίκκλησί
640 2799 687 2852 ας.
715 2774 786 2840 ἰστι
808 2772 900 2858 760,
891 2777 960 2852 πᾶς
982 2773 1167 2857 ἅνθρωπος
1183 2797 1243 2841 σα-

220 2874 296 2957 φῶς
318 2864 385 2935 κατ’
411 2870 529 2948 εἰκόνα,
552 2873 606 2936 καί
629 2866 739 2948 οὐδεὶς
760 2874 826 2937 τῶν
848 2870 988 2953 ἐχόντων
1011 2871 1059 2949 εἰς
1079 2870 1163 2937 θεὸν
1184 2870 1243 2956 τὴν

219 2968 346 3037 ἐλπίδα
367 2963 554 3054 ἀρνήσεται,
578 2968 607 3033 εἰ
623 2967 668 3053 μὴ
685 2965 725 3032 όὶν
740 2991 827 3046 τινες
842 2967 974 3046 ἑαυτοῖς
988 2967 1120 3050 μόθους
1134 2968 1284 3034 uado-w

220 3087 340 3133 σουσιν
362 3064 597 3150 ἐκβαλλόμενοι
619 3068 677 3151 τῆς
700 3064 871 3150 ἐκκλησίας
893 3067 946 3130 καὶ
969 3068 1027 3150 τῆς
1048 3067 1114 3130 τῶν
1141 3070 1244 3130 πατί-

220 3187 292 3248 ρων
320 3160 354 3228 ἐκ
382 3164 567 3249 προφητῶν
595 3186 631 3228 τε
659 3163 714 3227 καί
743 3160 845 3242 νόμον
874 3164 929 3226 καί
959 3156 1157 3227 ἀποστόλων
1191 3159 1246 3224 καὶ

192 3255 461 3344 οεῦαγγελιστιῦν
483 3257 712 3343 παραδόσεως.

309 3363 339 3424 3.
362 3352 461 3423 Ὥστε
483 3378 540 3422 σιν
563 3354 683 3421 ἐκεῖνοι
704 3352 969 3441 φιλονεικότερον
993 3353 1027 3420 ἐν
1048 3351 1155 3467 τούτῳ
1174 3352 1247 3417 δια-

218 3461 368 3539 κείμενοι
390 3453 482 3531 ἐκτός
503 3454 559 3518 καί
581 3447 675 3519 αῦτοί
696 3458 851 3537 βαίνουσι
872 3453 931 3567 της
952 3449 1035 3517 κατὰ
1061 3448 1119 3565 την
1136 3448 1246 3533 ἓκκλη-
1255 3462 1287 3514 26

221 3548 397 3636 σιαστικην
420 3546 589 3616 ὑπόθεσιν
612 3551 841 3636 παραδόσεως,
864 3550 922 3634 τῆς
938 3546 1160 3634 πιστευούσης
1174 3542 1242 3613 κατ’

223 3647 336 3716 εἰκόνα
364 3649 425 3730 μὲν
453 3641 538 3714 εἶναι
565 3646 676 3713 πάντα
705 3645 905 3729 ἄνθρωπον,
934 3644 978 3731 μὴ
1010 3642 1130 3729 ὁρίζειν
1153 3643 1246 3711 δὲέν

220 3753 316 3831 ποίῳ
343 3750 496 3811 τέτακται
521 3743 560 3810 τὸ
581 3739 649 3811 κατ’
676 3741 801 3820 εἰκόνα,
829 3743 913 3829 μήτε
934 3741 1074 3825 ἐχόντων
1095 3744 1162 3806 τῶν
1184 3765 1247 3821 μυ-

221 3810 350 3920 θωόιῦς
378 3842 604 3925 περὶτούτων
627 3838 935 3922 διαλαμβανόντων,
966 3834 1022 3906 εἰτ’
1048 3827 1105 3904 σῦν
1129 3832 1247 3919 άρνου·

221 3947 350 4027 μένων,
382 3940 497 4018 δεῖξαι.
539 3938 652 4021 οἱμὲν
674 3936 736 4023 γὰρ
759 3935 1139 4050 λέγουσινέντῇψρχῇ
1161 3934 1247 4018 πλη·
1255 3943 1287 3994 30

222 4041 375 4124 ροῦσθαι
395 4036 435 4102 τό
456 4030 661 4113 κατέἰκόνα,
685 4033 873 4116 νομίζοντες
894 4031 934 4098 τὸ
956 4032 1039 4098 κατὰ
1060 4030 1118 4117 τὴν
1141 4030 1247 4115 σάρκα

187 4135 327 4222 ιιμόνον
349 4136 618 4252 συλλογίσασθαι
640 4132 818 4208 δύνασθαι,
848 4127 904 4196 καὶ
926 4123 984 4195 οῦκ
1001 4129 1114 4196 ἰ’σασιν
1129 4128 1163 4193 02
1177 4153 1249 4194 τοι-

221 4238 319 4303 οῦτοι
348 4228 402 4298 ῦτι
428 4229 468 4301 τὸ
487 4229 571 4298 κατὰ
592 4228 699 4317 ψυχὴν
724 4227 964 4312 συλλογίζεται,
997 4225 1027 4293 εἰ
1047 4223 1106 4312 χρὴ
1129 4225 1249 4292 συλλο-
