2867 5084
1006 579 1016 595 0

586 985 693 1039 mn.
711 990 910 1041 τινιινειοι.
1194 981 1255 1043 325

230 1137 306 1206 ἐστι
327 1139 381 1203 καί
403 1136 443 1202 τὸ
464 1141 522 1225 τής
544 1145 668 1227 σοφίας
700 1137 805 1222 δνομα
833 1145 946 1208 πᾶσαν
969 1143 1097 1209 ίννοιαν
1119 1142 1256 1222 πάθους

231 1231 445 1303 ἀποκλεῖσαι.

321 1340 371 1400 32.
405 1327 509 1399 Ἀλλὰ
537 1344 600 1399 ποῖ
628 1334 804 1420 φερόμεθα
833 1332 876 1420 μή
905 1336 1163 1422 μνημονεύοντες
1195 1340 1256 1403 τοῦ

199 1431 392 1508 εείπόντος
415 1420 463 1496 ’κδ
484 1431 595 1514 βάθος
617 1433 764 1497 πλουτου
786 1435 839 1495 καί
857 1438 980 1518 σοφίας
993 1433 1146 1518 γνώσεως
1159 1439 1253 1514 θεοῦ,

231 1523 280 1606 ιδς
303 1521 534 1613 δυεξερεύνήτα
561 1528 604 1595 τὰ
630 1536 773 1611 κρίματα
801 1524 902 1593 αὑτοῦ
931 1533 984 1595 καί
1015 1527 1279 1613 ἂνεξιχνίαστοιῖν

231 1627 269 1691 αί
292 1620 364 1690 ὁδοί
382 1620 511 1690 αἰτοῦ.”
540 1627 653 1707 ίχομεκ
675 1625 737 1710 γὰρ
761 1624 961 1691 διδάσκαλον
983 1625 1022 1692 τὸ
1045 1632 1176 1710 πνεῦμα
1196 1632 1256 1714 τῆς

231 1717 406 1805 ἀληθείας,
425 1720 442 1787 ὃ
459 1723 577 1788 ἔδωκεν
594 1718 671 1808 ήμῖν
688 1720 705 1788 ὁ
722 1720 833 1806 κύριος
847 1722 930 1803 μετὰ
945 1723 1003 1810 τήν
1027 1725 1074 1802 είς
1096 1721 1257 1808 οὐρανοὺς

231 1815 402 1904 ἀνάληψιν
416 1821 491 1885 ’θνα
504 1821 626 1902 ἰ’δωμεν
641 1821 684 1886 τὰ
701 1816 768 1885 ὑπὸ
779 1822 838 1884 τοῦ
850 1824 934 1887 θεοῦ
945 1829 1150 1905 χαρισθέντα
1164 1819 1253 1910 ήμῖν,

229 1917 267 1984 ίν
282 1907 312 2003 ᾦ
325 1920 378 1983 καί
396 1918 567 2000 λαλοῦμεν,
585 1914 642 1983 οἰκ
658 1918 692 1984 ἐν
709 1920 877 1996 διδακτοῖς
900 1914 1116 2008 ἀνθρωπίνης
1132 1927 1256 2009 σοφίας

229 2014 354 2100 λόγοις,
379 2009 448 2079 ἀλλ’
468 2014 502 2080 ἐν
525 2016 693 2092 διδακτοῖς
715 2019 773 2079 τοῦ
797 2014 993 2098 πνεύματος,
1020 2030 1255 2101 πνευματικοῖς
1267 2034 1295 2084 ιο

227 2113 438 2196 πνευματικὰ
461 2120 694 2196 συγκρίνοντες,
719 2113 752 2179 ἕν
769 2102 796 2196 ᾧ
814 2113 1011 2197 λατρεύομεν
1033 2119 1087 2181 καί
1110 2140 1256 2200 προσκυ-

229 2212 379 2292 νοῦμεν.”
401 2209 454 2275 διὸ
470 2204 702 2292 ἆτιμαζδμεθα
714 2211 748 2276 ἐν
764 2199 791 2295 ᾦ
806 2214 979 2297 προφῆται
992 2211 1254 2298 προεφήτευσαν,
1342 2228 1344 2233 ’

230 2307 266 2374 ἐν
288 2297 317 2392 ᾦ
341 2308 465 2373 δίκαιοι
480 2303 709 2394 ὡδήγήθήσαν,
735 2304 776 2373 δί
800 2296 839 2371 οὗ
855 2309 1099 2392 προσαγόμεθα
1119 2312 1166 2392 τῷ
1182 2309 1253 2393 υίῷ.

204 2400 318 2479 υδιλλδι
331 2400 366 2469 τί
388 2406 729 2490 πολυπραγμονοῦμεν
750 2403 793 2470 τὰ
815 2408 872 2490 τής
895 2405 1044 2490 φύσεως,·
1066 2405 1110 2490 μή
1133 2405 1194 2489 γὰρ
1210 2402 1256 2484 ιδς

231 2512 411 2584 σαρκικοῖς,
436 2497 504 2567 ἀλλ’
523 2498 580 2583 οὐχ
603 2497 648 2579 ὡς
669 2512 906 2584 πνευματικοῖς
928 2502 1154 2587 διαλεγόμεθα
1161 2532 1172 2584 ,·
1201 2497 1252 2570 ἐπ’
1267 2520 1294 2570 15

232 2597 343 2666 ἄλλων
365 2599 426 2683 γὰρ
449 2600 576 2684 είρήται
600 2596 653 2664 ὅτι
676 2595 736 2663 “οδ
760 2598 932 2683 δυνάμεθα
953 2597 1030 2683 ὑμῖν
1047 2601 1189 2685 λαλῆσαι
1211 2596 1256 2679 ὥς

232 2706 479 2778 πνευματικοῖς,
514 2691 582 2761 ἀλλ’
609 2692 654 2774 ιδς
683 2700 879 2779 σαρκικοῖς.”
926 2698 1000 2776 δέος
1022 2697 1083 2781 γάρ
1112 2698 1183 2763 ε’στι
1210 2697 1255 2783 μή

232 2819 307 2872 πως
330 2793 364 2858 ἔκ
386 2797 444 2878 τής
465 2797 531 2858 τῶν
555 2788 796 2877 ἀκαταλήπτων
819 2795 1023 2880 φιλονεικίας
1045 2798 1097 2860 καί
1116 2799 1174 2881 τῆς
1188 2799 1255 2860 τῶν

233 2886 418 2979 δνεφίκτων
448 2890 610 2976 ζητήσεως
644 2891 690 2968 είς
722 2890 830 2974 γίυθὸν
864 2887 1018 2976 ἀσεβείας
1047 2893 1252 2973 ίμττίσωμεν.

233 2991 307 3055 *καί
337 2982 433 3064 εἶπα,
463 2988 738 3073 σοφισθήσομαι,
777 2997 830 3053 καί
861 2983 941 3074 αὐτή
971 2988 1159 3072 ίμακρδνθή
1189 2983 1295 3058 ἀπ’το

233 3086 313 3169 ἐμοῦ
336 3080 420 3168 ὗπὲρ
445 3083 463 3149 ὃ
486 3074 533 3168 ήν,
556 3090 609 3150 καί
632 3085 725 3169 βαθὺ
746 3085 866 3169 βάθος,
894 3093 945 3164 τίς
967 3083 1096 3171 εὑρήσει
1118 3083 1255 3170 αὐτήν,·”

232 3182 509 3271 μνήμονεύσωμεν
531 3181 592 3267 γὰρ
615 3185 673 3247 τοῦ
698 3183 861 3260 εἰπόντος,
886 3182 941 3248 “ίκ
962 3189 1082 3266 μέρους
1097 3182 1255 3266 γινώσκο-

184 3306 290 3365 ιιμεν
317 3283 372 3346 καί
402 3279 436 3346 ἐκ
465 3284 586 3363 μέρους
615 3278 901 3364 προεφήτεύομεν,
936 3275 1015 3343 ὅταν
1044 3277 1080 3343 δὲ
1110 3278 1193 3364 ἔλθῃ
1216 3277 1254 3342 τὸ

232 3381 367 3456 τίλειον,
390 3378 467 3444 τότε
488 3377 527 3442 τὸ
543 3378 576 3442 ἐκ
591 3383 710 3459 μέρους
726 3374 1023 3462 καταργηθήσεται.
1054 3375 1087 3441 εί
1099 3399 1151 3452 τις
1165 3376 1256 3442 δοκεῖ

232 3475 418 3560 γινώσκειν,
453 3473 549 3540 οίίπω
578 3475 659 3558 ίγνω
690 3472 806 3550 καθώς
839 3474 891 3538 δεῖ
922 3474 1071 3556 γνῶναι.”
1112 3471 1168 3538 καί
1198 3472 1295 3545 διὰτσ

231 3576 331 3639 τοῦτο
354 3573 429 3650 δέος
451 3570 521 3638 ἐστὶ
543 3571 586 3656 μή
610 3596 684 3650 πως
705 3569 896 3655 βιαζόμενοι
919 3571 1023 3655 λέγειν
1046 3572 1124 3653 περί
1148 3558 1193 3635 ὧν
1216 3564 1253 3635 οὗ

233 3669 415 3754 δυνάμεθα.
447 3669 481 3735 ἐκ
504 3676 649 3746 πίστεως
670 3667 731 3754 γὰρ
756 3668 807 3733 δεῖ
829 3668 951 3746 λαλεῖν,
974 3661 1032 3733 οδκ
1055 3667 1088 3732 ἐκ
1110 3670 1177 3733 τῶν
1195 3669 1255 3732 λα-

232 3767 399 3851 λουμένων
421 3765 600 3833 πιστεύειν.
646 3767 829 3831 ἐπίστευσα
854 3763 933 3849 γὰρ,
967 3767 1066 3852 φησί,
1096 3764 1150 3829 διὸ
1179 3763 1255 3829 ἐλά-

233 3865 324 3953 λήσα.
363 3861 443 3930 ὅταν
465 3854 522 3929 οὖν
544 3863 584 3929 τὸ
605 3865 665 3948 μὲν
688 3865 764 3945 περὶ
787 3865 846 3948 τής
868 3864 991 3940 οἰκείας
1012 3860 1192 3946 γεννήσεως
1208 3860 1253 3946 μή

234 3962 408 4046 δυνάμενοι
430 3958 688 4048 ἀποφαίνεσθαι
702 3959 1008 4043 ττεριεργαζώμεθα,
1031 3960 1086 4024 καί
1105 3958 1297 4044 φιλονει-οσΙ

232 4068 298 4127 νεῖν
321 4059 540 4142 ἐπιχειρῶμεν
570 4061 645 4140 περὶ
675 4061 734 4143 τής
762 4059 820 4121 τοῦ
847 4058 930 4122 θεοί·
952 4053 1145 4140 γεννήσεως,
1179 4056 1254 4132 πῶς

234 4151 271 4223 οδ
292 4157 369 4235 δίας
392 4155 462 4222 ἐστὶ
483 4154 528 4242 μή
552 4179 627 4233 πως
649 4150 666 4219 δ
691 4153 803 4231 διδοὺς
826 4147 863 4218 οδ
886 4150 988 4235 μόνον
1009 4152 1156 4236 γλῶτταν
1171 4173 1254 4215 παι-

193 4253 331 4334 Μαίας,
356 4248 443 4319 ἀλλὰ
463 4258 517 4319 καί
539 4254 662 4337 γνῶναι
683 4247 780 4336 ήνίκα
802 4251 854 4317 δεῖ
876 4249 984 4316 είπεῖν
1012 4247 1120 4332 λόγον,
1152 4270 1257 4312 κατα·

1178 4480 1362 4594 ,ι
