2867 5084
498 963 619 1017 Lxle.
637 967 829 1018 Αυονιοιοι.
1111 961 1173 1022 425

149 1115 382 1202 συλλογιστικῆ
415 1122 530 1195 πίστις
563 1114 617 1183 καὶ
648 1116 744 1195 ἐλπὶς
776 1121 830 1185 καὶ
864 1113 975 1205 ἀγάπη
1012 1121 1096 1188 κατὰ
1133 1122 1175 1189 τὸ

148 1219 381 1299 γεγραμμένον.

235 1310 295 1395 κβ.
332 1311 375 1376 Εἰ
396 1313 492 1377 πᾶσα
515 1306 612 1376 οῦσία
635 1311 724 1379 ἐστίν
748 1308 931 1398 ἀγέννητος,
963 1314 1019 1379 σία
1048 1310 1065 1400 ῆ
1089 1318 1173 1382 θεοῦ

148 1407 427 1494 παντοκράτορος,
451 1411 525 1486 πῶς
548 1403 587 1473 ἀν
608 1408 666 1495 τῆν
689 1411 748 1491 μὲν
771 1410 929 1496 παθητῆν
946 1410 1013 1492 ἐρεῖ
1028 1437 1088 1490 τις,
1112 1413 1172 1499 τῆν

119 1506 188 1572 cd&
222 1500 361 1588 ἀπαθῆς
401 1505 430 1572 εἰ
459 1506 494 1571 δὲ
524 1506 655 1591 φάσεως
685 1502 916 1591 ἀποκληρώσει
944 1502 1119 1593 ἀγεννῆτου
1152 1507 1198 1594 ῆε

147 1604 210 1686 μὲν
234 1604 381 1686 διαμένει
403 1601 591 1687 ποσότητος
619 1605 672 1668 καὶ
696 1604 876 1689 ποιότητος
903 1607 955 1669 καὶ
986 1600 1103 1683 ἁπλῶς
1125 1606 1172 1672 εί-

148 1711 229 1767 πεῒν
262 1699 372 1786 πάσης
404 1702 589 1784 μεταβολῆς
619 1695 777 1782 ἀμείνων,
811 1698 829 1788 ῆ
859 1704 894 1768 δὲ
918 1705 1042 1767 παθῶν
1070 1699 1175 1769 ὑπεύ·

146 1798 256 1874 θυνός
283 1797 368 1876 ἔστι,
408 1803 660 1883 συγχωρηθεῖσα
692 1797 748 1863 διὰ
775 1799 813 1863 τὸ
843 1796 1098 1882 ἀπαράλλακτον
1127 1799 1174 1878 εἰς

148 1889 268 1961 σῦσίαν
302 1895 386 1978 ἔχειν
418 1898 465 1980 τῷ
500 1890 675 1980 αὐτομάτῳ
710 1895 892 1980 ἐπιτρέψαι
921 1896 978 1961 τὸν
1010 1898 1173 1984 φιλοῦντα

147 1990 235 2058 κατὰ
254 1991 296 2057 τὰ
317 1999 555 2077 προειρημένα,
589 1986 610 2075 ῆ
638 1991 676 2056 τὸ
704 1997 781 2075 γοῦν
811 1990 998 2059 ἀκόλουθον
1026 1993 1083 2079 τῆν
1112 1997 1172 2077 μὲν
1183 2011 1212 2061 10

146 2091 317 2155 ποιοῦσαν
340 2085 512 2174 ἀγέννητον
536 2088 658 2167 εἰπεῖν,
693 2091 845 2180 γεννητὴν
869 2092 905 2156 δὲ
926 2091 984 2176 τῆν
1006 2094 1172 2177 μεταβαλ-

147 2187 300 2271 λομένην.

114 2310 134 2359 n
234 2277 432 2368 Ἀνατροπῆ.
479 2293 505 2349 1.
542 2281 588 2349 Οά
619 2286 732 2350 πᾶσαν
768 2281 885 2350 οὐσίαν
918 2279 1003 2351 εἶναι
1036 2288 1171 2369 λέγομεν

147 2376 333 2465 ἀγέννητον,
358 2377 433 2446 οῦδὲ
456 2384 569 2446 πᾶσαν
592 2379 626 2447 ἐκ
648 2385 731 2447 θεοῦ
754 2381 916 2468 γεννητὴν,
945 2378 997 2449 ὅτι
1021 2379 1038 2448 ὁ
1060 2385 1172 2470 γεννῆ-

146 2501 212 2556 σας
233 2477 290 2544 τὸν
308 2478 342 2557 ἐξ
356 2472 456 2553 αὐτοῦ
472 2484 709 2563 γεγεννημένον,
733 2482 786 2544 καί
804 2474 1006 2558 ἀποστείλας
1022 2480 1056 2560 έξ
1071 2477 1171 2550 αὐτοῦ
1182 2499 1211 2548 15

144 2574 189 2641 τὸ
211 2571 304 2659 ἅγιον
327 2579 457 2658 πνεῦμα
480 2570 589 2653 αὐτοῦ,
614 2579 745 2659 πνεῦμα
767 2579 833 2642 τιῦν
855 2579 914 2640 τοῦ
937 2577 1009 2642 υἱοῦ
1024 2586 1169 2661 μετέχον,

147 2666 189 2738 οῦ
211 2671 340 2749 πάντας
362 2672 537 2758 ἐγέννησεν,
570 2667 637 2737 ἀλλ’
664 2673 731 2752 ἕνα,
763 2673 815 2739 διὸ
837 2675 1036 2761 μονογενὴς,
1059 2679 1112 2742 καί
1137 2679 1171 2742 ἓν

146 2770 186 2848 ἐξ
207 2764 307 2835 αῦτοῦ
330 2765 532 2848 ἀπέστειλεν,
558 2772 611 2836 διὸ
635 2767 728 2856 ἀγιον
751 2775 891 2853 πνεῦμα,
914 2773 1033 2855 ιἔκτισε
1056 2775 1092 2839 δὲ
1115 2773 1172 2839 διά

144 2870 208 2932 τοῦ
231 2866 303 2945 ένὸς
324 2870 377 2933 καὶ
401 2867 597 2950 ἐστερέωσεν
621 2867 654 2933 έν
676 2872 724 2952 τῷ
748 2868 793 2934 ένὶ
817 2865 894 2946 τοῦς
916 2869 1054 2948 πάντας,
1093 2870 1171 2949 τοῦς

144 2965 208 3047 μὲν
231 2968 410 3049 γεννῶντας
432 2965 486 3029 καὶ
508 2963 592 3046 μετὰ
614 2972 720 3031 κτίσιν
743 2972 1000 3051 γεγεννημένους,
1035 2968 1112 3046 τοῦς
1135 2969 1213 3034 δλῖο

145 3067 355 3140 κτισθέντας,
378 3061 460 3145 μήτε
481 3065 661 3145 γεννῶντας
682 3062 764 3148 μῆτε
790 3070 1047 3147 γεγεννημένους.
1083 3064 1170 3129 πολὺ

85 3159 190 3231 aas&
209 3153 390 3245 ἀφέστηκεν
418 3154 437 3243 ῆ
461 3155 614 3236 ἀκτιστος
642 3162 700 3244 τῆς
729 3159 864 3242 τριάδος
886 3155 983 3225 οὐσία
1006 3164 1072 3226 τῶν
1101 3155 1170 3225 ἀπὸ

145 3258 206 3340 τῆς
226 3256 362 3339 τριάδος
383 3262 596 3334 κτισθέντων,
621 3255 675 3319 καὶ
699 3250 757 3320 σῦκ
780 3250 848 3320 ἀπὸ
871 3258 929 3340 τῆς
943 3255 1077 3339 τριάδος
1098 3281 1171 3340 γεν-

144 3359 326 3439 νηθέντων.
365 3352 419 3419 διὸ
448 3356 511 3435 ἔχει
540 3349 559 3439 ῆ
583 3351 678 3436 τριάς
705 3351 744 3416 τὸ
773 3347 908 3430 ἀπαθὲς
940 3355 992 3418 καί
1018 3347 1170 3436 ἀπαράλ-

145 3452 276 3528 λακτον,
299 3450 342 3516 τά
364 3453 400 3516 δὲ
422 3450 532 3516 πάντα
554 3448 596 3515 τὰ
618 3448 701 3531 μετὰ
724 3448 782 3535 τῆν
811 3450 930 3534 τριάδα
953 3449 1063 3518 πάθει
1086 3447 1212 3520 ἀπο-25

144 3553 295 3629 κείμενα,
330 3548 360 3615 εί
382 3548 426 3632 μῆ
455 3573 489 3612 τι
518 3541 557 3612 ἀν
587 3548 727 3628 δωροῖτο
758 3542 938 3634 ὃάπαθῆς
967 3548 1005 3613 τὸ
1034 3546 1171 3627 ἀπαθές

146 3643 208 3711 διὰ
228 3649 285 3731 τῆς
307 3640 512 3733 ἀφθαρσίας,
548 3639 598 3721 οἷς
626 3642 782 3729 βούλεται
810 3646 894 3712 κατά
924 3647 1049 3729 δωρεάν
1076 3654 1172 3731 χαρί-

145 3749 280 3810 σασθαι
302 3737 474 3829 ἀφθόνως.
506 3736 564 3806 οῦκ
586 3742 696 3822 έχουσι
720 3744 755 3808 δὲ
778 3742 816 3807 τὸ
837 3741 1015 3829 ἄφθαρτον
1031 3742 1067 3821 ἐξ
1081 3739 1171 3808 ἀσω-

144 3839 253 3925 μάτου
276 3839 417 3926 φάσεως,
442 3831 510 3903 ἀλλ’
529 3838 564 3916 ἐξ
586 3833 757 3924 ἀφθονίας
778 3843 836 3904 τοῦ
853 3835 984 3923 ἀγαθοῦ
1007 3843 1059 3904 καί
1080 3835 1170 3905 ἀπα-

145 3940 233 4015 θοῦς
254 3939 350 4004 θεοῦ.
387 3934 523 4020 καὶγὰρ
547 3932 682 4002 οῦτετὸ
711 3945 840 4001 παθεῖν
868 3934 926 4001 τδν
954 3938 1112 4020 μονογενῆ
1136 3934 1210 4001 ένυο

145 4037 243 4118 σαρκί
265 4033 383 4112 πάθος
405 4043 634 4115 περιποιεῖται
656 4036 694 4118 τῆ
719 4027 819 4097 αὐτοῦ
839 4031 986 4117 θεότητι,
1010 4039 1120 4097 καίτοι
1134 4058 1170 4118 γε

146 4131 182 4211 ἐξ
202 4126 370 4218 ἀληθινῆς
391 4126 569 4215 ὁμολογίας
594 4129 833 4211 πιστευόμενον
863 4124 932 4194 ἀπὸ
960 4132 1018 4213 τῆς
1047 4123 1170 4213 ἀληθι-

144 4232 203 4315 νῆς
224 4235 383 4308 πίστεως,
414 4223 467 4293 ὅτι
489 4232 663 4292 πέπονθεν
687 4221 704 4292 ὁ
728 4221 867 4311 ἀπαθὴς
889 4222 971 4303 θεὸς
994 4218 1040 4290 ιῦν
1061 4226 1167 4312 λόγος.
