2867 5084
267 926 331 987 434
498 937 705 987 ιειιιοιιιιον
721 936 817 986 xm
836 936 1022 984 ιιεεεειια
1037 937 1067 983 ν.

260 1112 330 1165 τως
356 1086 412 1154 καὶ
440 1082 586 1164 ἀπαθῶς
613 1086 813 1173 γεννησάσης
845 1086 903 1150 τὸν
930 1087 1106 1170 μονογενῆ,
1141 1079 1297 1167 ἀχρόνως

262 1183 318 1251 καὶ
341 1181 497 1268 ἀνάρχως,
521 1187 572 1249 καί
598 1183 633 1262 ἐξ
653 1179 754 1270 αάτής
776 1183 995 1269 ἐξαγαγούσης
1010 1182 1048 1248 τὸ
1070 1178 1167 1265 ἀγισν
1186 1186 1294 1250 πνεῦ-

261 1307 317 1364 μα,
341 1285 396 1347 καὶ
419 1276 476 1346 οὐκ
499 1281 534 1360 ἐξ
555 1277 612 1346 οάκ
636 1279 749 1359 ὄντων,
774 1283 891 1367 σαιγιῖις
914 1280 947 1346 ἐν
970 1283 1010 1366 τή
1028 1275 1106 1365 ἁγίᾳ
1121 1282 1292 1366 καθολικῇ

263 1376 416 1465 ἐκκλησίᾳ
439 1373 632 1463 ὂρθοὸόξως
655 1374 833 1460 ὁμσσύσιος
855 1374 983 1462 ήτριάς
998 1375 1203 1493 κηρήττεται,
1228 1404 1292 1490 μη-

239 1473 356 1553 οιλενὸς
386 1479 452 1542 τῶν
479 1482 696 1560 κεκτισμένων
725 1476 906 1590 δυναμένου
933 1480 981 1580 τιή
1012 1471 1150 1558 ὀνόματι
1178 1474 1319 1560 τούτηιι)

262 1574 451 1651 καλεῖσθαι,
477 1573 533 1639 διὰ
554 1573 594 1638 τὸ
615 1571 698 1659 μήτε
719 1572 803 1637 κατὰ
826 1570 927 1658 φύσιν
951 1567 1036 1639 εἶναί
1057 1598 1090 1637 τι
1106 1568 1229 1656 ὅμοιον
1243 1575 1290 1656 τῷ

262 1681 434 1754 μονογενεῖ
466 1674 518 1735 καί
542 1695 589 1754 τιι
612 1666 695 1755 ἀγίηι
718 1668 883 1787 πνεήματι
907 1669 989 1756 μήτε
1000 1654 1093 1736 κατὰ
1114 1669 1154 1734 τὸ
1175 1676 1288 1790 σέβας).

261 1765 304 1831 τά
331 1769 390 1847 μὲν
424 1767 484 1849 γάρ
515 1767 604 1833 ἐστιν
637 1767 672 1845 ἐξ
700 1791 758 1832 οοκ
788 1764 892 1832 ὄντων
920 1774 1128 1849 κεκτισμέια,
1162 1770 1222 1833 καὶ
1251 1762 1290 1832 οὗ

261 1864 481 1945 προσκυνητά,
504 1860 523 1949 ή
547 1865 582 1928 δὲ·
605 1865 699 1947 τριάς
722 1860 774 1931 ἀεί
797 1864 896 1943 ε’στιν,
922 1860 940 1930 ὁ
962 1864 1072 1950 πατήρ
1099 1863 1212 1950 πανήρ
1235 1870 1290 1929 τί-

223 1959 359 2037 ίολειος,
382 1959 438 2025 καὶ
461 1956 478 2024 ὁ
501 1960 572 2037 ὐίὸς
595 1962 665 2039 υἱὸς
687 1963 812 2040 τέλειος
834 1963 867 2028 ἐκ
883 1963 1010 2045 πατρὸς
1025 1964 1208 2049 γεννηθείς,
1233 1968 1287 2026 καὶ

259 2056 300 2126 τὸ
322 2061 453 2138 πνεῦμα
474 2057 513 2122 τὸ
539 2054 632 2140 ἅγιον
655 2062 786 2142 πνεῦμα
808 2060 933 2126 τέλειον
957 2059 990 2126 ἔκ
1012 2058 1140 2143 πατρὸς
1162 2061 1290 2141 προελ·

259 2156 327 2223 &bv
348 2158 401 2220 καί
425 2159 483 2220 τοῦ
507 2156 578 2220 οίσῦ
603 2157 780 2240 λαμβάνον.
825 2160 880 2223 καὶ
902 2156 1013 2223 πάντα
1034 2152 1113 2242 ἡμῖν
1137 2156 1289 2242 φωτεινὰ

260 2253 303 2319 τὰ
330 2256 388 2338 τής
415 2259 513 2331 θείας
540 2257 669 2340 γραφῆς
698 2263 751 2319 καὶ
775 2255 817 2320 τά
839 2259 896 2340 τής
919 2251 1014 2338 ἁγίας
1036 2261 1201 2332 πίστειος,
1232 2258 1287 2319 καὶ

261 2344 356 2416 οὐδὲν
379 2351 522 2430 σκολιὸν,
546 2345 566 2436 ή
589 2350 747 2429 ἐναντίον,
770 2347 791 2435 ἢ
814 2354 1085 2437 στραγγαλιῶάες.

223 2465 251 2515 15
345 2447 410 2513 κδ’.
446 2448 488 2513 Εἰ
516 2452 555 2533 τῇ
586 2452 643 2513 τοῦ
671 2448 871 2533 γεννήματος
898 2446 996 2536 οὐσίᾳ
1025 2457 1337 2535 σονεμφαίνετοισῖσ

261 2541 306 2622 ὡς
329 2541 419 2609 αἰτία
441 2540 460 2629 ή
485 2540 658 2630 ἀγέννητσς
686 2543 887 2625 ὑπόστασις,
922 2548 1004 2613 κατὰ
1033 2548 1143 2632 πάσης
1173 2548 1286 2627 αἰτίας

258 2640 297 2706 τὸ
321 2637 575 2723 ἀπαράλλακτον
605 2643 732 2722 ἐ’χοασα,
762 2639 942 2710 αὖτοουσία
965 2650 1054 2711 ἐστὶν
1077 2641 1284 2762 ἀσύγκριτος,

260 2732 318 2804 οὐκ
355 2738 480 2815 ἔξωθεν
518 2747 767 2854 σνγοιγαίνοοσα
804 2741 841 2807 τά
880 2737 1079 2854 ἀπρόσιτον,
1125 2737 1209 2808 αὐτὸ
1250 2745 1285 2810 δὲ

258 2829 467 2917 ὑπάρχουσα,
509 2830 702 2919 ἀσύγκριτος
741 2865 793 2903 και
836 2834 1034 2923 ἀπρόσιτος,
1076 2840 1194 2927 ἐπειδὴ
1230 2867 1284 2908 και

219 2924 441 3017 τοάγέννητος.

340 3023 539 3117 Ἀνατροπή.
571 3031 738 3108 Πολλάκις
760 3034 843 3098 κατὰ
865 3037 930 3099 τῶν
947 3029 1054 3100 αάτιῖιν
1067 3030 1199 3112 Ἀέτιος
1223 3042 1311 3122 (γε’-Β

256 3151 359 3210 ρεται,
394 3123 508 3211 ὥσπερ
537 3131 589 3193 καὶ
620 3124 718 3206 αὐτὸς
746 3132 907 3209 πολλάκις
936 3132 1027 3217 ἐἰγην,
1058 3133 1105 3209 εἰς
1131 3133 1285 3215 κάματον

255 3222 358 3305 μόνον
381 3220 466 3338 ἡμᾶς
489 3232 597 3312 φέρων
621 3230 674 3292 καὶ
698 3222 793 3293 οὐδὲν
809 3230 1055 3343 περισσότερον.
1090 3230 1226 3296 διὸκαὶ
1250 3232 1286 3298 ἐν

255 3323 302 3404 τῷ
332 3321 475 3404 παρόντι
498 3319 637 3409 ἀνάγκην
667 3325 802 3406 ἔσχομεν
832 3330 878 3411 τιῖι
909 3325 1043 3411 καμάτῳ
1071 3334 1288 3411 προσθεῖναι

219 3418 308 3491 τεκαὶ
332 3416 373 3481 τά
395 3413 479 3483 αάτά
501 3431 572 3498 τοῖς
595 3415 708 3499 αὐτοῖς
731 3425 983 3539 δεοτερρλογεῒν,
1018 3423 1203 3510 ἐπειδήπερ
1228 3452 1287 3492 κατ

256 3504 345 3597 αάτιῦ
369 3509 474 3592 οὕτως
497 3518 615 3596 ἔδοξεν.
664 3521 693 3586 εἰ
722 3521 782 3604 γάρ
805 3546 859 3586 και
882 3524 920 3607 τῇ
949 3520 1151 3606 γεννήματος
1181 3518 1288 3612 οὐσίᾳ

255 3618 559 3700 σονεμφαίνεται
540 3610 558 3678 ί
577 3613 766 3733 ἀγέννητος
791 3616 990 3732 γεννήσασα,
1026 3613 1120 3684 οὐδὲν
1157 3621 1288 3690 διοίσει

253 3711 313 3774 τοῦ
337 3703 532 3832 ἀξιάιιατος
545 3716 592 3797 w]
615 3717 729 3796 γεννᾶν
753 3711 770 3779 6
792 3715 953 3800 γεννήτωρ
976 3716 1014 3780 τὸ
1034 3725 1285 3804 γεγεννημένον.

254 3805 290 3884 ξ
311 3829 412 3871 οοτοο
434 3807 495 3892 γάρ
519 3809 685 3894 ἐγέννησεν
709 3806 881 3890 οὖσιωδῶς
903 3817 1033 3896 πνεῦμα
1063 3813 1098 3880 ἐκ
1127 3816 1287 3901 πνεύμα-

215 3923 319 3982 ιοτος,
342 3906 396 3968 καί
419 3902 457 3970 ⁰6
480 3911 577 3991 σῶμα
599 3907 633 3973 ἐκ
655 3906 818 4025 σώματος.
854 3909 908 3976 διὸ
930 3906 1133 3995 ἀσογιρίτως
1157 3937 1285 4000 συνεμ-

254 4006 317 4112 (γαί
318 4024 408 4065 νεται
435 4011 640 4089 σομπρίπων
670 4000 687 4069 6
714 4005 875 4118 γεννήτωρ
903 4011 950 4092 τῷ
972 4015 1197 4120 γεγεννημένῳ
1227 4019 1316 4082 καλε

253 4088 271 4156 6
298 4109 526 4210 γεγεννημένος
554 4128 599 4223 την
627 4101 839 4188 γεγεννηκότι.
883 4103 958 4171 οὔτε
985 4108 1048 4191 γὰρ
1076 4111 1287 4199 προσθήκης

253 4187 413 4257 δεῖται
382 4217 419 4256 το
443 4200 581 4276 θεῖοι,ι
574 4199 627 4264 ίνα
650 4201 734 4266 ποτὲ
756 4202 866 4287 πατήρ
890 4204 1037 4287 κληθείη,
1062 4206 1149 4271 ποτὲ
1168 4206 1275 4274 δὲ
1230 4233 1287 4292 ου,
